981 1703
199 148 45 29 1484
413 150 70 21 Nådiga
495 150 139 22 Propositionen
647 149 35 16 N:o
695 148 28 17 45.

200 201 76 22 silfver;
291 200 39 19 och
343 200 48 19 skali
406 199 118 19 åtminstone
538 197 95 26 tjugufem
647 198 42 24 (25)
704 199 82 24 procent
798 197 17 19 af
825 197 35 19 det
869 197 71 25 grund-

202 227 77 25 kapita!,
296 231 43 14 som
354 226 29 19 för
397 225 74 20 enskild
486 225 50 20 bank
551 224 72 20 varder
637 224 103 25 faststäldt,
751 223 94 20 inbetalas
855 224 5 19 i
872 223 68 20 silfver

202 253 47 20 eller
263 253 5 19 i
283 251 78 20 landets
375 251 88 26 gällande
477 254 63 23 mynt.
710 276 4 3 N

254 279 12 25 $
280 279 19 19 4.
328 278 81 19 Enskild
424 278 62 19 banks
500 277 134 26 grundkapital
649 276 31 21 mä
696 283 25 19 ej,
740 276 21 20 sä
779 277 59 25 länge
854 276 87 20 rörelsen

204 306 74 23 fortfar,
294 310 71 21 genom
380 305 97 25 utdelning
492 305 46 19 eller
552 304 73 19 aktiers
634 303 132 26 äterköpande
777 303 117 20 förminskas
904 303 37 19 och

204 333 44 18 icke
263 332 66 24 heller,
345 331 32 19 vid
392 331 139 25 inrättningens
545 330 114 25 upplösning
673 331 38 18 och
725 330 98 19 rörelsens
833 330 110 24 upphöran-

203 358 31 24 de,
251 357 24 26 pä
291 356 68 20 sådant
373 358 38 18 sätt
425 357 100 19 nedsältas
538 357 5 18 i
557 357 64 18 större
640 355 56 25 män,
718 358 24 17 än
754 358 31 18 att
804 355 114 20 återstoden
936 355 6 19 i

205 385 80 19 kontant
298 384 48 19 eller
359 383 95 25 antagliga
469 383 116 19 säkerheter
599 382 44 20 med
658 382 27 20 tio
700 383 42 24 (10)
757 385 82 23 procent
851 382 93 19 öfversti-

203 417 36 20 ger
252 410 89 21 bankens
354 410 117 25 utelöpande
485 410 37 19 och
536 409 87 26 gällande
637 409 129 19 förbindelser
779 410 20 18 af
812 409 36 19 alla
866 409 48 25 slag.

256 436 11 26 $
281 438 18 18 5.
328 436 81 20 Enskild
424 436 62 20 banks
501 441 48 20 egna
562 436 63 19 aktier
639 435 17 20 få
674 435 44 19 icke
734 435 103 20 Jerstädes
855 435 88 19 hvarken

205 464 123 19 diskonteras
343 462 47 20 eller
405 463 5 18 i
424 462 59 25 något
496 462 30 20 fall
541 461 68 20 såsom
623 461 93 20 säkerhet
730 462 30 19 för
770 461 36 24 län,
819 461 125 20 kassakredi-

204 490 27 18 tiv
245 490 48 20 eller
305 494 64 14 annan
383 489 118 19 förbindelse
515 491 88 23 antagas.

257 516 10 25 $
281 516 19 20 6.
328 516 32 19 Till
375 515 166 26 grundkapitalets
556 514 134 20 förstärkande
704 514 36 20 bör
752 514 96 25 derjemte
858 520 23 14 en
892 514 51 20 skild

206 542 123 21 reservfond,
347 542 5 19 i
370 541 119 21 förhållande
506 542 25 19 till
549 540 99 26 omfånget
664 542 21 18 af
702 541 88 19 bankens
807 541 135 24 verksamhet,

205 570 50 18 efter
268 568 51 20 hand
332 568 63 20 bildas
409 574 71 19 genom
494 568 103 25 afsättning
606 568 20 19 af
635 568 43 19 viss
688 568 57 19 andel
756 568 42 19 utaf
805 568 139 25 inrättningens

205 596 60 25 ärliga
279 595 59 24 vinst,
354 594 78 20 hvilken
447 594 115 20 reservfond
574 594 41 25 mä,
631 594 5 19 i
648 594 93 20 händelse
754 594 20 20 af
782 594 117 20 inträffande
907 594 39 20 för-

205 623 68 24 luster,
289 622 26 19 till
330 621 58 20 deras
401 621 123 20 betäckande
537 621 105 24 användas,
658 627 46 14 men
720 620 16 25 ej
752 621 36 25 får,
804 620 21 20 sä
840 621 55 26 länge
912 621 34 19 ok-

206 648 91 25 trojtiden
311 653 64 20 varar,
391 654 71 19 genom
477 647 62 26 någon:
555 648 199 25 dividend-utdelning
771 647 127 20 förminskas.

259 675 10 24 $
286 675 19 19 7.
336 674 82 20 Enskild
442 674 51 20 bank
513 675 103 18 äfvensom
639 674 47 20 dess
706 674 178 25 afdelningskontor
907 674 37 20 och

205 703 105 23 agenturer
324 700 18 20 få
356 700 71 20 endast
441 700 5 20 i
462 700 43 20 stad
520 701 86 19 inrättas.
883 716 1 3 :

259 727 10 25 $
283 728 19 19 8.
331 727 82 19 Enskild
428 727 52 19 bank
495 726 29 20 får
539 726 17 26 ej
571 727 62 19 drifva
647 726 103 20 industriel
765 727 74 19 rörelse
852 727 49 19 eller
914 731 34 15 an-

207 760 36 13 nan
258 754 75 24 handel,
349 755 23 17 än
388 754 43 19 med
446 754 45 25 guld
505 754 38 19 och
558 753 74 25 silfver,
644 753 28 19 in-
682 754 39 18 och
730 754 76 19 utrikes
818 754 66 19 vexlar
894 755 52 17 samt

207 780 142 20 räntebärande
363 786 81 19 papper.
473 780 22 25 Ej
511 780 60 20 heller
585 779 30 20 fär
628 779 37 20 den
682 786 35 20 ega
735 785 62 14 annan
814 780 94 24 fastighet
922 780 23 18 än

207 806 68 25 sådan,
291 808 44 18 som
349 806 29 20 för
391 807 151 19 bankrörelsens
556 806 128 20 bedrifvande
699 807 36 19 kan
750 812 47 14 vara
811 806 94 25 behöllig.

260 833 10 25 $
285 834 18 19 9.
335 833 36 20 Vill
388 833 76 19 enskild
483 833 60 25 bank,
563 833 44 20 med
625 833 128 26 begagnande
767 834 23 19 af
805 829 86 35 tryckta.
896 833 51 19 eller

207 860 108 25 graverade
329 860 115 23 blanketter,
460 860 72 25 utgifva
547 860 141 20 räntebärande
702 860 177 25 läneobligationer,.
894 860 54 19 ställ-

208 887 23 19 da
246 886 25 20 till
287 886 138 20 innehafvaren
439 887 46 19 eller
500 886 26 20 till
543 887 40 19 viss
598 892 43 13 man
656 887 47 19 eller
716 886 76 25 ordres,
808 886 22 20 så
842 886 36 20 bör
887 886 59 20 skillt

208 913 101 25 hypothek
321 912 28 20 till
364 913 41 19 fullt
419 913 140 19 motsvarande
573 913 71 25 belopp
657 913 80 19 anvisas
751 914 40 18 och
804 914 4 18 i
819 914 80 19 allmänt
908 912 38 20 för-

209 945 34 13 var
257 939 100 20 nedsättas
371 942 52 16 samt
436 939 84 20 tillstånd
541 940 26 19 till
589 940 65 26 dylika
676 940 137 25 obligationers
833 939 114 26 utgifvande

208 966 59 18 sökas
281 966 37 19 hos
332 966 92 23 Senaten,
440 966 84 19 hvarvid
539 966 85 20 Senaten
637 972 47 19 eger
697 966 111 20 bestämma
822 966 58 20 deras
895 972 53 13 sam-

208 992 100 25 manlagda
321 992 70 25 högsta
408 992 71 26 belopp
496 992 102 20 äfvensom
615 992 38 20 den
670 993 61 24 lägsta
749 993 64 22 valör,
835 992 113 20 hvarunder

207 1018 25 19 de
245 1016 18 27 ej
282 1017 19 20 få
315 1018 97 23 utfärdas;
431 1019 37 18 och
486 1018 31 19 må
531 1018 96 20 terminen
644 1018 28 19 för
688 1019 163 25 obligationernes
868 1019 76 19 inlösen

208 1043 18 25 ej
241 1043 112 20 utsträckas
367 1045 78 18 utöfver
458 1044 38 20 den
511 1045 86 25 gällande
610 1043 124 26 oktrojtiden.

261 1070 10 25 $
285 1071 31 19 10.
344 1069 91 21 Tillstånd
455 1071 26 20 till
498 1070 113 27 utgifvande
627 1071 20 19 af
660 1071 128 20 kreditsedlar
801 1071 85 25 löpande
899 1073 46 18 utan

208 1097 53 18 ränta
281 1096 102 20 meddelas
403 1097 94 19 likaledes
517 1098 20 19 af
556 1097 92 24 Senaten,
664 1103 46 14 som
722 1097 70 20 dervid
806 1097 106 20 fastställer
928 1097 17 25 ej

208 1123 75 20 mindre.
296 1123 146 25 sammanlagda
457 1124 100 25 beloppet;
573 1125 24 18 än
611 1124 38 19 ock
662 1123 26 21 de
702 1124 62 21 skilda
778 1125 104 19 valörerne
896 1123 11 21 ä
920 1124 26 21 de

207 1149 137 24 kreditsedlar,
360 1155 43 14 som
417 1150 20 19 af
450 1150 75 19 banken
539 1150 30 19 får
582 1150 93 25 utgifvas.
705 1151 68 19 Dessa
780 1151 74 24 sedlar,
868 1151 77 20 hvartill

208 1175 77 26 tryckta
299 1176 48 19 eller
359 1176 108 25 graverade
481 1177 108 19 blanketter
603 1177 22 18 af
637 1177 41 19 viss
692 1177 51 22 form
755 1178 40 19 och
810 1177 137 20 beskaffenhet

208 1201 104 26 begagnas,
335 1202 54 19 skola
410 1203 67 19 :ställas
491 1203 26 19 till
532 1203 144 24 innehafvaren,
690 1206 30 17 att
734 1204 33 19 vid
780 1204 106 20 anfordran
900 1206 46 17 utan

208 1229 53 18 ränta.
275 1228 82 23 inlösas;
372 1229 37 19 och
424 1235 47 13 vare
485 1229 75 20 enskild.
574 1229 52 20 bank
640 1229 101 26 förpligtad
756 1233 27 16 att:
795 1231 103 20 desamma
914 1230 33 20 vid

208 1253 131 24 uppvisandet
352 1254 45 27 meu
411 1255 68 18 silfver
493 1255 46 19 eller
553 1255 5 19 i
571 1255 76 20 landets
661 1256 87 24 gällande
763 1259 55 22 :mynt
834 1256 64 25 infria,
915 1257 31 18 vid

207 1279 92 25 äfventyr
313 1281 28 17 att
354 1280 57 24 eljest
425 1280 61 19 varda
500 1280 42 19 sina
557 1281 274 26 bankrättigheterförlustig.

261 1305 10 25 $
286 1305 31 20 11.
332 1301 10 35 :
347 1306 24 19 Af
381 1305 174 26 sedelutgifvande
571 1306 84 21 enskild.
665 1307 52 20 bank
731 1308 51 19 skall
796 1313 23 15 en
828 1308 48 19 :viss
889 1308 58 20 andel

208 1331 21 31 af
240 1331 48 20 dess
301 1331 135 26 grundkapital
449 1332 48 20 eller
511 1338 24 15 en
549 1327 51 39 skill
613 1327 147 39 fondsäkerhet,
778 1339 47 16 :som;
830 1337 118 18 motsvarar

199 1358 128 19 *ätminstone
341 1358 107 25 sjuttiafem
461 1359 42 25 (75)
520 1361 83 23 procent
617 1360 20 19 af
644 1360 34 19 det
689 1360 72 26 belopp
771 1361 132 20 kreditsedlar
910 1361 38 20 den

207 1385 22 18 är
239 1383 111 27 -herättigad
362 1387 31 18 alt
403 1385 82 26 atgifva,
497 1385 4 20 |
511 1386 152 21 allmänt.förvar
673 1387 111 22 nedsältäs;
794 1388 38 20 och
841 1387 36 26 mä
882 1387 65 21 denna

206 1411 45 20 fond
265 1411 56 20 bestå
335 1412 21 19 af
359 1412 105 20 -metallisk
480 1413 70 24 valuta,
566 1413 142 21 räntebärande
718 1417 124 23 statspapper
849 1415 42 19 och
902 1415 48 25 god-

206 1437 65 20 kända
283 1437 132 26 obligationer,
433 1439 50 20 dock
499 1439 45 20 icke
556 1440 87 20 bankers
658 1446 54 20 egna;
729 1441 48 20 eller
790 1441 27 20 uti
833 1441 39 20 fast
886 1447 62 20 egen-
