1014 1706
191 144 42 20 1716

406 142 70 24 Nådiga
488 144 142 22 Propositionen
644 144 36 16 N:o
693 144 27 16 50.

267 206 3 2 -
293 194 36 20 bud
344 194 28 19 till
386 200 54 13 svars
454 194 80 23 komma,
550 193 31 19 vid
595 194 86 24 äfventyr
697 195 28 17 att
740 192 51 26 eljest
804 192 56 25 enligt
876 192 27 19 10
917 192 16 27 $

294 223 22 19 11
331 223 43 24 kap.
390 222 120 25 Rättegångs
527 222 70 18 Balken
610 228 65 18 genom
691 220 90 20 Kronans
796 221 44 20 eller
852 220 81 20 Rättens

293 250 77 26 betjente
385 250 99 23 inställas,
498 250 66 19 hvilket
579 250 56 26 äfven
648 248 49 26 gålle
711 248 107 26 utspridare
833 248 24 26 af
869 248 63 26 skrift,

294 278 59 21 hvarå
372 278 133 26 boktryckares
524 284 58 13 namn
600 279 50 17 samt
669 278 138 25 tryckningsort
830 277 33 19 och
881 276 52 20 årtal

295 308 16 25 ej
320 307 67 26 finnas
401 309 78 17 utsatta.

529 343 31 27 88
576 343 29 19 60
620 344 33 19 och
667 343 32 19 61.

336 384 33 25 (Af
388 389 76 15 samma
485 382 82 21 innehåll
584 388 44 14 som
647 382 140 26 motsvarande
804 382 21 26 $$
842 383 6 19 i
862 388 71 21 propo-

297 410 99 24 sitionen.)

531 442 16 27 $
564 442 32 20 62.

332 480 76 24 Önskar
427 482 94 20 svarande
539 484 7 17 i
566 481 157 27 tryckfrihetsmål
744 482 82 20 rörande
848 488 85 20 angrepp

296 514 48 18 emot
359 511 70 20 enskild
442 517 67 19 person
524 510 62 20 bevisa
602 511 91 19 tillmälets
709 512 86 24 sanning,
809 511 52 24 gälle
871 510 63 20 derom

296 540 49 20 hvad
360 541 6 18 i
380 539 82 20 särskild
476 539 111 25 förordning
602 545 30 13 om
646 539 49 24 falsk
710 539 103 25 angifvelse
827 540 33 18 och
871 546 63 12 annan

296 568 139 24 ärekränkning
450 570 23 16 är
486 567 96 25 stadgadt.

533 622 15 27 8
564 622 33 20 63.

332 662 61 20 Sedan
406 665 90 23 parterne
512 664 63 24 anfört
589 662 50 20 hvad
653 662 22 20 de
689 664 7 18 i
711 662 58 20 saken
784 662 60 20 önska
859 665 28 17 att
902 670 32 12 an-

298 692 62 25 draga
382 692 32 18 och
434 691 62 19 bevisa
515 694 49 16 samt
583 690 41 20 dem
644 691 77 19 lemnats
737 690 69 26 tillfälle
821 693 28 17 att
863 692 73 24 afgifva

298 718 139 27 slutpåstående
452 719 32 19 och
498 720 107 24 förklaring
619 719 91 24 deröfver,
726 719 48 19 skall
789 719 102 19 domstolen
906 722 29 25 af-

296 748 64 20 kunna
376 748 68 25 utslag,
463 748 73 22 hvilket,
556 747 25 19 då
595 747 56 19 målet
666 747 58 25 blifoit
739 747 104 26 handlagdt
858 749 25 24 af
899 748 35 20 Un-

297 777 77 22 derrätt,
390 776 34 19 bör
438 776 125 19 underställas
571 776 91 25 pröfning
672 776 24 26 af
702 776 137 19 vederbörande
850 775 85 27 Hofrätt,

298 805 52 25 öfver
368 805 57 19 hvars
445 805 61 25 utslag
526 804 35 20 den
576 804 99 25 missnöjde
689 804 36 19 har
739 804 89 25 rättighet
843 806 28 17 att
885 806 50 18 inom

298 839 72 13 samma
390 832 27 20 tid
436 832 33 19 och
488 834 8 18 i
514 832 35 20 den
564 832 85 25 ordning,
670 838 39 14 som
723 833 36 24 för
774 832 61 20 andra
850 832 86 20 brottmål

298 864 24 16 är
332 860 87 26 stadgad,
435 862 68 28 anföra
513 861 67 19 besvär
590 862 6 18 i
607 860 91 20 Senalens
713 860 74 20 Justitie
797 861 138 25 Departement.

578 946 13 20 9
604 945 53 25 Kap.

446 998 29 18 Om
488 998 53 19 böter
553 998 33 18 och
598 998 53 18 deras
663 997 126 24 förvandling.

535 1048 16 27 $
566 1049 32 18 64.

335 1089 57 26 Böter
410 1087 81 20 ådömda
510 1088 54 24 enligt
584 1088 62 19 denna
659 1087 115 26 förordning
794 1088 75 25 tillfalla
888 1088 48 20 Kro-

298 1123 44 12 nan.
377 1116 39 19 Åro
436 1116 22 19 de
477 1115 81 20 ådömda
578 1116 55 25 enligt
652 1116 69 19 allmän
741 1116 31 25 lag
792 1116 43 19 eller
854 1117 83 19 särskild

293 1145 121 25 författning,
428 1145 88 25 fördelas
536 1145 32 18 och
583 1144 115 26 förvandlas
713 1144 23 19 de
748 1143 28 26 på
791 1147 44 20 sätt,
852 1151 39 13 som
901 1145 36 25 för

299 1173 63 24 hvarje
372 1173 39 25 fall
426 1175 24 17 är
458 1173 128 25 föreskrifvet.

535 1227 17 27 $
566 1228 32 19 65.

336 1269 72 19 Brister
428 1269 34 19 hos
485 1270 35 18 den
543 1269 85 25 sakfälde
650 1268 77 27 tillgång
749 1271 27 17 att
797 1270 58 25 gälda
880 1270 57 23 böter,

299 1297 74 19 hvartill
387 1297 38 19 han
441 1297 58 26 blifvit
508 1297 46 26 fäld
564 1297 57 25 enligt
631 1297 61 19 denna
696 1297 121 26 förordning,
823 1299 116 24 förvandlas

299 1325 23 19 de
342 1326 28 19 till
388 1326 84 25 fängelse
492 1326 56 25 enligt
567 1325 22 19 de
604 1327 6 18 i
625 1325 126 26 nästföljande
766 1325 16 28 $
797 1329 72 17 utsatta
881 1334 56 19 grun-

299 1353 41 25 der;
360 1355 32 18 och
412 1354 50 19 skall
471 1354 153 26 fängelsestraff,
641 1353 58 20 ehvad
714 1355 31 19 det
760 1355 119 26 ovilkorligen
894 1357 44 18 eller

299 1384 5 17 i
314 1383 102 26 stället
387 1378 32 36 för
431 1383 52 19 böter
497 1383 59 26 blifvit
571 1382 81 24 ådömdt,
667 1383 110 20 verkställas
787 1385 7 19 i
803 1385 135 25 straffanstalt,

299 1418 39 13 som
347 1412 35 25 för
396 1410 69 21 sådant
477 1412 131 26 frihetsstraff
624 1411 91 21 bestämdt
729 1415 28 20 är,
773 1419 41 13 men
829 1413 17 25 ej
861 1413 30 20 må
906 1413 32 20 nå-

298 1446 37 19 gon
351 1441 6 18 i
372 1441 33 25 thy
414 1440 39 25 fall
468 1443 26 17 uti
503 1441 97 25 fängelset
616 1441 89 25 beläggas
719 1441 42 19 med
776 1441 52 26 bojor
842 1443 45 19 eller
901 1441 37 21 hål-
