973 1703
247 134 71 23 Nådiga
330 135 139 22 Propositionen
482 135 36 17 N:o
530 135 29 18 44.
735 135 43 18 1479

37 184 97 18 hvarutom
148 182 24 20 de
185 184 190 26 magasinsdelegare,
391 191 40 13 som
446 184 72 20 besluta
533 184 91 20 bibehålla
637 186 43 18 sina
698 186 80 24 magasi-

37 218 39 17 ner,
92 212 52 19 torde
160 211 46 19 böra
221 212 123 20 tillerkännas
359 215 37 17 rätt
411 213 38 19 icke
464 213 80 19 allenast
558 215 28 17 att
604 213 76 25 vidtaga
698 214 24 18 de
736 215 41 24 för-

38 240 104 24 ändringar
156 240 7 18 i
178 240 22 18 de
209 240 37 25 för
260 240 40 19 dem
314 241 109 23 fastställda
437 241 129 24 reglementen,
581 242 43 18 som
640 241 65 19 kunna
724 247 55 13 anses

37 268 75 24 nödiga,
128 270 45 16 utan
188 268 39 22 ock,
243 267 33 19 der
290 268 23 18 de
327 268 68 20 sådant
410 268 65 22 önska,
492 270 28 17 att
534 268 134 25 sjelfständigt,
688 271 46 16 utan
753 269 26 18 all

36 295 121 25 inblandning
166 295 50 25 från
232 290 113 35 Styrelsens”
352 290 47 35 sida,
408 296 87 25 förvalta
510 296 56 19 dessa
580 296 132 25 inrättningar,
732 296 47 19 helst

36 322 69 20 sådant
119 323 31 19 vid
165 329 22 13 en
203 326 54 16 snart
271 324 113 18 inträdande
399 323 73 20 ordnad
488 324 108 19 kommunal
606 324 119 24 förvaltning
742 324 37 18 kan

37 351 31 18 ske
83 353 46 16 utan
144 351 93 25 äfventyr,
252 351 103 19 äfvensom
369 351 90 25 delegare
474 351 6 18 i
501 350 74 20 sådane
595 351 117 24 magasiner,
734 357 43 13 som

38 379 99 25 upplösas,
153 379 69 24 borde,
238 379 25 26 på
276 379 63 26 grund
354 379 55 20 deraf
422 381 27 18 att
463 379 68 26 hvarje
546 385 58 20 egare
618 379 64 20 måste
697 379 81 20 tillkom-

38 410 32 14 ma
83 410 23 14 en
123 405 115 20 oinskränkt
252 405 166 26 dispositionsrätt
432 406 56 19 öfver
501 406 47 19 dess
563 405 103 30 egendom,
682 405 96 20 förklaras

39 431 123 31 berättigade
175 434 28 17 att
216 432 42 19 fritt
274 432 103 25 disponera
395 433 55 19 öfver
465 432 65 26 dylika
544 428 123 48 magasiners
681 431 98 27 tillgängar

37 457 24 25 pä
76 460 39 17 sätt
129 458 25 19 Je
168 458 69 25 sjelfva
252 464 47 14 anse
308 459 115 26 lämpligast.

237 555 87 19 Finlands
336 554 77 19 Ständer
424 555 106 19 framhärda
541 555 35 18 ete.

93 649 129 24 Helsingfors,
238 649 38 20 den
291 649 11 20 8
317 649 110 20 December
441 649 59 20 1863.
