<?xml version="1.0" encoding="UTF-8"?>
<alto xmlns="http://www.loc.gov/standards/alto/ns-v3#" xmlns:xlink="http://www.w3.org/1999/xlink" xmlns:xsi="http://www.w3.org/2001/XMLSchema-instance" xsi:schemaLocation="http://www.loc.gov/standards/alto/ns-v3# http://www.loc.gov/alto/v3/alto-3-0.xsd">
	<Description>
		<MeasurementUnit>pixel</MeasurementUnit>
		<sourceImageInformation>
			<fileName>/tmp/tess_m5fhnt07_input.PNG</fileName>
		</sourceImageInformation>
		<OCRProcessing ID="OCR_0">
			<ocrProcessingStep>
				<processingSoftware>
					<softwareName>tesseract 5.3.4</softwareName>
				</processingSoftware>
			</ocrProcessingStep>
		</OCRProcessing>
	</Description>
	<Layout>
		<Page WIDTH="1070" HEIGHT="1736" PHYSICAL_IMG_NR="0" ID="page_0">
			<PrintSpace HPOS="0" VPOS="0" WIDTH="1070" HEIGHT="1736">
				<ComposedBlock ID="cblock_0" HPOS="186" VPOS="176" WIDTH="543" HEIGHT="23">
					<TextBlock ID="block_0" HPOS="186" VPOS="176" WIDTH="543" HEIGHT="23">
						<TextLine ID="line_0" HPOS="186" VPOS="176" WIDTH="543" HEIGHT="23">
							<String ID="string_0" HPOS="186" VPOS="176" WIDTH="11" HEIGHT="17" WC="0.92" CONTENT="6"/><SP WIDTH="197" VPOS="176" HPOS="197"/>
							<String ID="string_1" HPOS="394" VPOS="176" WIDTH="236" HEIGHT="23" WC="0.91" CONTENT="Petitionsbetänkande"/><SP WIDTH="17" VPOS="176" HPOS="630"/>
							<String ID="string_2" HPOS="647" VPOS="176" WIDTH="35" HEIGHT="23" WC="0.95" CONTENT="N:o"/><SP WIDTH="16" VPOS="176" HPOS="682"/>
							<String ID="string_3" HPOS="698" VPOS="177" WIDTH="31" HEIGHT="22" WC="0.94" CONTENT="10."/>
						</TextLine>
					</TextBlock>
				</ComposedBlock>
				<ComposedBlock ID="cblock_1" HPOS="177" VPOS="246" WIDTH="754" HEIGHT="1283">
					<TextBlock ID="block_1" HPOS="180" VPOS="246" WIDTH="751" HEIGHT="676">
						<TextLine ID="line_1" HPOS="184" VPOS="246" WIDTH="747" HEIGHT="31">
							<String ID="string_4" HPOS="184" VPOS="246" WIDTH="71" HEIGHT="21" WC="0.96" CONTENT="kunde"/><SP WIDTH="25" VPOS="246" HPOS="255"/>
							<String ID="string_5" HPOS="280" VPOS="246" WIDTH="32" HEIGHT="22" WC="0.96" CONTENT="stå"/><SP WIDTH="21" VPOS="246" HPOS="312"/>
							<String ID="string_6" HPOS="333" VPOS="247" WIDTH="32" HEIGHT="21" WC="0.96" CONTENT="till"/><SP WIDTH="24" VPOS="247" HPOS="365"/>
							<String ID="string_7" HPOS="389" VPOS="247" WIDTH="41" HEIGHT="22" WC="0.96" CONTENT="den"/><SP WIDTH="22" VPOS="247" HPOS="430"/>
							<String ID="string_8" HPOS="452" VPOS="247" WIDTH="97" HEIGHT="22" WC="0.93" CONTENT="enskilde"/><SP WIDTH="23" VPOS="247" HPOS="549"/>
							<String ID="string_9" HPOS="572" VPOS="248" WIDTH="153" HEIGHT="29" WC="0.91" CONTENT="skogsegarens"/><SP WIDTH="22" VPOS="248" HPOS="725"/>
							<String ID="string_10" HPOS="747" VPOS="248" WIDTH="71" HEIGHT="28" WC="0.90" CONTENT="tjenst."/><SP WIDTH="36" VPOS="248" HPOS="818"/>
							<String ID="string_11" HPOS="854" VPOS="248" WIDTH="77" HEIGHT="21" WC="0.95" CONTENT="Denna"/>
						</TextLine>
						<TextLine ID="line_2" HPOS="183" VPOS="282" WIDTH="748" HEIGHT="30">
							<String ID="string_12" HPOS="183" VPOS="282" WIDTH="55" HEIGHT="21" WC="0.96" CONTENT="brist"/><SP WIDTH="16" VPOS="282" HPOS="238"/>
							<String ID="string_13" HPOS="254" VPOS="284" WIDTH="23" HEIGHT="19" WC="0.96" CONTENT="är"/><SP WIDTH="16" VPOS="284" HPOS="277"/>
							<String ID="string_14" HPOS="293" VPOS="282" WIDTH="32" HEIGHT="21" WC="0.96" CONTENT="för"/><SP WIDTH="16" VPOS="282" HPOS="325"/>
							<String ID="string_15" HPOS="341" VPOS="283" WIDTH="34" HEIGHT="22" WC="0.96" CONTENT="väl"/><SP WIDTH="17" VPOS="283" HPOS="375"/>
							<String ID="string_16" HPOS="392" VPOS="283" WIDTH="57" HEIGHT="22" WC="0.96" CONTENT="känd"/><SP WIDTH="16" VPOS="283" HPOS="449"/>
							<String ID="string_17" HPOS="465" VPOS="284" WIDTH="34" HEIGHT="21" WC="0.96" CONTENT="för"/><SP WIDTH="15" VPOS="284" HPOS="499"/>
							<String ID="string_18" HPOS="514" VPOS="286" WIDTH="32" HEIGHT="19" WC="0.96" CONTENT="att"/><SP WIDTH="15" VPOS="286" HPOS="546"/>
							<String ID="string_19" HPOS="561" VPOS="284" WIDTH="69" HEIGHT="28" WC="0.96" CONTENT="någon"/><SP WIDTH="16" VPOS="284" HPOS="630"/>
							<String ID="string_20" HPOS="646" VPOS="283" WIDTH="133" HEIGHT="29" WC="0.96" CONTENT="bevisföring"/><SP WIDTH="10" VPOS="283" HPOS="779"/>
							<String ID="string_21" HPOS="789" VPOS="283" WIDTH="39" HEIGHT="22" WC="0.91" CONTENT="här"/><SP WIDTH="10" VPOS="283" HPOS="828"/>
							<String ID="string_22" HPOS="838" VPOS="283" WIDTH="93" HEIGHT="22" WC="0.90" CONTENT="behöfde"/>
						</TextLine>
						<TextLine ID="line_3" HPOS="183" VPOS="317" WIDTH="747" HEIGHT="31">
							<String ID="string_23" HPOS="183" VPOS="317" WIDTH="158" HEIGHT="30" WC="0.77" CONTENT="ifrågakomma."/><SP WIDTH="31" VPOS="317" HPOS="341"/>
							<String ID="string_24" HPOS="372" VPOS="319" WIDTH="43" HEIGHT="21" WC="0.96" CONTENT="För"/><SP WIDTH="23" VPOS="319" HPOS="415"/>
							<String ID="string_25" HPOS="438" VPOS="322" WIDTH="32" HEIGHT="19" WC="0.96" CONTENT="att"/><SP WIDTH="21" VPOS="322" HPOS="470"/>
							<String ID="string_26" HPOS="491" VPOS="319" WIDTH="66" HEIGHT="22" WC="0.96" CONTENT="likväl"/><SP WIDTH="25" VPOS="319" HPOS="557"/>
							<String ID="string_27" HPOS="582" VPOS="320" WIDTH="68" HEIGHT="21" WC="0.96" CONTENT="lemna"/><SP WIDTH="16" VPOS="320" HPOS="650"/>
							<String ID="string_28" HPOS="666" VPOS="327" WIDTH="33" HEIGHT="19" WC="0.96" CONTENT="en,"/><SP WIDTH="16" VPOS="327" HPOS="699"/>
							<String ID="string_29" HPOS="715" VPOS="327" WIDTH="34" HEIGHT="14" WC="0.96" CONTENT="om"/><SP WIDTH="16" VPOS="327" HPOS="749"/>
							<String ID="string_30" HPOS="765" VPOS="319" WIDTH="40" HEIGHT="22" WC="0.96" CONTENT="ock"/><SP WIDTH="16" VPOS="319" HPOS="805"/>
							<String ID="string_31" HPOS="821" VPOS="320" WIDTH="61" HEIGHT="28" WC="0.93" CONTENT="ringa"/><SP WIDTH="16" VPOS="320" HPOS="882"/>
							<String ID="string_32" HPOS="898" VPOS="322" WIDTH="32" HEIGHT="19" WC="0.93" CONTENT="ut-"/>
						</TextLine>
						<TextLine ID="line_4" HPOS="183" VPOS="354" WIDTH="747" HEIGHT="30">
							<String ID="string_33" HPOS="183" VPOS="354" WIDTH="90" HEIGHT="29" WC="0.96" CONTENT="redning"/><SP WIDTH="16" VPOS="354" HPOS="273"/>
							<String ID="string_34" HPOS="289" VPOS="354" WIDTH="22" HEIGHT="21" WC="0.95" CONTENT="af"/><SP WIDTH="15" VPOS="354" HPOS="311"/>
							<String ID="string_35" HPOS="326" VPOS="354" WIDTH="58" HEIGHT="22" WC="0.95" CONTENT="detta"/><SP WIDTH="16" VPOS="354" HPOS="384"/>
							<String ID="string_36" HPOS="400" VPOS="355" WIDTH="139" HEIGHT="27" WC="0.95" CONTENT="förhållande,"/><SP WIDTH="16" VPOS="355" HPOS="539"/>
							<String ID="string_37" HPOS="555" VPOS="363" WIDTH="62" HEIGHT="14" WC="0.96" CONTENT="anser"/><SP WIDTH="17" VPOS="363" HPOS="617"/>
							<String ID="string_38" HPOS="634" VPOS="356" WIDTH="32" HEIGHT="28" WC="0.96" CONTENT="sig"/><SP WIDTH="22" VPOS="356" HPOS="666"/>
							<String ID="string_39" HPOS="688" VPOS="355" WIDTH="106" HEIGHT="22" WC="0.94" CONTENT="utskottet"/><SP WIDTH="14" VPOS="355" HPOS="794"/>
							<String ID="string_40" HPOS="808" VPOS="355" WIDTH="54" HEIGHT="22" WC="0.92" CONTENT="böra"/><SP WIDTH="19" VPOS="355" HPOS="862"/>
							<String ID="string_41" HPOS="881" VPOS="355" WIDTH="49" HEIGHT="22" WC="0.92" CONTENT="åbe-"/>
						</TextLine>
						<TextLine ID="line_5" HPOS="183" VPOS="390" WIDTH="747" HEIGHT="29">
							<String ID="string_42" HPOS="183" VPOS="397" WIDTH="51" HEIGHT="21" WC="0.96" CONTENT="ropa"/><SP WIDTH="16" VPOS="397" HPOS="234"/>
							<String ID="string_43" HPOS="250" VPOS="390" WIDTH="180" HEIGHT="29" WC="0.96" CONTENT="Forststyrelsens"/><SP WIDTH="25" VPOS="390" HPOS="430"/>
							<String ID="string_44" HPOS="455" VPOS="392" WIDTH="30" HEIGHT="20" WC="0.96" CONTENT="uti"/><SP WIDTH="22" VPOS="392" HPOS="485"/>
							<String ID="string_45" HPOS="507" VPOS="391" WIDTH="49" HEIGHT="22" WC="0.95" CONTENT="dess"/><SP WIDTH="23" VPOS="391" HPOS="556"/>
							<String ID="string_46" HPOS="579" VPOS="391" WIDTH="64" HEIGHT="22" WC="0.96" CONTENT="redan"/><SP WIDTH="25" VPOS="391" HPOS="643"/>
							<String ID="string_47" HPOS="668" VPOS="391" WIDTH="92" HEIGHT="22" WC="0.87" CONTENT="nämnda"/><SP WIDTH="22" VPOS="391" HPOS="760"/>
							<String ID="string_48" HPOS="782" VPOS="391" WIDTH="148" HEIGHT="22" WC="0.91" CONTENT="årsberättelse"/>
						</TextLine>
						<TextLine ID="line_6" HPOS="183" VPOS="425" WIDTH="747" HEIGHT="31">
							<String ID="string_49" HPOS="183" VPOS="425" WIDTH="125" HEIGHT="22" WC="0.96" CONTENT="meddelade"/><SP WIDTH="23" VPOS="425" HPOS="308"/>
							<String ID="string_50" HPOS="331" VPOS="427" WIDTH="83" HEIGHT="29" WC="0.96" CONTENT="uppgift"/><SP WIDTH="23" VPOS="427" HPOS="414"/>
							<String ID="string_51" HPOS="437" VPOS="435" WIDTH="34" HEIGHT="14" WC="0.96" CONTENT="om"/><SP WIDTH="24" VPOS="435" HPOS="471"/>
							<String ID="string_52" HPOS="495" VPOS="427" WIDTH="81" HEIGHT="22" WC="0.93" CONTENT="antalet"/><SP WIDTH="23" VPOS="427" HPOS="576"/>
							<String ID="string_53" HPOS="599" VPOS="427" WIDTH="21" HEIGHT="22" WC="0.96" CONTENT="af"/><SP WIDTH="23" VPOS="427" HPOS="620"/>
							<String ID="string_54" HPOS="643" VPOS="427" WIDTH="48" HEIGHT="22" WC="0.93" CONTENT="från"/><SP WIDTH="17" VPOS="427" HPOS="691"/>
							<String ID="string_55" HPOS="708" VPOS="427" WIDTH="66" HEIGHT="22" WC="0.92" CONTENT="Evois"/><SP WIDTH="16" VPOS="427" HPOS="774"/>
							<String ID="string_56" HPOS="790" VPOS="427" WIDTH="140" HEIGHT="22" WC="0.91" CONTENT="forstinstitut"/>
						</TextLine>
						<TextLine ID="line_7" HPOS="183" VPOS="461" WIDTH="746" HEIGHT="31">
							<String ID="string_57" HPOS="183" VPOS="461" WIDTH="164" HEIGHT="23" WC="0.92" CONTENT="utdemitterade"/><SP WIDTH="23" VPOS="461" HPOS="347"/>
							<String ID="string_58" HPOS="370" VPOS="463" WIDTH="160" HEIGHT="29" WC="0.92" CONTENT="skogsvaktare,"/><SP WIDTH="22" VPOS="463" HPOS="530"/>
							<String ID="string_59" HPOS="552" VPOS="463" WIDTH="82" HEIGHT="22" WC="0.96" CONTENT="hvilket"/><SP WIDTH="22" VPOS="463" HPOS="634"/>
							<String ID="string_60" HPOS="656" VPOS="463" WIDTH="24" HEIGHT="22" WC="0.96" CONTENT="år"/><SP WIDTH="25" VPOS="463" HPOS="680"/>
							<String ID="string_61" HPOS="705" VPOS="465" WIDTH="56" HEIGHT="20" WC="0.96" CONTENT="1894"/><SP WIDTH="24" VPOS="465" HPOS="761"/>
							<String ID="string_62" HPOS="785" VPOS="463" WIDTH="95" HEIGHT="29" WC="0.95" CONTENT="uppgick"/><SP WIDTH="17" VPOS="463" HPOS="880"/>
							<String ID="string_63" HPOS="897" VPOS="463" WIDTH="32" HEIGHT="21" WC="0.95" CONTENT="till"/>
						</TextLine>
						<TextLine ID="line_8" HPOS="182" VPOS="494" WIDTH="747" HEIGHT="34">
							<String ID="string_64" HPOS="182" VPOS="505" WIDTH="83" HEIGHT="15" WC="0.96" CONTENT="summa"/><SP WIDTH="16" VPOS="505" HPOS="265"/>
							<String ID="string_65" HPOS="281" VPOS="499" WIDTH="48" HEIGHT="21" WC="0.96" CONTENT="fem."/><SP WIDTH="26" VPOS="499" HPOS="329"/>
							<String ID="string_66" HPOS="355" VPOS="494" WIDTH="72" HEIGHT="28" WC="0.96" CONTENT="Äfven"/><SP WIDTH="18" VPOS="494" HPOS="427"/>
							<String ID="string_67" HPOS="445" VPOS="499" WIDTH="68" HEIGHT="22" WC="0.96" CONTENT="under"/><SP WIDTH="15" VPOS="499" HPOS="513"/>
							<String ID="string_68" HPOS="528" VPOS="499" WIDTH="154" HEIGHT="29" WC="0.96" CONTENT="förutsättning"/><SP WIDTH="16" VPOS="499" HPOS="682"/>
							<String ID="string_69" HPOS="698" VPOS="502" WIDTH="31" HEIGHT="19" WC="0.95" CONTENT="att"/><SP WIDTH="10" VPOS="502" HPOS="729"/>
							<String ID="string_70" HPOS="739" VPOS="499" WIDTH="60" HEIGHT="22" WC="0.95" CONTENT="detta"/><SP WIDTH="11" VPOS="499" HPOS="799"/>
							<String ID="string_71" HPOS="810" VPOS="499" WIDTH="64" HEIGHT="26" WC="0.96" CONTENT="antal,"/><SP WIDTH="11" VPOS="499" HPOS="874"/>
							<String ID="string_72" HPOS="885" VPOS="507" WIDTH="44" HEIGHT="14" WC="0.93" CONTENT="som"/>
						</TextLine>
						<TextLine ID="line_9" HPOS="182" VPOS="533" WIDTH="748" HEIGHT="31">
							<String ID="string_73" HPOS="182" VPOS="533" WIDTH="26" HEIGHT="22" WC="0.96" CONTENT="de"/><SP WIDTH="16" VPOS="533" HPOS="208"/>
							<String ID="string_74" HPOS="224" VPOS="534" WIDTH="39" HEIGHT="22" WC="0.96" CONTENT="två"/><SP WIDTH="16" VPOS="534" HPOS="263"/>
							<String ID="string_75" HPOS="279" VPOS="538" WIDTH="83" HEIGHT="19" WC="0.96" CONTENT="senaste"/><SP WIDTH="16" VPOS="538" HPOS="362"/>
							<String ID="string_76" HPOS="378" VPOS="535" WIDTH="49" HEIGHT="22" WC="0.96" CONTENT="åren"/><SP WIDTH="17" VPOS="535" HPOS="427"/>
							<String ID="string_77" HPOS="444" VPOS="536" WIDTH="79" HEIGHT="28" WC="0.96" CONTENT="utgjort"/><SP WIDTH="16" VPOS="536" HPOS="523"/>
							<String ID="string_78" HPOS="539" VPOS="543" WIDTH="44" HEIGHT="19" WC="0.96" CONTENT="sex,"/><SP WIDTH="12" VPOS="543" HPOS="583"/>
							<String ID="string_79" HPOS="595" VPOS="536" WIDTH="68" HEIGHT="21" WC="0.96" CONTENT="skulle"/><SP WIDTH="16" VPOS="536" HPOS="663"/>
							<String ID="string_80" HPOS="679" VPOS="536" WIDTH="56" HEIGHT="28" WC="0.96" CONTENT="stiga"/><SP WIDTH="15" VPOS="536" HPOS="735"/>
							<String ID="string_81" HPOS="750" VPOS="535" WIDTH="49" HEIGHT="22" WC="0.96" CONTENT="med"/><SP WIDTH="16" VPOS="535" HPOS="799"/>
							<String ID="string_82" HPOS="815" VPOS="535" WIDTH="73" HEIGHT="28" WC="0.96" CONTENT="hvarje"/><SP WIDTH="13" VPOS="535" HPOS="888"/>
							<String ID="string_83" HPOS="901" VPOS="535" WIDTH="29" HEIGHT="26" WC="0.96" CONTENT="år,"/>
						</TextLine>
						<TextLine ID="line_10" HPOS="182" VPOS="570" WIDTH="747" HEIGHT="30">
							<String ID="string_84" HPOS="182" VPOS="570" WIDTH="42" HEIGHT="21" WC="0.96" CONTENT="kan"/><SP WIDTH="17" VPOS="570" HPOS="224"/>
							<String ID="string_85" HPOS="241" VPOS="570" WIDTH="117" HEIGHT="22" WC="0.96" CONTENT="detsamma"/><SP WIDTH="17" VPOS="570" HPOS="358"/>
							<String ID="string_86" HPOS="375" VPOS="571" WIDTH="66" HEIGHT="22" WC="0.96" CONTENT="under"/><SP WIDTH="15" VPOS="571" HPOS="441"/>
							<String ID="string_87" HPOS="456" VPOS="573" WIDTH="49" HEIGHT="27" WC="0.96" CONTENT="inga"/><SP WIDTH="17" VPOS="573" HPOS="505"/>
							<String ID="string_88" HPOS="522" VPOS="571" WIDTH="146" HEIGHT="22" WC="0.96" CONTENT="förhållanden"/><SP WIDTH="16" VPOS="571" HPOS="668"/>
							<String ID="string_89" HPOS="684" VPOS="579" WIDTH="63" HEIGHT="13" WC="0.96" CONTENT="anses"/><SP WIDTH="15" VPOS="579" HPOS="747"/>
							<String ID="string_90" HPOS="762" VPOS="572" WIDTH="7" HEIGHT="20" WC="0.96" CONTENT="i"/><SP WIDTH="17" VPOS="572" HPOS="769"/>
							<String ID="string_91" HPOS="786" VPOS="571" WIDTH="41" HEIGHT="21" WC="0.93" CONTENT="den"/><SP WIDTH="21" VPOS="571" HPOS="827"/>
							<String ID="string_92" HPOS="848" VPOS="573" WIDTH="81" HEIGHT="19" WC="0.90" CONTENT="närma-"/>
						</TextLine>
						<TextLine ID="line_11" HPOS="182" VPOS="606" WIDTH="747" HEIGHT="23">
							<String ID="string_93" HPOS="182" VPOS="608" WIDTH="32" HEIGHT="19" WC="0.96" CONTENT="ste"/><SP WIDTH="16" VPOS="608" HPOS="214"/>
							<String ID="string_94" HPOS="230" VPOS="606" WIDTH="114" HEIGHT="22" WC="0.95" CONTENT="framtiden"/><SP WIDTH="17" VPOS="606" HPOS="344"/>
							<String ID="string_95" HPOS="361" VPOS="607" WIDTH="85" HEIGHT="22" WC="0.96" CONTENT="komma"/><SP WIDTH="15" VPOS="607" HPOS="446"/>
							<String ID="string_96" HPOS="461" VPOS="610" WIDTH="32" HEIGHT="19" WC="0.96" CONTENT="att"/><SP WIDTH="15" VPOS="610" HPOS="493"/>
							<String ID="string_97" HPOS="508" VPOS="610" WIDTH="108" HEIGHT="19" WC="0.96" CONTENT="motsvara"/><SP WIDTH="11" VPOS="610" HPOS="616"/>
							<String ID="string_98" HPOS="627" VPOS="607" WIDTH="36" HEIGHT="22" WC="0.96" CONTENT="det"/><SP WIDTH="11" VPOS="607" HPOS="663"/>
							<String ID="string_99" HPOS="674" VPOS="607" WIDTH="65" HEIGHT="22" WC="0.96" CONTENT="redan"/><SP WIDTH="11" VPOS="607" HPOS="739"/>
							<String ID="string_100" HPOS="750" VPOS="607" WIDTH="36" HEIGHT="22" WC="0.96" CONTENT="vid"/><SP WIDTH="12" VPOS="607" HPOS="786"/>
							<String ID="string_101" HPOS="798" VPOS="606" WIDTH="131" HEIGHT="22" WC="0.95" CONTENT="närvarande"/>
						</TextLine>
						<TextLine ID="line_12" HPOS="181" VPOS="642" WIDTH="748" HEIGHT="30">
							<String ID="string_102" HPOS="181" VPOS="642" WIDTH="104" HEIGHT="28" WC="0.96" CONTENT="tidpunkt"/><SP WIDTH="15" VPOS="642" HPOS="285"/>
							<String ID="string_103" HPOS="300" VPOS="643" WIDTH="38" HEIGHT="21" WC="0.93" CONTENT="allt"/><SP WIDTH="14" VPOS="643" HPOS="338"/>
							<String ID="string_104" HPOS="352" VPOS="643" WIDTH="92" HEIGHT="29" WC="0.92" CONTENT="lifligare"/><SP WIDTH="16" VPOS="643" HPOS="444"/>
							<String ID="string_105" HPOS="460" VPOS="643" WIDTH="70" HEIGHT="22" WC="0.93" CONTENT="kända"/><SP WIDTH="16" VPOS="643" HPOS="530"/>
							<String ID="string_106" HPOS="546" VPOS="643" WIDTH="108" HEIGHT="22" WC="0.91" CONTENT="behofvet."/><SP WIDTH="31" VPOS="643" HPOS="654"/>
							<String ID="string_107" HPOS="685" VPOS="643" WIDTH="49" HEIGHT="22" WC="0.96" CONTENT="Och"/><SP WIDTH="16" VPOS="643" HPOS="734"/>
							<String ID="string_108" HPOS="750" VPOS="642" WIDTH="57" HEIGHT="22" WC="0.96" CONTENT="hvad"/><SP WIDTH="19" VPOS="642" HPOS="807"/>
							<String ID="string_109" HPOS="826" VPOS="642" WIDTH="103" HEIGHT="22" WC="0.96" CONTENT="beträffar"/>
						</TextLine>
						<TextLine ID="line_13" HPOS="182" VPOS="677" WIDTH="747" HEIGHT="31">
							<String ID="string_110" HPOS="182" VPOS="677" WIDTH="240" HEIGHT="29" WC="0.92" CONTENT="skogsinstruktörerne,"/><SP WIDTH="16" VPOS="677" HPOS="422"/>
							<String ID="string_111" HPOS="438" VPOS="679" WIDTH="70" HEIGHT="21" WC="0.96" CONTENT="finnas"/><SP WIDTH="17" VPOS="679" HPOS="508"/>
							<String ID="string_112" HPOS="525" VPOS="679" WIDTH="73" HEIGHT="29" WC="0.96" CONTENT="dylika"/><SP WIDTH="16" VPOS="679" HPOS="598"/>
							<String ID="string_113" HPOS="614" VPOS="679" WIDTH="22" HEIGHT="21" WC="0.96" CONTENT="af"/><SP WIDTH="16" VPOS="679" HPOS="636"/>
							<String ID="string_114" HPOS="652" VPOS="682" WIDTH="70" HEIGHT="18" WC="0.93" CONTENT="staten"/><SP WIDTH="16" VPOS="682" HPOS="722"/>
							<String ID="string_115" HPOS="738" VPOS="678" WIDTH="98" HEIGHT="22" WC="0.92" CONTENT="anstälda"/><SP WIDTH="15" VPOS="678" HPOS="836"/>
							<String ID="string_116" HPOS="851" VPOS="678" WIDTH="32" HEIGHT="22" WC="0.96" CONTENT="till"/><SP WIDTH="16" VPOS="678" HPOS="883"/>
							<String ID="string_117" HPOS="899" VPOS="681" WIDTH="30" HEIGHT="19" WC="0.96" CONTENT="ett"/>
						</TextLine>
						<TextLine ID="line_14" HPOS="180" VPOS="714" WIDTH="749" HEIGHT="30">
							<String ID="string_118" HPOS="180" VPOS="714" WIDTH="60" HEIGHT="21" WC="0.90" CONTENT="antn]"/><SP WIDTH="17" VPOS="714" HPOS="240"/>
							<String ID="string_119" HPOS="257" VPOS="714" WIDTH="22" HEIGHT="21" WC="0.96" CONTENT="af"/><SP WIDTH="15" VPOS="714" HPOS="279"/>
							<String ID="string_120" HPOS="294" VPOS="714" WIDTH="43" HEIGHT="27" WC="0.96" CONTENT="två,"/><SP WIDTH="16" VPOS="714" HPOS="337"/>
							<String ID="string_121" HPOS="353" VPOS="714" WIDTH="70" HEIGHT="22" WC="0.93" CONTENT="såsom"/><SP WIDTH="16" VPOS="714" HPOS="423"/>
							<String ID="string_122" HPOS="439" VPOS="715" WIDTH="205" HEIGHT="29" WC="0.93" CONTENT="petitionsförslaget"/><SP WIDTH="20" VPOS="715" HPOS="644"/>
							<String ID="string_123" HPOS="664" VPOS="715" WIDTH="65" HEIGHT="22" WC="0.93" CONTENT="äfven"/><SP WIDTH="22" VPOS="715" HPOS="729"/>
							<String ID="string_124" HPOS="751" VPOS="714" WIDTH="103" HEIGHT="29" WC="0.91" CONTENT="angifver."/><SP WIDTH="32" VPOS="714" HPOS="854"/>
							<String ID="string_125" HPOS="886" VPOS="714" WIDTH="43" HEIGHT="22" WC="0.96" CONTENT="Det"/>
						</TextLine>
						<TextLine ID="line_15" HPOS="180" VPOS="750" WIDTH="748" HEIGHT="30">
							<String ID="string_126" HPOS="180" VPOS="758" WIDTH="65" HEIGHT="20" WC="0.96" CONTENT="synes"/><SP WIDTH="24" VPOS="758" HPOS="245"/>
							<String ID="string_127" HPOS="269" VPOS="750" WIDTH="49" HEIGHT="22" WC="0.94" CONTENT="med"/><SP WIDTH="22" VPOS="750" HPOS="318"/>
							<String ID="string_128" HPOS="340" VPOS="751" WIDTH="82" HEIGHT="29" WC="0.94" CONTENT="hänsyn"/><SP WIDTH="23" VPOS="751" HPOS="422"/>
							<String ID="string_129" HPOS="445" VPOS="752" WIDTH="35" HEIGHT="21" WC="0.96" CONTENT="till"/><SP WIDTH="24" VPOS="752" HPOS="480"/>
							<String ID="string_130" HPOS="504" VPOS="760" WIDTH="28" HEIGHT="12" WC="0.97" CONTENT="nu"/><SP WIDTH="17" VPOS="760" HPOS="532"/>
							<String ID="string_131" HPOS="549" VPOS="751" WIDTH="89" HEIGHT="22" WC="0.95" CONTENT="anförda"/><SP WIDTH="16" VPOS="751" HPOS="638"/>
							<String ID="string_132" HPOS="654" VPOS="750" WIDTH="148" HEIGHT="22" WC="0.96" CONTENT="förhållanden"/><SP WIDTH="17" VPOS="750" HPOS="802"/>
							<String ID="string_133" HPOS="819" VPOS="750" WIDTH="68" HEIGHT="22" WC="0.96" CONTENT="blifva"/><SP WIDTH="16" VPOS="750" HPOS="887"/>
							<String ID="string_134" HPOS="903" VPOS="758" WIDTH="25" HEIGHT="14" WC="0.96" CONTENT="en"/>
						</TextLine>
						<TextLine ID="line_16" HPOS="180" VPOS="785" WIDTH="749" HEIGHT="31">
							<String ID="string_135" HPOS="180" VPOS="785" WIDTH="109" HEIGHT="29" WC="0.90" CONTENT="bjudande"/><SP WIDTH="16" VPOS="785" HPOS="289"/>
							<String ID="string_136" HPOS="305" VPOS="786" WIDTH="54" HEIGHT="30" WC="0.92" CONTENT="pligt"/><SP WIDTH="15" VPOS="786" HPOS="359"/>
							<String ID="string_137" HPOS="374" VPOS="790" WIDTH="32" HEIGHT="18" WC="0.96" CONTENT="att"/><SP WIDTH="16" VPOS="790" HPOS="406"/>
							<String ID="string_138" HPOS="422" VPOS="790" WIDTH="83" HEIGHT="18" WC="0.96" CONTENT="snarast"/><SP WIDTH="15" VPOS="790" HPOS="505"/>
							<String ID="string_139" HPOS="520" VPOS="787" WIDTH="83" HEIGHT="29" WC="0.93" CONTENT="möjligt"/><SP WIDTH="15" VPOS="787" HPOS="603"/>
							<String ID="string_140" HPOS="618" VPOS="787" WIDTH="93" HEIGHT="29" WC="0.91" CONTENT="afhjelpa"/><SP WIDTH="22" VPOS="787" HPOS="711"/>
							<String ID="string_141" HPOS="733" VPOS="786" WIDTH="93" HEIGHT="29" WC="0.92" CONTENT="antydda"/><SP WIDTH="20" VPOS="786" HPOS="826"/>
							<String ID="string_142" HPOS="846" VPOS="786" WIDTH="83" HEIGHT="22" WC="0.93" CONTENT="brister."/>
						</TextLine>
						<TextLine ID="line_17" HPOS="180" VPOS="822" WIDTH="749" HEIGHT="30">
							<String ID="string_143" HPOS="180" VPOS="822" WIDTH="63" HEIGHT="21" WC="0.96" CONTENT="Huru"/><SP WIDTH="23" VPOS="822" HPOS="243"/>
							<String ID="string_144" HPOS="266" VPOS="822" WIDTH="59" HEIGHT="22" WC="0.96" CONTENT="detta"/><SP WIDTH="23" VPOS="822" HPOS="325"/>
							<String ID="string_145" HPOS="348" VPOS="823" WIDTH="121" HEIGHT="29" WC="0.95" CONTENT="lämpligast"/><SP WIDTH="23" VPOS="823" HPOS="469"/>
							<String ID="string_146" HPOS="492" VPOS="823" WIDTH="40" HEIGHT="22" WC="0.96" CONTENT="och"/><SP WIDTH="24" VPOS="823" HPOS="532"/>
							<String ID="string_147" HPOS="556" VPOS="826" WIDTH="51" HEIGHT="18" WC="0.96" CONTENT="utan"/><SP WIDTH="20" VPOS="826" HPOS="607"/>
							<String ID="string_148" HPOS="627" VPOS="822" WIDTH="101" HEIGHT="30" WC="0.96" CONTENT="dröjsmål"/><SP WIDTH="16" VPOS="822" HPOS="728"/>
							<String ID="string_149" HPOS="744" VPOS="822" WIDTH="72" HEIGHT="22" WC="0.96" CONTENT="kunde"/><SP WIDTH="16" VPOS="822" HPOS="816"/>
							<String ID="string_150" HPOS="832" VPOS="822" WIDTH="44" HEIGHT="27" WC="0.95" CONTENT="ske,"/><SP WIDTH="15" VPOS="822" HPOS="876"/>
							<String ID="string_151" HPOS="891" VPOS="822" WIDTH="38" HEIGHT="22" WC="0.96" CONTENT="har"/>
						</TextLine>
						<TextLine ID="line_18" HPOS="180" VPOS="858" WIDTH="748" HEIGHT="29">
							<String ID="string_152" HPOS="180" VPOS="858" WIDTH="81" HEIGHT="28" WC="0.96" CONTENT="utgjort"/><SP WIDTH="22" VPOS="858" HPOS="261"/>
							<String ID="string_153" HPOS="283" VPOS="858" WIDTH="37" HEIGHT="21" WC="0.93" CONTENT="det"/><SP WIDTH="23" VPOS="858" HPOS="320"/>
							<String ID="string_154" HPOS="343" VPOS="858" WIDTH="166" HEIGHT="29" WC="0.91" CONTENT="hufvudsakliga"/><SP WIDTH="22" VPOS="858" HPOS="509"/>
							<String ID="string_155" HPOS="531" VPOS="858" WIDTH="111" HEIGHT="22" WC="0.96" CONTENT="föremålet"/><SP WIDTH="22" VPOS="858" HPOS="642"/>
							<String ID="string_156" HPOS="664" VPOS="858" WIDTH="35" HEIGHT="21" WC="0.96" CONTENT="för"/><SP WIDTH="24" VPOS="858" HPOS="699"/>
							<String ID="string_157" HPOS="723" VPOS="858" WIDTH="116" HEIGHT="21" WC="0.93" CONTENT="utskottets"/><SP WIDTH="19" VPOS="858" HPOS="839"/>
							<String ID="string_158" HPOS="858" VPOS="858" WIDTH="70" HEIGHT="22" WC="0.92" CONTENT="öfver-"/>
						</TextLine>
						<TextLine ID="line_19" HPOS="180" VPOS="893" WIDTH="130" HEIGHT="29">
							<String ID="string_159" HPOS="180" VPOS="893" WIDTH="130" HEIGHT="29" WC="0.96" CONTENT="läggningar."/>
						</TextLine>
					</TextBlock>
					<TextBlock ID="block_2" HPOS="177" VPOS="929" WIDTH="752" HEIGHT="567">
						<TextLine ID="line_20" HPOS="252" VPOS="929" WIDTH="677" HEIGHT="30">
							<String ID="string_160" HPOS="252" VPOS="929" WIDTH="85" HEIGHT="22" WC="0.95" CONTENT="Härvid"/><SP WIDTH="15" VPOS="929" HPOS="337"/>
							<String ID="string_161" HPOS="352" VPOS="930" WIDTH="39" HEIGHT="21" WC="0.95" CONTENT="har"/><SP WIDTH="15" VPOS="930" HPOS="391"/>
							<String ID="string_162" HPOS="406" VPOS="931" WIDTH="111" HEIGHT="26" WC="0.96" CONTENT="utskottet,"/><SP WIDTH="17" VPOS="931" HPOS="517"/>
							<String ID="string_163" HPOS="534" VPOS="938" WIDTH="45" HEIGHT="14" WC="0.96" CONTENT="som"/><SP WIDTH="17" VPOS="938" HPOS="579"/>
							<String ID="string_164" HPOS="596" VPOS="931" WIDTH="27" HEIGHT="28" WC="0.96" CONTENT="på"/><SP WIDTH="15" VPOS="931" HPOS="623"/>
							<String ID="string_165" HPOS="638" VPOS="931" WIDTH="92" HEIGHT="28" WC="0.95" CONTENT="begäran"/><SP WIDTH="18" VPOS="931" HPOS="730"/>
							<String ID="string_166" HPOS="748" VPOS="930" WIDTH="84" HEIGHT="21" WC="0.96" CONTENT="erhållit"/><SP WIDTH="20" VPOS="930" HPOS="832"/>
							<String ID="string_167" HPOS="852" VPOS="930" WIDTH="34" HEIGHT="21" WC="0.95" CONTENT="del"/><SP WIDTH="21" VPOS="930" HPOS="886"/>
							<String ID="string_168" HPOS="907" VPOS="930" WIDTH="22" HEIGHT="21" WC="0.96" CONTENT="af"/>
						</TextLine>
						<TextLine ID="line_21" HPOS="179" VPOS="965" WIDTH="749" HEIGHT="30">
							<String ID="string_169" HPOS="179" VPOS="965" WIDTH="37" HEIGHT="22" WC="0.96" CONTENT="det"/><SP WIDTH="21" VPOS="965" HPOS="216"/>
							<String ID="string_170" HPOS="237" VPOS="973" WIDTH="105" HEIGHT="22" WC="0.96" CONTENT="program,"/><SP WIDTH="23" VPOS="973" HPOS="342"/>
							<String ID="string_171" HPOS="365" VPOS="967" WIDTH="83" HEIGHT="21" WC="0.96" CONTENT="hvilket"/><SP WIDTH="23" VPOS="967" HPOS="448"/>
							<String ID="string_172" HPOS="471" VPOS="966" WIDTH="119" HEIGHT="22" WC="0.96" CONTENT="meddelats"/><SP WIDTH="24" VPOS="966" HPOS="590"/>
							<String ID="string_173" HPOS="614" VPOS="975" WIDTH="26" HEIGHT="13" WC="0.96" CONTENT="en"/><SP WIDTH="21" VPOS="975" HPOS="640"/>
							<String ID="string_174" HPOS="661" VPOS="967" WIDTH="22" HEIGHT="20" WC="0.90" CONTENT="af"/><SP WIDTH="16" VPOS="967" HPOS="683"/>
							<String ID="string_175" HPOS="699" VPOS="966" WIDTH="121" HEIGHT="29" WC="0.95" CONTENT="Kejserliga"/><SP WIDTH="16" VPOS="966" HPOS="820"/>
							<String ID="string_176" HPOS="836" VPOS="965" WIDTH="92" HEIGHT="22" WC="0.95" CONTENT="Senaten"/>
						</TextLine>
						<TextLine ID="line_22" HPOS="179" VPOS="1001" WIDTH="750" HEIGHT="30">
							<String ID="string_177" HPOS="179" VPOS="1001" WIDTH="87" HEIGHT="22" WC="0.93" CONTENT="nedsatt"/><SP WIDTH="16" VPOS="1001" HPOS="266"/>
							<String ID="string_178" HPOS="282" VPOS="1002" WIDTH="85" HEIGHT="26" WC="0.92" CONTENT="komité,"/><SP WIDTH="16" VPOS="1002" HPOS="367"/>
							<String ID="string_179" HPOS="383" VPOS="1003" WIDTH="63" HEIGHT="21" WC="0.96" CONTENT="hvars"/><SP WIDTH="17" VPOS="1003" HPOS="446"/>
							<String ID="string_180" HPOS="463" VPOS="1003" WIDTH="97" HEIGHT="28" WC="0.96" CONTENT="uppdrag"/><SP WIDTH="11" VPOS="1003" HPOS="560"/>
							<String ID="string_181" HPOS="571" VPOS="1005" WIDTH="23" HEIGHT="18" WC="0.96" CONTENT="är"/><SP WIDTH="13" VPOS="1005" HPOS="594"/>
							<String ID="string_182" HPOS="607" VPOS="1005" WIDTH="30" HEIGHT="19" WC="0.96" CONTENT="att"/><SP WIDTH="13" VPOS="1005" HPOS="637"/>
							<String ID="string_183" HPOS="650" VPOS="1005" WIDTH="49" HEIGHT="26" WC="0.93" CONTENT="taga"/><SP WIDTH="11" VPOS="1005" HPOS="699"/>
							<String ID="string_184" HPOS="710" VPOS="1001" WIDTH="140" HEIGHT="30" WC="0.91" CONTENT="skogsfrågan"/><SP WIDTH="12" VPOS="1001" HPOS="850"/>
							<String ID="string_185" HPOS="862" VPOS="1001" WIDTH="67" HEIGHT="22" WC="0.95" CONTENT="under"/>
						</TextLine>
						<TextLine ID="line_23" HPOS="179" VPOS="1037" WIDTH="750" HEIGHT="30">
							<String ID="string_186" HPOS="179" VPOS="1037" WIDTH="86" HEIGHT="29" WC="0.93" CONTENT="allsidig"/><SP WIDTH="22" VPOS="1037" HPOS="265"/>
							<String ID="string_187" HPOS="287" VPOS="1038" WIDTH="105" HEIGHT="29" WC="0.88" CONTENT="pröfning,"/><SP WIDTH="22" VPOS="1038" HPOS="392"/>
							<String ID="string_188" HPOS="414" VPOS="1041" WIDTH="71" HEIGHT="19" WC="0.96" CONTENT="ansett"/><SP WIDTH="23" VPOS="1041" HPOS="485"/>
							<String ID="string_189" HPOS="508" VPOS="1038" WIDTH="37" HEIGHT="21" WC="0.96" CONTENT="det"/><SP WIDTH="22" VPOS="1038" HPOS="545"/>
							<String ID="string_190" HPOS="567" VPOS="1038" WIDTH="47" HEIGHT="21" WC="0.96" CONTENT="från"/><SP WIDTH="24" VPOS="1038" HPOS="614"/>
							<String ID="string_191" HPOS="638" VPOS="1039" WIDTH="116" HEIGHT="28" WC="0.96" CONTENT="styrelsens"/><SP WIDTH="24" VPOS="1039" HPOS="754"/>
							<String ID="string_192" HPOS="778" VPOS="1037" WIDTH="47" HEIGHT="22" WC="0.96" CONTENT="sida"/><SP WIDTH="16" VPOS="1037" HPOS="825"/>
							<String ID="string_193" HPOS="841" VPOS="1037" WIDTH="88" HEIGHT="22" WC="0.96" CONTENT="sålunda"/>
						</TextLine>
						<TextLine ID="line_24" HPOS="178" VPOS="1073" WIDTH="751" HEIGHT="30">
							<String ID="string_194" HPOS="178" VPOS="1075" WIDTH="65" HEIGHT="26" WC="0.96" CONTENT="tagna"/><SP WIDTH="24" VPOS="1075" HPOS="243"/>
							<String ID="string_195" HPOS="267" VPOS="1074" WIDTH="115" HEIGHT="21" WC="0.93" CONTENT="initiativet"/><SP WIDTH="23" VPOS="1074" HPOS="382"/>
							<String ID="string_196" HPOS="405" VPOS="1075" WIDTH="33" HEIGHT="20" WC="0.93" CONTENT="till"/><SP WIDTH="24" VPOS="1075" HPOS="438"/>
							<String ID="string_197" HPOS="462" VPOS="1074" WIDTH="188" HEIGHT="29" WC="0.93" CONTENT="undersökningar,"/><SP WIDTH="23" VPOS="1074" HPOS="650"/>
							<String ID="string_198" HPOS="673" VPOS="1074" WIDTH="81" HEIGHT="26" WC="0.95" CONTENT="hvilka,"/><SP WIDTH="22" VPOS="1074" HPOS="754"/>
							<String ID="string_199" HPOS="776" VPOS="1077" WIDTH="31" HEIGHT="18" WC="0.95" CONTENT="att"/><SP WIDTH="21" VPOS="1077" HPOS="807"/>
							<String ID="string_200" HPOS="828" VPOS="1073" WIDTH="64" HEIGHT="22" WC="0.96" CONTENT="döma"/><SP WIDTH="15" VPOS="1073" HPOS="892"/>
							<String ID="string_201" HPOS="907" VPOS="1073" WIDTH="22" HEIGHT="22" WC="0.95" CONTENT="af"/>
						</TextLine>
						<TextLine ID="line_25" HPOS="180" VPOS="1109" WIDTH="748" HEIGHT="29">
							<String ID="string_202" HPOS="180" VPOS="1109" WIDTH="67" HEIGHT="28" WC="0.94" CONTENT="sagda"/><SP WIDTH="24" VPOS="1109" HPOS="247"/>
							<String ID="string_203" HPOS="271" VPOS="1117" WIDTH="103" HEIGHT="21" WC="0.96" CONTENT="program,"/><SP WIDTH="23" VPOS="1117" HPOS="374"/>
							<String ID="string_204" HPOS="397" VPOS="1110" WIDTH="85" HEIGHT="21" WC="0.96" CONTENT="komma"/><SP WIDTH="23" VPOS="1110" HPOS="482"/>
							<String ID="string_205" HPOS="505" VPOS="1113" WIDTH="32" HEIGHT="18" WC="0.96" CONTENT="att"/><SP WIDTH="15" VPOS="1113" HPOS="537"/>
							<String ID="string_206" HPOS="552" VPOS="1112" WIDTH="95" HEIGHT="19" WC="0.96" CONTENT="närmare"/><SP WIDTH="17" VPOS="1112" HPOS="647"/>
							<String ID="string_207" HPOS="664" VPOS="1110" WIDTH="75" HEIGHT="21" WC="0.95" CONTENT="beröra"/><SP WIDTH="16" VPOS="1110" HPOS="739"/>
							<String ID="string_208" HPOS="755" VPOS="1109" WIDTH="63" HEIGHT="22" WC="0.96" CONTENT="äfven"/><SP WIDTH="17" VPOS="1109" HPOS="818"/>
							<String ID="string_209" HPOS="835" VPOS="1109" WIDTH="41" HEIGHT="22" WC="0.91" CONTENT="den"/><SP WIDTH="16" VPOS="1109" HPOS="876"/>
							<String ID="string_210" HPOS="892" VPOS="1117" WIDTH="36" HEIGHT="14" WC="0.91" CONTENT="en-"/>
						</TextLine>
						<TextLine ID="line_26" HPOS="180" VPOS="1145" WIDTH="748" HEIGHT="29">
							<String ID="string_211" HPOS="180" VPOS="1145" WIDTH="81" HEIGHT="21" WC="0.93" CONTENT="skildes"/><SP WIDTH="17" VPOS="1145" HPOS="261"/>
							<String ID="string_212" HPOS="278" VPOS="1145" WIDTH="206" HEIGHT="29" WC="0.92" CONTENT="skogshushållning,"/><SP WIDTH="17" VPOS="1145" HPOS="484"/>
							<String ID="string_213" HPOS="501" VPOS="1146" WIDTH="51" HEIGHT="22" WC="0.96" CONTENT="böra"/><SP WIDTH="16" VPOS="1146" HPOS="552"/>
							<String ID="string_214" HPOS="568" VPOS="1147" WIDTH="92" HEIGHT="20" WC="0.96" CONTENT="utesluta"/><SP WIDTH="16" VPOS="1147" HPOS="660"/>
							<String ID="string_215" HPOS="676" VPOS="1146" WIDTH="73" HEIGHT="28" WC="0.96" CONTENT="hvarje"/><SP WIDTH="16" VPOS="1146" HPOS="749"/>
							<String ID="string_216" HPOS="765" VPOS="1145" WIDTH="65" HEIGHT="21" WC="0.96" CONTENT="tanke"/><SP WIDTH="16" VPOS="1145" HPOS="830"/>
							<String ID="string_217" HPOS="846" VPOS="1145" WIDTH="28" HEIGHT="29" WC="0.93" CONTENT="på"/><SP WIDTH="12" VPOS="1145" HPOS="874"/>
							<String ID="string_218" HPOS="886" VPOS="1148" WIDTH="42" HEIGHT="18" WC="0.92" CONTENT="sta-"/>
						</TextLine>
						<TextLine ID="line_27" HPOS="180" VPOS="1181" WIDTH="749" HEIGHT="29">
							<String ID="string_219" HPOS="180" VPOS="1183" WIDTH="47" HEIGHT="19" WC="0.93" CONTENT="tens"/><SP WIDTH="17" VPOS="1183" HPOS="227"/>
							<String ID="string_220" HPOS="244" VPOS="1181" WIDTH="150" HEIGHT="21" WC="0.92" CONTENT="mellankomst"/><SP WIDTH="15" VPOS="1181" HPOS="394"/>
							<String ID="string_221" HPOS="409" VPOS="1182" WIDTH="7" HEIGHT="20" WC="0.96" CONTENT="i"/><SP WIDTH="16" VPOS="1182" HPOS="416"/>
							<String ID="string_222" HPOS="432" VPOS="1185" WIDTH="65" HEIGHT="18" WC="0.96" CONTENT="annat"/><SP WIDTH="16" VPOS="1185" HPOS="497"/>
							<String ID="string_223" HPOS="513" VPOS="1182" WIDTH="101" HEIGHT="21" WC="0.96" CONTENT="afseende"/><SP WIDTH="17" VPOS="1182" HPOS="614"/>
							<String ID="string_224" HPOS="631" VPOS="1184" WIDTH="25" HEIGHT="18" WC="0.96" CONTENT="än"/><SP WIDTH="16" VPOS="1184" HPOS="656"/>
							<String ID="string_225" HPOS="672" VPOS="1189" WIDTH="78" HEIGHT="21" WC="0.95" CONTENT="genom"/><SP WIDTH="16" VPOS="1189" HPOS="750"/>
							<String ID="string_226" HPOS="766" VPOS="1181" WIDTH="77" HEIGHT="29" WC="0.95" CONTENT="nödiga"/><SP WIDTH="13" VPOS="1181" HPOS="843"/>
							<String ID="string_227" HPOS="856" VPOS="1181" WIDTH="73" HEIGHT="28" WC="0.95" CONTENT="anslag"/>
						</TextLine>
						<TextLine ID="line_28" HPOS="179" VPOS="1215" WIDTH="749" HEIGHT="30">
							<String ID="string_228" HPOS="179" VPOS="1215" WIDTH="23" HEIGHT="22" WC="0.93" CONTENT="åt"/><SP WIDTH="15" VPOS="1215" HPOS="202"/>
							<String ID="string_229" HPOS="217" VPOS="1216" WIDTH="158" HEIGHT="29" WC="0.91" CONTENT="hushållnings-"/><SP WIDTH="17" VPOS="1216" HPOS="375"/>
							<String ID="string_230" HPOS="392" VPOS="1217" WIDTH="39" HEIGHT="22" WC="0.93" CONTENT="och"/><SP WIDTH="17" VPOS="1217" HPOS="431"/>
							<String ID="string_231" HPOS="448" VPOS="1217" WIDTH="256" HEIGHT="28" WC="0.89" CONTENT="landtbrukssällskapen,"/><SP WIDTH="16" VPOS="1217" HPOS="704"/>
							<String ID="string_232" HPOS="720" VPOS="1217" WIDTH="74" HEIGHT="21" WC="0.96" CONTENT="hvilka"/><SP WIDTH="12" VPOS="1217" HPOS="794"/>
							<String ID="string_233" HPOS="806" VPOS="1217" WIDTH="122" HEIGHT="28" WC="0.95" CONTENT="härigenom"/>
						</TextLine>
						<TextLine ID="line_29" HPOS="179" VPOS="1251" WIDTH="750" HEIGHT="30">
							<String ID="string_234" HPOS="179" VPOS="1251" WIDTH="74" HEIGHT="22" WC="0.92" CONTENT="blefve"/><SP WIDTH="17" VPOS="1251" HPOS="253"/>
							<String ID="string_235" HPOS="270" VPOS="1255" WIDTH="55" HEIGHT="18" WC="0.96" CONTENT="satta"/><SP WIDTH="15" VPOS="1255" HPOS="325"/>
							<String ID="string_236" HPOS="340" VPOS="1253" WIDTH="8" HEIGHT="20" WC="0.96" CONTENT="i"/><SP WIDTH="15" VPOS="1253" HPOS="348"/>
							<String ID="string_237" HPOS="363" VPOS="1253" WIDTH="85" HEIGHT="21" WC="0.91" CONTENT="tillfälle"/><SP WIDTH="16" VPOS="1253" HPOS="448"/>
							<String ID="string_238" HPOS="464" VPOS="1256" WIDTH="37" HEIGHT="23" WC="0.96" CONTENT="att,"/><SP WIDTH="16" VPOS="1256" HPOS="501"/>
							<String ID="string_239" HPOS="517" VPOS="1253" WIDTH="55" HEIGHT="21" WC="0.93" CONTENT="efter"/><SP WIDTH="15" VPOS="1253" HPOS="572"/>
							<String ID="string_240" HPOS="587" VPOS="1253" WIDTH="27" HEIGHT="21" WC="0.93" CONTENT="fri"/><SP WIDTH="11" VPOS="1253" HPOS="614"/>
							<String ID="string_241" HPOS="625" VPOS="1253" WIDTH="101" HEIGHT="28" WC="0.93" CONTENT="pröfning"/><SP WIDTH="11" VPOS="1253" HPOS="726"/>
							<String ID="string_242" HPOS="737" VPOS="1252" WIDTH="22" HEIGHT="21" WC="0.93" CONTENT="af"/><SP WIDTH="11" VPOS="1252" HPOS="759"/>
							<String ID="string_243" HPOS="770" VPOS="1251" WIDTH="159" HEIGHT="23" WC="0.92" CONTENT="ortsförhällan-"/>
						</TextLine>
						<TextLine ID="line_30" HPOS="178" VPOS="1287" WIDTH="750" HEIGHT="30">
							<String ID="string_244" HPOS="178" VPOS="1287" WIDTH="62" HEIGHT="27" WC="0.93" CONTENT="dena,"/><SP WIDTH="23" VPOS="1287" HPOS="240"/>
							<String ID="string_245" HPOS="263" VPOS="1288" WIDTH="72" HEIGHT="21" WC="0.92" CONTENT="skrida"/><SP WIDTH="21" VPOS="1288" HPOS="335"/>
							<String ID="string_246" HPOS="356" VPOS="1289" WIDTH="33" HEIGHT="21" WC="0.95" CONTENT="till"/><SP WIDTH="24" VPOS="1289" HPOS="389"/>
							<String ID="string_247" HPOS="413" VPOS="1288" WIDTH="80" HEIGHT="22" WC="0.95" CONTENT="sådana"/><SP WIDTH="22" VPOS="1288" HPOS="493"/>
							<String ID="string_248" HPOS="515" VPOS="1288" WIDTH="97" HEIGHT="29" WC="0.96" CONTENT="åtgärder"/><SP WIDTH="20" VPOS="1288" HPOS="612"/>
							<String ID="string_249" HPOS="632" VPOS="1289" WIDTH="34" HEIGHT="20" WC="0.93" CONTENT="för"/><SP WIDTH="15" VPOS="1289" HPOS="666"/>
							<String ID="string_250" HPOS="681" VPOS="1287" WIDTH="167" HEIGHT="30" WC="0.92" CONTENT="möjliggörande"/><SP WIDTH="17" VPOS="1287" HPOS="848"/>
							<String ID="string_251" HPOS="865" VPOS="1289" WIDTH="22" HEIGHT="20" WC="0.96" CONTENT="af"/><SP WIDTH="16" VPOS="1289" HPOS="887"/>
							<String ID="string_252" HPOS="903" VPOS="1296" WIDTH="25" HEIGHT="13" WC="0.96" CONTENT="en"/>
						</TextLine>
						<TextLine ID="line_31" HPOS="178" VPOS="1324" WIDTH="750" HEIGHT="29">
							<String ID="string_253" HPOS="178" VPOS="1324" WIDTH="128" HEIGHT="21" WC="0.89" CONTENT="rationelare"/><SP WIDTH="17" VPOS="1324" HPOS="306"/>
							<String ID="string_254" HPOS="323" VPOS="1325" WIDTH="207" HEIGHT="28" WC="0.90" CONTENT="skogshushållning,"/><SP WIDTH="16" VPOS="1325" HPOS="530"/>
							<String ID="string_255" HPOS="546" VPOS="1333" WIDTH="45" HEIGHT="13" WC="0.96" CONTENT="som"/><SP WIDTH="18" VPOS="1333" HPOS="591"/>
							<String ID="string_256" HPOS="609" VPOS="1324" WIDTH="118" HEIGHT="22" WC="0.95" CONTENT="emellertid"/><SP WIDTH="15" VPOS="1324" HPOS="727"/>
							<String ID="string_257" HPOS="742" VPOS="1324" WIDTH="72" HEIGHT="21" WC="0.96" CONTENT="kunna"/><SP WIDTH="19" VPOS="1324" HPOS="814"/>
							<String ID="string_258" HPOS="833" VPOS="1324" WIDTH="95" HEIGHT="29" WC="0.96" CONTENT="påkallas"/>
						</TextLine>
						<TextLine ID="line_32" HPOS="178" VPOS="1359" WIDTH="751" HEIGHT="30">
							<String ID="string_259" HPOS="178" VPOS="1359" WIDTH="66" HEIGHT="22" WC="0.96" CONTENT="redan"/><SP WIDTH="18" VPOS="1359" HPOS="244"/>
							<String ID="string_260" HPOS="262" VPOS="1361" WIDTH="63" HEIGHT="20" WC="0.95" CONTENT="innan"/><SP WIDTH="17" VPOS="1361" HPOS="325"/>
							<String ID="string_261" HPOS="342" VPOS="1360" WIDTH="23" HEIGHT="21" WC="0.92" CONTENT="af"/><SP WIDTH="16" VPOS="1360" HPOS="365"/>
							<String ID="string_262" HPOS="381" VPOS="1361" WIDTH="140" HEIGHT="21" WC="0.92" CONTENT="omförmälda"/><SP WIDTH="11" VPOS="1361" HPOS="521"/>
							<String ID="string_263" HPOS="532" VPOS="1361" WIDTH="182" HEIGHT="28" WC="0.92" CONTENT="styrelseinitiativ"/><SP WIDTH="13" VPOS="1361" HPOS="714"/>
							<String ID="string_264" HPOS="727" VPOS="1360" WIDTH="105" HEIGHT="22" WC="0.96" CONTENT="beroende"/><SP WIDTH="12" VPOS="1360" HPOS="832"/>
							<String ID="string_265" HPOS="844" VPOS="1360" WIDTH="85" HEIGHT="28" WC="0.96" CONTENT="slutliga"/>
						</TextLine>
						<TextLine ID="line_33" HPOS="178" VPOS="1395" WIDTH="751" HEIGHT="30">
							<String ID="string_266" HPOS="178" VPOS="1396" WIDTH="143" HEIGHT="28" WC="0.91" CONTENT="tillgöranden"/><SP WIDTH="22" VPOS="1396" HPOS="321"/>
							<String ID="string_267" HPOS="343" VPOS="1396" WIDTH="90" HEIGHT="21" WC="0.96" CONTENT="kommit"/><SP WIDTH="18" VPOS="1396" HPOS="433"/>
							<String ID="string_268" HPOS="451" VPOS="1396" WIDTH="31" HEIGHT="22" WC="0.96" CONTENT="till"/><SP WIDTH="23" VPOS="1396" HPOS="482"/>
							<String ID="string_269" HPOS="505" VPOS="1396" WIDTH="179" HEIGHT="29" WC="0.95" CONTENT="förverkligande."/><SP WIDTH="31" VPOS="1396" HPOS="684"/>
							<String ID="string_270" HPOS="715" VPOS="1396" WIDTH="44" HEIGHT="21" WC="0.96" CONTENT="För"/><SP WIDTH="15" VPOS="1396" HPOS="759"/>
							<String ID="string_271" HPOS="774" VPOS="1395" WIDTH="108" HEIGHT="30" WC="0.96" CONTENT="åtgärden,"/><SP WIDTH="16" VPOS="1395" HPOS="882"/>
							<String ID="string_272" HPOS="898" VPOS="1399" WIDTH="31" HEIGHT="18" WC="0.96" CONTENT="att"/>
						</TextLine>
						<TextLine ID="line_34" HPOS="177" VPOS="1431" WIDTH="751" HEIGHT="29">
							<String ID="string_273" HPOS="177" VPOS="1431" WIDTH="33" HEIGHT="21" WC="0.96" CONTENT="till"/><SP WIDTH="16" VPOS="1431" HPOS="210"/>
							<String ID="string_274" HPOS="226" VPOS="1432" WIDTH="93" HEIGHT="21" WC="0.96" CONTENT="nämnda"/><SP WIDTH="17" VPOS="1432" HPOS="319"/>
							<String ID="string_275" HPOS="336" VPOS="1432" WIDTH="105" HEIGHT="28" WC="0.96" CONTENT="sällskaps"/><SP WIDTH="16" VPOS="1432" HPOS="441"/>
							<String ID="string_276" HPOS="457" VPOS="1432" WIDTH="128" HEIGHT="28" WC="0.96" CONTENT="förfogande"/><SP WIDTH="16" VPOS="1432" HPOS="585"/>
							<String ID="string_277" HPOS="601" VPOS="1433" WIDTH="61" HEIGHT="20" WC="0.96" CONTENT="ställa"/><SP WIDTH="19" VPOS="1433" HPOS="662"/>
							<String ID="string_278" HPOS="681" VPOS="1432" WIDTH="79" HEIGHT="28" WC="0.96" CONTENT="nödiga"/><SP WIDTH="20" VPOS="1432" HPOS="760"/>
							<String ID="string_279" HPOS="780" VPOS="1432" WIDTH="74" HEIGHT="28" WC="0.96" CONTENT="anslag"/><SP WIDTH="15" VPOS="1432" HPOS="854"/>
							<String ID="string_280" HPOS="869" VPOS="1432" WIDTH="7" HEIGHT="20" WC="0.93" CONTENT="i"/><SP WIDTH="16" VPOS="1432" HPOS="876"/>
							<String ID="string_281" HPOS="892" VPOS="1439" WIDTH="36" HEIGHT="13" WC="0.88" CONTENT="an-"/>
						</TextLine>
						<TextLine ID="line_35" HPOS="177" VPOS="1467" WIDTH="752" HEIGHT="29">
							<String ID="string_282" HPOS="177" VPOS="1467" WIDTH="49" HEIGHT="28" WC="0.92" CONTENT="tydt"/><SP WIDTH="17" VPOS="1467" HPOS="226"/>
							<String ID="string_283" HPOS="243" VPOS="1467" WIDTH="105" HEIGHT="27" WC="0.96" CONTENT="ändamål,"/><SP WIDTH="23" VPOS="1467" HPOS="348"/>
							<String ID="string_284" HPOS="371" VPOS="1468" WIDTH="54" HEIGHT="21" WC="0.96" CONTENT="talar"/><SP WIDTH="23" VPOS="1468" HPOS="425"/>
							<String ID="string_285" HPOS="448" VPOS="1468" WIDTH="58" HEIGHT="21" WC="0.93" CONTENT="såväl"/><SP WIDTH="23" VPOS="1468" HPOS="506"/>
							<String ID="string_286" HPOS="529" VPOS="1468" WIDTH="131" HEIGHT="28" WC="0.92" CONTENT="sällskapens"/><SP WIDTH="24" VPOS="1468" HPOS="660"/>
							<String ID="string_287" HPOS="684" VPOS="1468" WIDTH="75" HEIGHT="22" WC="0.96" CONTENT="visade"/><SP WIDTH="21" VPOS="1468" HPOS="759"/>
							<String ID="string_288" HPOS="780" VPOS="1467" WIDTH="96" HEIGHT="29" WC="0.96" CONTENT="förmåga"/><SP WIDTH="22" VPOS="1467" HPOS="876"/>
							<String ID="string_289" HPOS="898" VPOS="1471" WIDTH="31" HEIGHT="19" WC="0.96" CONTENT="att"/>
						</TextLine>
					</TextBlock>
					<TextBlock ID="block_3" HPOS="250" VPOS="1510" WIDTH="432" HEIGHT="19">
						<TextLine ID="line_36" HPOS="250" VPOS="1510" WIDTH="432" HEIGHT="19">
							<String ID="string_290" HPOS="250" VPOS="1510" WIDTH="208" HEIGHT="18" WC="0.91" CONTENT="Ekonomiutskottets"/><SP WIDTH="15" VPOS="1510" HPOS="458"/>
							<String ID="string_291" HPOS="473" VPOS="1510" WIDTH="126" HEIGHT="19" WC="0.96" CONTENT="betänkande"/><SP WIDTH="13" VPOS="1510" HPOS="599"/>
							<String ID="string_292" HPOS="612" VPOS="1511" WIDTH="38" HEIGHT="18" WC="0.94" CONTENT="N:o"/><SP WIDTH="15" VPOS="1511" HPOS="650"/>
							<String ID="string_293" HPOS="665" VPOS="1512" WIDTH="17" HEIGHT="17" WC="0.96" CONTENT="9."/>
						</TextLine>
					</TextBlock>
				</ComposedBlock>
			</PrintSpace>
		</Page>
	</Layout>
</alto>
