1073 1748
197 160 163 28 (Öfversättning).

553 451 41 22 IV.

269 523 48 22 Den
338 523 7 22 i
366 523 147 22 förevarande
533 523 191 28 petitionsförslag
740 524 83 21 äskade
838 524 110 21 utsträck-

196 559 55 27 ning
267 559 24 21 af
304 559 111 22 kvinnans
430 559 138 27 rättigheter
584 565 67 21 synes
667 565 53 16 vara
736 559 26 22 af
775 559 69 22 sådan
860 562 40 24 art,
916 563 33 18 att

196 595 73 27 någon
293 595 51 21 fullt
368 595 93 27 stadgad
482 595 61 21 åsikt
565 595 19 27 ej
602 601 39 16 ens
657 595 7 21 i
680 595 128 27 principielt
823 595 125 22 hänseende

196 631 64 22 torde
271 631 27 21 ha
309 631 95 21 utbildat
416 631 35 27 sig
457 631 94 22 rörande
564 631 130 22 densamma.
712 631 46 22 Och
768 631 46 21 lika
825 631 50 22 litet
887 631 61 21 torde

197 673 49 15 man
270 667 66 21 hafva
362 667 60 22 klart
445 666 35 23 för
503 667 41 27 sig,
568 667 57 22 huru
648 667 64 28 långt
736 667 26 22 de
778 667 170 28 ifrågavarande

197 703 164 27 rättigheterna
384 703 7 21 i
415 703 119 26 praktiken
556 703 39 22 och
620 703 49 22 med
692 704 86 27 hänsyn
801 703 35 22 till
850 703 98 22 rådande

196 739 155 22 förhållanden
366 739 55 22 böra
436 739 132 22 utsträckas.
596 739 56 21 Lika
664 739 108 27 enhälligt
785 745 45 16 som
842 739 37 22 det
890 739 57 22 med-

198 774 79 28 gifves,
298 777 33 19 att
352 775 97 22 kvinnan
471 777 25 19 är
516 775 92 27 lämplig
630 787 26 3 —
679 775 208 27 öfverhufvudtaget
905 775 43 21 må-

196 811 74 21 hända
290 811 130 27 lämpligare
441 813 28 19 än
490 817 94 16 mannen
606 824 27 2 —
656 811 34 21 för
711 811 181 27 undervisnings-
908 811 40 21 och

197 847 242 27 uppfostringsarbetet
458 847 28 26 på
502 847 90 21 skolans
608 847 62 27 lägre
687 847 93 28 klasser,
798 847 90 22 hvarest
904 847 43 21 ele-

197 889 69 15 verna
282 885 58 19 ännu
356 883 86 22 befinna
459 884 34 26 sig
508 883 7 21 i
531 883 155 27 barnaåldern,
703 883 46 21 lika
765 882 110 28 oafgjordt
885 883 63 21 torde

197 919 38 21 det
260 919 54 21 böra
338 925 71 20 anses,
433 921 34 19 att
491 919 41 21 hon
556 919 72 21 skulle
648 925 54 15 vara
722 919 92 27 lämplig
830 918 34 22 för
880 918 68 28 sagda

197 955 144 21 värksamhet
357 956 13 20 å
386 956 68 26 högre
471 955 87 21 klasser
574 955 7 21 i
598 961 26 15 en
636 955 108 27 gosskola.
770 955 78 21 Denna
859 955 88 21 osäker-

197 990 38 22 het
258 990 7 21 i
288 990 86 22 åsikter
397 990 133 22 framträder
554 990 65 22 äfven
641 991 6 20 i
664 990 127 22 Utskottets
806 990 142 22 förestående

194 1026 142 22 betänkande
348 1026 39 21 och
399 1026 26 22 de
436 1026 7 21 i
455 1026 119 27 anledning
586 1026 66 21 däraf
660 1026 78 27 gjorda
749 1026 198 21 reservationerna.

195 1062 33 21 Ur
244 1062 128 21 Utskottets
388 1062 59 21 kläm
464 1061 98 28 framgår
578 1062 19 27 ej
615 1068 39 16 ens
670 1062 87 27 tydligt,
775 1062 108 21 huruvida
899 1068 49 15 man

196 1097 83 21 önskar
299 1099 33 19 att
353 1098 82 21 kvinna
452 1098 57 21 skall
525 1100 54 19 utan
595 1097 216 27 dispensansökning
826 1097 122 27 berättigas

196 1135 33 19 att
245 1133 85 21 erhälla
346 1133 226 27 lärarebefattningar
589 1134 7 20 i
611 1134 65 26 tyska
687 1134 40 21 och
738 1133 93 21 franska
842 1133 104 27 spräken,

196 1168 79 22 endast
291 1169 91 27 sälänge
398 1170 65 21 dessa
479 1169 137 22 fortfarande
632 1172 38 18 äro
687 1169 196 27 arvodestjänster,
893 1168 55 22 eller

196 1203 67 23 äfven
283 1204 126 29 framdeles,
431 1206 7 20 i
454 1206 106 21 händelse
583 1205 33 27 de,
634 1205 28 27 pä
678 1207 45 19 sätt
739 1204 124 22 Ständerna
879 1204 69 27 enligt

198 1240 126 22 Utskottets
340 1240 84 28 förslag
439 1241 39 22 vid
493 1248 30 15 nu
539 1241 115 27 pägäende
670 1241 106 27 landtdag
791 1241 92 21 beslutit
892 1241 51 26 peti-

195 1276 93 28 tionera,
299 1277 86 21 komma
396 1280 33 19 att
439 1277 107 22 ombildas
558 1277 36 21 till
604 1277 98 27 kollega-
712 1277 40 21 och
761 1276 187 27 lektorstjänster,

195 1313 41 20 Att
252 1312 64 21 döma
332 1311 24 22 af
370 1313 160 26 motiveringen
547 1319 67 20 synas
630 1313 134 26 visserligen
778 1311 170 28 ifrägavarande

195 1347 97 27 tjänster
312 1348 70 27 enligt
398 1348 127 22 Utskottets
543 1348 60 21 äsikt
618 1349 54 20 böra
687 1348 8 21 i
711 1347 69 28 sagda
795 1347 105 22 afseende
916 1347 32 21 in-

195 1383 105 27 begripas
324 1383 8 21 i
354 1383 118 22 klämmen.
504 1383 52 22 Men
578 1390 34 15 om
628 1383 66 22 äfven
711 1385 33 20 ett
759 1383 25 22 sä
800 1383 48 22 vidt
863 1382 85 27 gäende

196 1419 129 28 stadgande,
342 1425 45 16 som
404 1419 37 22 det
456 1419 118 22 Utskottet
585 1425 77 21 genom
675 1419 40 22 sitt
725 1419 152 22 betänkandes
888 1418 60 22 kläm

196 1460 66 16 anser
283 1455 35 27 sig
338 1455 28 21 ha
387 1455 122 28 föreslagit,
534 1455 74 22 skulle
628 1455 34 22 fås
681 1455 36 22 till
733 1455 71 27 stånd,
822 1454 25 21 sä
862 1455 86 21 komme
