1092 1739
332 143 215 22 Motionsbetänkande
562 144 34 21 N:o
611 143 20 22 5.

404 378 264 22 Ekonomiutskottets
699 379 162 21 betänkande

310 412 34 22 N:o
361 412 27 22 10
403 412 5 22 i
424 412 107 28 anledning
547 413 20 21 af
583 412 18 28 ej
618 413 77 21 mindre
711 413 29 22 ett
751 413 52 22 inom
815 413 45 22 Pre-

310 446 117 22 steståndet
437 447 116 21 framstäldt
563 447 164 27 motionsförslag
737 453 31 16 om
777 448 84 26 ändring

311 481 20 21 af
346 481 28 21 23
389 481 13 27 S
418 481 5 21 i
439 482 93 26 gällande
546 481 123 27 förordning,
681 481 112 27 angående,
801 482 60 21 bland

312 515 68 27 annat,
394 515 126 27 försäljning,
530 516 84 27 forsling
625 516 54 21 samt
690 516 72 27 upplag
771 516 21 21 af
802 516 59 21 brän-

311 550 38 26 vin,
365 552 25 19 än
406 550 29 21 ett
450 550 6 21 i
472 550 151 22 Bondeståndet
645 550 59 22 väckt
726 550 136 27 petitionsför-

311 585 45 26 slag
372 584 5 21 i
393 590 79 16 samma
487 586 65 20 ämne.

175 652 170 22 Ofvanberörda
360 652 38 22 två
413 652 93 29 förslag,
516 652 77 22 hvilka
603 652 73 23 såsom
686 653 88 28 bilagor
784 653 78 28 åtfölja

106 687 62 22 detta
183 687 149 26 betänkande,
348 687 68 22 hafva
432 687 25 22 af
470 688 127 27 respektive
609 687 64 22 stånd
683 688 135 27 hänskjutits
828 688 34 21 till

107 721 137 28 behandling
259 721 26 22 af
297 721 225 28 Ekonomiutskottet,
538 728 48 15 som
608 722 72 21 tillika
703 722 48 22 från
773 722 89 22 Preste-

108 756 88 22 ståndet
211 756 117 28 emottagit
338 757 82 27 utdrag
431 763 26 15 ur
468 757 51 21 dess
529 757 37 21 vid
577 756 219 29 motionsförslagets
805 757 57 21 före-

108 791 111 28 dragning
234 791 65 21 förda
314 791 118 28 protokoll,
448 791 156 22 innehållande
623 791 78 22 dervid
717 791 86 28 afgifna
818 793 43 26 ytt-

107 825 91 22 randen.

176 928 122 27 Utskottet,
314 935 49 15 som
377 928 50 22 icke
438 929 61 21 velat
510 928 139 28 ifrågasätta,
660 929 33 20 att
703 928 101 22 enskilda
814 935 49 21 per-

108 969 66 15 soner
189 963 13 22 å
216 963 61 22 vissa
292 964 60 21 orter
367 963 7 21 i
389 963 77 21 landet
489 963 135 22 missbrukat
640 963 48 21 från
703 963 111 28 apoteken
829 963 34 21 till

108 997 132 29 försäljning
255 998 7 21 i
278 997 24 22 så
319 997 86 22 kalladt
427 997 105 28 handköp
554 997 122 28 medgifna,
691 997 172 28 ifrågavarande

108 1032 82 27 droger
212 1032 42 22 och
277 1032 173 22 farmaceutiska
473 1033 111 27 preparat,
605 1032 176 27 enkannerligen
796 1032 27 21 de
839 1031 25 22 så

107 1066 89 22 kallade
221 1066 143 25 ,Hoffmanns
388 1067 147 27 dropparna”,
550 1067 7 21 i
572 1067 39 21 det
633 1067 28 20 de
684 1066 80 21 förtärt
787 1066 50 21 dem
857 1065 7 22 i

107 1101 117 28 uppenbar
246 1101 69 28 afsigt
330 1103 33 20 att
378 1101 155 22 åstadkomma
547 1101 130 28 berusning,
691 1101 42 21 har
747 1101 54 20 utan
816 1102 47 19 tve-

107 1135 45 21 kan
166 1135 82 28 intagit
263 1141 29 16 en
306 1135 123 28 afböjande
444 1135 101 28 hållning
560 1135 35 21 till
610 1135 28 21 de
653 1134 156 29 föreliggande
820 1134 44 22 för-

108 1169 85 28 slagen.
216 1170 36 21 De
267 1170 147 28 synpunkter,
424 1170 78 21 hvilka
512 1170 40 21 hos
563 1169 121 22 utskottets
695 1169 169 28 öfvervägande

107 1203 74 24 flertal
195 1204 80 22 härvid
290 1204 94 22 kommit
398 1204 73 22 under
486 1204 133 26 beaktande,
635 1204 38 21 äro
690 1203 104 28 följande.

176 1238 36 22 De
226 1239 135 28 hygieniska
376 1238 163 27 förhållanden,
553 1238 72 21 under
637 1237 77 22 hvilka
725 1237 43 22 den
778 1237 87 22 mindre

108 1273 132 22 bemedlade
263 1273 227 28 landtbefolkningen
505 1272 78 27 lefver,
599 1272 38 22 äro
654 1272 141 28 obestridligt
811 1271 55 28 föga

108 1314 139 22 gynsamma.
284 1308 42 22 Illa
348 1308 106 22 försedda
477 1307 112 27 bostäder,
613 1306 69 22 oftast
704 1306 7 22 i
735 1306 85 22 saknad
843 1305 26 22 af

109 1342 77 28 hvarje
209 1348 73 16 annan
297 1342 71 28 utväg
383 1342 35 21 till
433 1342 139 28 luftväxling
587 1342 28 20 än
631 1340 93 22 dörrens
739 1340 125 28 öppnande,

108 1376 114 22 bristande
245 1377 63 21 sinne
324 1376 36 22 för
375 1377 115 27 snygghet
504 1376 60 22 inom
578 1376 111 26 hemmen,
705 1374 93 28 otjenlig
813 1374 54 22 föda

108 1411 42 21 och
174 1411 136 28 otillräcklig
332 1410 127 22 beklädnad
482 1410 72 22 under
573 1410 44 21 den
638 1409 61 21 kalla
714 1408 97 22 årstiden
827 1408 39 22 äro

109 1445 155 21 betecknande
289 1444 36 22 för
349 1444 152 28 nyssberörda
527 1444 162 22 förhållanden.
725 1443 44 21 Vid
793 1442 74 22 helso-

177 1485 195 20 Ekonomiutskottets
387 1486 115 19 betänkande
518 1485 37 19 N:o
570 1486 31 18 10.
