1067 1739
249 168 75 22 Ständ.
340 168 46 22 Pet.
403 181 25 3 —
446 169 153 22 Petitionsbet.
615 169 38 22 N:o
669 169 20 22 2.
826 171 25 19 19

94 233 89 22 nomisk
199 234 43 21 och
252 234 90 22 teknisk
353 235 172 28 undersökning
535 234 36 22 för
579 242 29 14 en
617 235 235 29 sammanbindnings-

94 268 58 21 bana
172 269 56 28 från
250 270 124 26 Jyväskylä
397 272 60 26 öfver
479 271 87 26 Nyslott
589 270 38 22 och
649 270 152 27 Punkaharju
820 270 33 22 till

95 304 110 22 Karelska
228 305 73 21 banan
324 305 37 21 och
382 305 69 22 hamn
466 306 37 21 vid
517 305 92 27 Ladoga
625 307 57 19 samt
697 312 37 14 om
749 304 103 29 proposi-

95 337 48 21 tion
158 338 33 20 till
206 338 187 22 nästkommande
408 339 109 29 landtdag
529 339 117 28 angående
661 347 29 13 en
701 340 70 20 sådan
782 339 70 21 banas

94 372 128 28 byggande.
252 372 85 22 Vidare
359 373 40 21 har
422 374 6 20 i
452 374 168 28 Ridderskapet
643 374 42 21 och
703 374 76 21 Adeln
795 376 58 19 samt

94 406 110 29 Borgare-
224 408 42 21 och
288 408 177 22 Bondestånden
481 408 122 22 framstälts
619 408 120 28 petitioner
756 408 97 22 rörande

94 441 133 29 byggandet
249 442 26 21 af
295 450 28 14 en
343 442 98 29 järnväg
454 445 56 26 frän
525 444 124 26 Jyväskylä
665 450 77 21 genom
758 444 95 21 Heinola

95 478 32 20 till
143 478 81 26 Lahtis,
242 477 42 21 och
300 477 7 21 i
323 477 171 23 Bondeståndet
509 478 105 21 anhållits
623 485 36 14 om
669 478 91 21 teknisk
771 478 81 21 under-

96 511 97 28 sökning
213 512 35 21 för
264 520 28 13 en
305 512 98 28 järnväg
415 513 57 28 från
487 514 125 26 Jyväskylä
627 514 32 20 till
674 514 81 26 Kieppi
770 514 59 21 sund
844 512 8 21 i

95 546 109 21 närheten
220 546 25 21 af
258 546 147 29 Mäntyharju
421 547 83 21 station
519 547 40 21 vid
575 546 193 22 Savolaksbanan.

164 581 81 21 Planer
262 588 35 14 om
313 581 298 29 sammanbindningsbanor
627 581 94 22 emellan
736 582 68 24 Vasa,
814 581 38 21 Sa-

95 616 79 20 volaks
191 616 42 20 och
248 616 111 21 Karelska
373 616 102 21 banorna
489 616 70 22 hafva
573 616 71 21 redan
659 616 39 21 vid
713 616 54 21 flere
781 615 73 22 landt-

96 650 69 28 dagar
188 650 108 22 förevarit
318 650 34 22 till
370 651 145 29 behandling.
546 651 113 21 Behofvet
675 650 25 22 af
713 650 140 22 förbättrade

95 685 220 22 kommunikationer
331 685 7 21 i
355 686 27 21 de
397 686 112 21 mellersta
525 686 92 21 delarna
632 685 25 22 af
665 685 76 22 landet
751 685 41 22 har
803 685 50 21 icke

96 721 29 26 på
147 721 70 26 något
238 720 45 21 håll
306 722 55 19 satts
381 720 8 21 i
407 721 70 27 fråga,
501 728 52 13 men
568 720 29 21 då
611 720 98 21 nämnda
724 719 129 22 landsdelar

96 754 94 21 omfatta
213 757 31 18 ett
266 755 90 20 område
375 755 25 21 af
419 755 98 21 tusental
537 754 218 29 qvadratkilometer,
776 757 23 18 är
816 754 38 21 det

95 788 41 21 lätt
154 789 134 28 förklarligt,
308 791 32 19 att
356 789 59 22 olika
431 789 86 29 förslag
531 789 34 22 till
578 789 275 28 järnvägsanläggningar

96 823 129 22 framstälts.
249 823 45 21 För
305 824 126 21 utrönande
442 824 25 21 af
476 824 27 21 de
515 824 156 28 ifrägakomna
682 823 171 22 bansträcknin-

96 865 82 20 garnas
194 861 72 18 större
282 859 52 20 eller
349 859 88 21 mindre
451 859 132 28 lämplighet
593 859 70 21 hafva
673 859 48 21 dels
732 860 29 27 pä
772 858 82 21 allmän

96 892 133 26 bekostnad,
253 893 47 21 dels
318 895 29 26 pä
362 893 98 21 initiativ
477 893 24 21 at
515 893 102 21 enskilda
632 893 133 21 kommuner
779 893 75 22 föran-

97 927 87 22 staltats
200 927 147 22 ekonomiska
363 928 42 21 och
421 928 105 21 tekniska
541 927 203 28 undersökningar.

166 962 75 21 Ofvan
256 963 69 21 hafva
341 963 133 25 Ständerna,
491 963 51 21 med
552 962 140 22 hänvisande
703 962 34 21 till
745 970 29 14 en
782 962 72 21 under

96 997 138 28 landtdagen
246 997 67 28 gjord
322 997 248 28 detaljundersökning,
580 997 51 21 sökt
640 997 145 28 ädagalägga,
793 997 61 21 huru

97 1031 118 28 obetydlig
231 1031 43 21 den
290 1032 170 27 genomgående
477 1032 66 21 trafik
554 1035 31 22 är,
595 1039 48 14 som
653 1032 45 21 kan
706 1035 80 18 väntas
797 1039 57 20 upp-

96 1066 91 21 komma
202 1066 95 21 emellan
313 1066 28 21 de
353 1066 59 21 olika
423 1066 147 29 landskapen.
589 1067 46 20 Det
645 1066 103 21 ändamäl
758 1068 56 19 vära
822 1066 32 21 in-

96 1100 138 21 landsbanor
257 1101 69 21 hafva
349 1103 32 19 att
403 1101 106 28 uppfylla
527 1101 75 21 bestär
625 1100 70 29 enligt
715 1101 139 21 Ständernas

97 1135 69 21 tanke
181 1135 158 29 förnämligast
354 1135 33 21 uti
403 1138 32 19 att
450 1135 92 29 betjona
557 1136 44 21 den
616 1135 74 22 lokala
705 1135 150 22 samfärdseln

97 1169 61 22 inom
181 1170 87 21 banans
291 1173 51 25 eget
364 1170 166 26 trafikomräde,
554 1170 117 21 äfvensom
693 1172 32 19 att
745 1170 111 22 förmedla

98 1205 44 21 den
158 1205 25 20 af
194 1204 127 29 järnvägen
336 1205 97 21 berörda
448 1207 77 19 ortens
541 1205 32 21 in-
589 1205 41 21 och
646 1205 94 21 utförsel
752 1205 43 21 och
804 1205 52 20 dess

98 1239 66 21 däraf
178 1239 133 22 föranledda
326 1239 71 22 behof
411 1240 24 21 af
449 1239 138 22 förbindelse
598 1239 51 22 med
659 1239 145 22 hamnstäder
813 1239 43 21 och

98 1276 72 19 störro
186 1274 150 21 trafikcentra.
357 1274 36 21 En
407 1274 58 28 liflig
480 1275 127 21 lokaltrafik
618 1274 130 22 förutsätter
757 1274 99 22 emeller-

97 1308 34 21 tid
154 1316 28 14 en
204 1311 34 19 tät
259 1309 140 29 befolkning,
423 1310 82 21 närhet
527 1310 25 20 af
570 1309 141 29 betydligare
727 1309 129 22 affärsorter

98 1343 118 21 äfvensom
231 1343 88 22 tillvaro
337 1344 24 21 af
375 1344 53 21 eller
443 1344 120 28 möjlighet
573 1344 35 21 för
619 1344 128 21 inrättande
758 1343 25 21 af
791 1343 65 21 indu-

98 1378 85 21 striella
205 1378 63 22 verk.
298 1379 54 21 Men
375 1379 28 21 dä
423 1378 28 22 de
466 1379 93 25 trakter,
575 1378 78 22 hvilka
667 1378 89 22 komme
772 1380 33 19 att
820 1378 36 21 be-

98 1415 62 19 röras
180 1413 25 21 af
223 1412 173 29 ifrägavarande
409 1412 131 29 järnvägar,
556 1413 51 21 icke
622 1414 77 20 kunna
715 1416 65 25 sägas
796 1413 8 21 i
819 1414 37 20 nä-

98 1454 46 21 gon
159 1448 72 28 högre
246 1448 57 28 grad
318 1448 105 28 uppfylla
439 1448 66 21 dessa
515 1447 144 29 betingelser,
668 1449 94 27 uppstär
772 1447 85 22 tvekan
