1059 1734
310 166 301 27 Petitionsmemorial.

154 232 115 36 Bondest.
661 236 45 23 N:o
723 237 51 21 128.

595 400 179 26 (Öfversättning.)

250 521 45 20 Till
310 521 159 20 Hedervärda
487 521 189 22 Bondeständet,

152 585 69 20 Under
236 585 34 19 det
286 585 150 24 jernvägsnätet
450 585 92 20 alltmera
557 585 106 24 utvidgats,
679 585 35 19 har
732 584 69 24 frägan
814 589 30 14 om

85 620 24 14 en
124 614 97 20 tvärbana
236 614 60 19 redan
312 613 58 24 länge
385 614 53 19 varit
452 614 64 19 under
533 614 123 25 diskussion;
668 614 32 19 vid
714 613 62 24 1888,
790 612 54 20 1891

84 643 37 20 och
137 643 55 20 1894
209 643 33 19 års
257 643 118 24 landtdagar
390 642 59 20 hafva
460 643 110 19 ständerna
580 643 84 19 anhållit
677 648 31 14 om
718 643 65 19 denna
794 647 50 14 sam-

84 671 222 24 manbindnings-banas
320 671 110 25 byggande,
446 672 38 19 och
497 672 23 19 är
532 670 54 21 1895
599 671 59 20 hafva
671 671 173 24 befullmäktigade

85 701 12 19 8
111 701 90 24 Nyslotts
217 701 45 18 stad
277 703 49 17 samt
341 700 111 26 Kerimäki,
467 700 116 24 Parikkala,
595 699 114 25 Kurkijoki,
720 699 125 26 Enonkoski,

85 729 128 26 Rantasalmi,
235 729 147 24 Kangaslampi,
405 729 77 24 Jorois,
506 729 93 24 Sulkava,
614 729 85 24 Jokkas,
715 728 130 23 Haukivuori,

84 757 125 20 Pieksämäki
225 758 37 19 och
278 758 127 19 Hankasalmi
421 758 128 19 kommuners
564 760 75 21 vägnar
649 758 83 19 anhållit
743 757 36 20 hos
790 757 54 19 Hans

85 787 112 24 Kejserliga
220 786 94 25 Majestät
337 792 31 14 om
391 787 118 19 ekonomisk
529 786 37 20 och
582 787 138 19 instrumental
735 785 110 20 undersök-

85 816 46 23 ning
154 815 100 20 äfvensom
277 821 31 14 om
330 815 60 24 nädig
411 815 129 25 proposition
556 815 30 19 till
602 816 64 19 denna
682 815 104 24 landtdag;
802 820 43 13 men

86 845 58 18 dessa
166 844 146 24 önskningsmäl
330 844 58 19 hafva
403 845 18 24 ej
438 847 54 17 ännu
507 844 147 24 förverkligats.
687 845 32 18 Då
734 850 26 13 nu
775 843 71 25 Jyväs-

86 873 67 25 kylä—
162 868 91 34 Suolahti
268 873 64 20 banan
348 875 22 17 är
385 876 73 17 nästan
474 873 125 24 färdigbygd,
614 875 79 18 närmar
708 874 30 23 sig
754 872 92 24 afgöran-

86 902 42 19 dets
145 902 59 19 stund
220 901 31 20 för
266 902 116 20 tvärbanan.
413 902 55 24 Men,
485 902 66 20 säsom
566 902 124 20 hedervärda
700 901 147 21 bondeständet

85 930 37 20 har
136 930 29 24 sig
183 930 81 24 bekant,
282 930 59 20 hafva
356 931 70 23 mänga
442 931 68 20 skilda
524 931 64 19 banor
603 931 135 24 projekterats
753 930 44 20 frän
812 930 35 24 Jy-

86 958 81 25 väskylä
190 960 31 18 till
237 959 169 21 Savolaksbanan.
437 960 67 20 Dessa
518 960 74 19 banors
608 959 190 25 föreningspunkter
812 961 35 17 äro

86 988 12 19 å
116 987 162 21 Savolaksbanan
296 988 125 24 Kurkimäki,
441 988 131 26 Suonenjoki,
588 988 126 20 Pieksämäki
728 988 51 20 eller
794 988 53 19 Kan-

86 1016 47 24 tala,
156 1016 29 20 S:t
206 1016 74 20 Michel
304 1017 35 19 och
363 1017 79 25 Kieppi.
482 1018 65 19 Dessa
562 1017 70 24 mänga
645 1017 203 25 jernvägspetitioner

86 1045 128 25 ädagalägga,
236 1048 30 17 att
281 1046 82 24 jernväg
378 1046 96 20 öfverallt
489 1046 102 25 ästundas,
607 1048 21 22 ty
644 1046 74 20 enhvar
732 1045 62 20 fattar
809 1045 38 19 den

86 1076 54 17 stora
160 1076 57 22 nyttä
241 1080 25 14 en
288 1077 32 17 ort
342 1074 36 20 har
400 1074 22 20 af
443 1075 53 24 goda
514 1075 200 23 kommunikationer,
738 1077 48 17 enär
802 1074 46 19 dei

86 1102 100 25 synnerlig
208 1104 49 22 grad
273 1102 90 20 förkofra
378 1103 51 20 bäde
445 1104 68 24 andlig
528 1104 37 18 och
581 1104 89 19 materiel
687 1104 96 23 välmäga,
799 1102 49 19 hvil-

86 1132 34 18 ket
135 1131 36 20 allt
186 1132 26 24 pä
228 1132 84 20 sednare
326 1132 30 19 tid
371 1132 117 20 framkallat
504 1138 23 14 en
544 1134 43 17 stor
601 1133 71 23 mängd
686 1131 162 26 jernvägspetiti-

86 1165 48 15 oner
157 1160 7 19 i
186 1160 45 20 värt
250 1161 54 19 land.
340 1160 65 21 Dessa
426 1161 204 25 jernvägspetitioner
652 1163 71 22 utgöra
744 1161 31 19 för
790 1161 58 23 ingen

86 1188 32 20 del
141 1190 29 18 ett
193 1190 70 19 hinder
285 1188 33 21 för
338 1195 39 19 nya
390 1190 119 24 jernvägars
524 1190 110 24 byggande,
650 1192 47 18 utan
712 1192 36 18 äro
764 1191 85 17 tvärtom

86 1217 30 19 till
132 1218 42 19 stor
188 1220 62 23 nytta.
282 1218 28 20 På
326 1218 56 20 detta
397 1221 41 17 sätt
453 1218 64 21 blifva
532 1218 95 24 frågorna
636 1219 146 24 mängsidigare
793 1217 56 25 pröf-

86 1246 50 20 vade
158 1247 38 19 och
221 1247 114 23 derigenom
357 1248 44 18 åter
418 1248 98 19 undvikes
537 1248 114 24 byggandet
666 1247 22 20 af
702 1246 147 24 ofördelaktiga

86 1274 37 20 och
138 1275 77 20 mindre
231 1275 97 24 behöfliga
342 1276 114 24 jernvägar.

155 1304 31 19 En
201 1305 97 20 tvärbana
313 1307 23 18 är
351 1305 87 24 behöflig
454 1306 18 23 ej
489 1305 87 20 allenast
590 1305 32 20 för
637 1305 64 24 nägon
718 1305 78 19 enskild
812 1305 38 22 ort,

86 1334 48 18 utan
149 1332 31 20 för
195 1333 45 20 hela
255 1333 75 20 landet.
360 1334 129 19 Förmedelst
504 1334 38 19 den
557 1334 65 19 blefve
639 1335 24 18 de
679 1336 30 17 tre
724 1339 73 18 genom
808 1333 42 19 lan-

87 1361 34 20 det
143 1361 87 25 löpande
253 1363 138 19 stambanorna
410 1364 55 18 satta
481 1363 6 18 i
503 1365 90 17 närmare
609 1362 123 20 förbindelse
748 1362 102 19 sinsemel-

87 1390 39 23 lan,
148 1390 22 19 sä
192 1392 30 18 att
244 1393 30 17 tre
290 1391 124 20 vidsträckta
433 1391 107 26 landskap,
556 1391 129 26 Tavastland,
700 1391 96 20 Savolaks
814 1391 37 19 och

86 1418 96 25 Karelen,
204 1419 77 20 komme
296 1420 7 19 i
318 1420 115 19 omedelbar
449 1420 207 19 handelsförbindelse
671 1420 45 19 med
730 1419 121 24 hvarandra,

87 1447 37 20 och
140 1447 64 20 skulle
220 1449 38 18 den
274 1449 44 18 med
334 1449 108 19 detsamma
458 1449 72 20 förena
540 1449 106 19 Bottniska
657 1449 58 19 viken
727 1449 45 18 med
784 1448 67 19 Lado-

86 1481 36 18 gas
137 1477 97 20 stränder.
265 1477 117 20 Tvärbanor
396 1477 38 20 har
449 1483 46 14 man
510 1477 105 24 föreslagit
630 1478 6 18 i
652 1477 40 20 alla
706 1477 82 24 möjliga
800 1477 51 18 rikt-
