1067 1736
209 213 49 26 dier,
275 220 42 13 som
333 214 106 20 förorsaka
455 214 156 26 skuldsättning
626 214 31 20 för
673 216 93 24 mången,
777 215 140 25 synnerligast
928 214 31 20 för

208 243 141 20 lärarinnorna
371 245 7 18 i
401 244 127 20 främmande
551 245 68 25 språk,
639 245 32 19 uti
691 245 80 19 hvilket
785 247 59 17 ämne
860 244 24 20 de
899 244 60 20 flesta

208 273 103 20 ordinarie
333 274 116 19 lärarinnor
469 274 120 24 undervisa;
609 274 26 19 de
651 277 34 17 äro
702 274 101 25 nämligen
819 277 94 22 tvungna
928 277 30 17 att

208 303 109 25 uppehålla
332 303 32 25 sig
379 304 68 25 någon
464 304 31 19 tid
511 305 12 18 &
539 304 118 25 utrikesort,
673 304 62 19 innan
752 304 25 19 de
793 304 69 20 kunna
878 303 80 26 aflägga

208 333 46 19 sina
269 333 96 20 examina.
389 334 110 19 Dessutom
515 333 81 20 fordrar
606 334 176 25 undervisningen
793 334 7 19 i
808 333 150 20 ofvannämnda

208 363 69 25 språk,
302 366 31 16 att
359 363 39 19 den
421 364 110 24 lärarinna,
551 370 44 13 som
615 363 36 20 vill
671 364 60 19 sköta
747 363 31 20 sin
789 363 114 26 befattning
919 364 39 24 väl,

208 394 64 18 måste
295 393 120 23 underhålla
439 394 45 19 sina
505 393 119 26 kunskaper
644 394 37 19 och
697 393 86 26 insigter
798 400 72 18 genom
886 396 30 17 att
932 393 26 19 då

208 422 38 20 och
271 422 26 20 då
313 424 26 24 på
354 430 51 18 egen
421 423 114 20 bekostnad
551 423 106 25 tillbringa
672 423 89 20 ferierna
776 423 120 20 utomlands.
927 423 31 19 De

208 452 118 26 stipendier,
345 453 71 19 hvilka
435 453 31 20 för
486 453 78 20 sådana
587 453 137 20 utrikesresor
747 453 91 25 beviljas,
856 456 34 16 äro
906 453 52 19 otill-

208 482 91 26 räckliga
318 482 31 20 för
365 483 120 20 ändamålet.
516 483 92 26 Sällsynt
624 486 23 16 är
663 483 112 25 ingalunda
791 483 64 20 häller
866 485 30 17 att
906 483 52 19 lära-

208 512 74 20 rinnan
299 512 38 20 har
355 515 31 17 att
409 512 74 20 lifnära
507 513 38 19 och
568 513 63 20 vårda
652 520 26 12 en
694 513 87 25 gammal
797 520 48 18 mor,
861 513 96 19 värnlösa

208 542 74 20 bröder
297 542 38 20 och
350 545 81 23 systrar
446 546 53 16 samt
515 542 64 20 andra
594 543 74 25 fattiga
684 543 120 25 släktingar,
820 543 48 19 eller
885 550 31 12 om
932 542 25 20 de

208 575 35 16 äro
262 572 69 25 enkor,
347 572 104 20 dessutom
467 573 44 19 sina
527 573 57 19 barn.

279 602 32 19 De
325 602 7 19 i
348 609 76 12 samma
435 603 68 19 skolor
513 602 157 26 tjenstgörande
681 602 102 20 ordinarie
793 602 89 26 manliga
893 602 63 19 kolle-

207 638 64 18 gerne
286 631 80 26 åtnjuta
381 632 49 19 vida
445 635 66 17 större
526 633 66 24 löner;
611 632 86 20 sålunda
709 633 38 19 har
757 632 39 19 den
807 632 51 19 älsta
869 631 89 26 manliga

207 661 96 26 kollegan
322 663 64 24 3,600
405 662 58 19 mark
483 662 143 26 hyresmedlen
642 662 145 23 inberäknade,
804 662 6 19 i
826 662 130 25 Helsingfors

207 681 72 40 4,000,
297 691 26 20 de
341 692 65 25 öfrige
429 692 118 25 kollegerna
571 693 64 21 3,000
651 692 64 24 mark,
732 692 7 19 i
755 692 128 25 Helsingfors
892 693 64 23 3,400

207 721 64 20 mark.
301 721 66 20 Desse
390 722 77 19 erhöllo
489 722 86 20 likasom
597 722 118 25 kollegerna
739 722 35 19 vid
795 722 161 19 elementarläro-

207 751 84 25 värken,
314 751 54 20 förut
390 752 164 25 löneförhöjning
577 752 7 19 i
604 752 46 26 fyra
665 755 75 22 poster,
757 751 45 20 med
818 752 42 19 600
876 751 58 20 mark
950 752 6 18 i

207 781 82 25 gången
312 788 46 13 men
381 783 26 24 på
428 782 68 25 grund
515 782 22 19 af
558 789 25 12 en
605 782 35 19 vid
664 782 54 19 1891
743 783 34 18 års
792 781 99 26 landtdag
906 781 50 20 väkt

207 810 88 26 petition
310 811 117 20 bestämdes
442 818 73 19 genom
531 811 76 26 nådiga
622 811 137 26 kungörelsen
775 811 23 20 af
813 811 39 20 den
872 812 26 19 18
914 811 42 19 Au-

206 840 57 25 gusti
282 841 61 25 1892,
365 844 42 22 ,att
422 841 25 20 de
462 841 180 26 tilläggsarvoden,
658 848 43 13 som
717 841 51 20 efter
784 841 55 20 vissa
855 842 33 19 års
904 841 52 20 oför-

206 870 62 25 vitlig
282 870 64 25 tjenst
361 870 90 20 tilldelas
466 871 81 25 kollega
577 871 35 19 vid
628 870 206 20 elementarläroverk
850 871 37 19 och
902 877 55 13 man-

207 900 29 25 lig
259 900 81 26 kollega
359 900 35 20 vid
413 900 204 24 fruntimmersskola,
635 901 57 19 skola
708 902 50 24 utgå
774 900 45 20 med
834 901 43 19 800
893 900 63 24 mark,

207 929 53 20 efter
280 930 19 25 5,
322 931 27 19 10
370 930 38 20 och
426 931 26 19 15
469 932 33 18 års
518 930 83 26 tjonst*.
633 931 73 19 Denna
721 930 118 26 kollegerna
854 930 103 25 beviljade

206 959 79 20 förmån
301 960 64 20 borde
380 961 66 19 såsom
463 967 25 13 en
503 960 53 26 gärd
571 960 22 20 af
607 960 93 25 rättvisa,
717 960 59 20 äfven
792 960 89 20 tilldelas
897 960 60 19 deras

207 989 93 25 kvinliga
314 990 97 25 kolleger.
442 986 68 24 Äfven
527 992 21 18 åt
559 990 45 20 dem
615 990 62 20 borde
693 990 86 25 beviljas
795 990 162 25 löneförhöjning

206 1019 8 19 i
229 1021 73 18 trenne
317 1022 71 23 poster
403 1020 19 19 d.
439 1023 17 16 ä.
472 1020 51 20 efter
541 1020 19 24 5,
579 1021 26 18 10
621 1020 37 20 och
676 1021 26 18 15
719 1021 34 18 års
769 1020 67 24 tjenst,
853 1020 37 19 och
907 1019 49 20 såle-

208 1048 37 20 des
262 1049 45 20 med
322 1050 44 19 400
383 1050 58 19 mark
457 1050 71 24 hvarje
539 1051 60 24 gång.
626 1050 52 19 Hela
689 1049 268 26 löneförhöjningsbeloppet

207 1078 68 20 skulle
297 1079 88 20 sålunda
407 1081 51 24 utgå
481 1080 45 19 med
549 1086 76 13 samma
641 1080 74 25 belopp
731 1086 43 13 som
789 1079 66 19 hittils
871 1079 18 19 d.
906 1086 18 13 v.
941 1086 15 12 s.

209 1109 64 24 1,200
288 1109 63 19 mark.

279 1139 44 19 Här
345 1139 91 19 kommer
459 1139 86 19 sålunda
567 1139 18 25 ej
607 1139 5 19 i
634 1139 57 24 fråga
708 1140 66 23 någon
791 1141 43 17 stor
849 1138 62 25 utgift
927 1138 31 19 för

207 1170 68 17 staten
301 1168 38 19 och
365 1169 18 24 ej
408 1169 64 19 häller
495 1175 25 13 en
543 1171 43 17 stor
602 1168 117 25 förhöjning
735 1168 22 19 af
770 1167 139 26 utgiftsstaten
927 1167 31 20 för

206 1197 82 20 landets
304 1198 142 20 skolväsende.
477 1198 157 20 Ofvannämnda
653 1199 21 18 åt
692 1199 41 18 170
749 1198 91 25 kolleger
857 1197 101 27 beviljade

207 1227 78 20 förmån
306 1227 38 20 har
364 1230 79 18 ansetts
460 1228 83 19 åsamka
559 1231 67 16 staten
643 1235 25 12 en
684 1227 54 20 ökad
753 1227 61 26 utgift
830 1234 32 13 om
879 1228 78 23 32,000

207 1257 64 20 mark.
304 1257 31 20 De
355 1257 158 26 ifrågavarande
535 1258 153 19 lärarinnornas
712 1257 57 20 antal
788 1258 80 25 uppgår
885 1257 73 20 endast

206 1286 33 20 till
262 1287 95 26 omkring
381 1288 34 25 50,
438 1288 37 19 och
506 1287 70 20 därtill
599 1288 90 19 kommer
714 1290 56 17 ännu
795 1291 31 15 att
850 1286 108 20 skilnaden

208 1317 86 19 emellan
317 1317 36 20 det
376 1317 120 20 nuvarande
519 1317 38 20 och
573 1317 34 20 det
623 1317 90 25 begärda
729 1316 169 26 tilläggsarvodet
915 1323 43 13 som

207 1346 66 20 under
296 1347 55 19 olika
374 1347 55 20 tider
450 1347 78 20 komme
544 1349 30 17 att
589 1347 86 25 beviljas
690 1347 45 20 dem
752 1353 48 13 vore
816 1346 76 19 hälften
908 1346 50 19 min-

207 1375 43 26 dre,
266 1379 26 16 än
307 1376 113 20 detsamma
436 1377 95 25 utgjorde
546 1377 31 19 för
593 1377 124 25 kollegerna,
733 1376 19 19 d.
769 1383 18 12 v.
803 1382 17 14 s.
832 1375 72 20 endast
917 1377 41 18 100

208 1403 64 22 mark.
303 1407 48 19 Men
367 1406 32 20 för
415 1406 154 20 vederbörande
578 1406 116 20 lärarinnor
704 1413 49 13 vore
764 1405 66 20 denna
838 1405 121 26 förändring

207 1435 23 19 af
251 1438 43 16 stor
315 1436 113 25 betydelse.
460 1437 11 18 I
491 1436 60 19 deras
575 1435 137 21 öfverhufvud
729 1442 124 19 sparsamma
868 1435 90 19 hushåll-

207 1464 51 26 ning
274 1465 66 20 skulle
356 1466 87 19 sålunda
459 1466 78 19 värkan
553 1473 50 12 vara
618 1466 94 25 betydlig
729 1465 23 20 af
781 1467 29 17 ett
832 1466 42 18 100
890 1465 69 19 marks
