1092 1734
555 203 141 19 Bondeståndet
712 203 37 20 N:o
764 204 37 19 27.

278 436 48 20 Till
342 437 156 19 hedervärda
512 437 195 20 Bondeståndet.

176 488 208 20 Framåtskridandet
405 488 38 20 och
465 488 118 20 välståndet
606 489 7 19 i
627 490 48 18 vårt
697 489 50 19 land
769 490 33 18 stå
817 489 6 19 i
839 496 25 12 en

109 518 117 20 omedelbar
248 517 95 25 förening
365 518 47 19 med
433 518 146 25 utvecklingen
594 517 23 20 af
635 518 50 19 våra
700 518 115 19 förnämsta
830 521 36 16 nä-

108 547 140 25 ringsgrenar,
268 546 126 25 jordbruket
416 546 37 20 och
477 546 192 26 boskapsskötseln.
700 546 47 20 Den
762 546 104 20 ekonomi-

109 576 38 19 ska
162 575 126 26 ställningen
303 574 6 20 i
325 574 46 20 hela
386 576 47 18 vårt
448 575 49 19 land
512 578 23 16 är
550 575 94 25 ständigt
659 576 103 19 beroende
778 575 23 19 af
813 576 53 19 huru

108 604 64 26 riklig
189 604 64 20 skörd
267 604 21 19 vi
310 604 75 25 bårgat
399 603 53 20 ifrån
476 604 50 20 våra
540 603 46 21 fält.
615 604 29 20 Vi
659 604 62 20 hafva
737 607 55 17 ännu
807 604 7 19 i
829 604 37 20 all-

110 633 56 19 deles
181 632 69 20 färskt
264 632 68 20 minne
346 632 8 19 i
368 632 53 20 huru
436 635 54 17 stort
504 632 109 26 trångmål,
629 632 39 20 och
683 633 7 19 i
700 633 87 19 hvilken
797 633 70 25 tryckt

110 662 99 25 ställning
224 661 40 20 alla
279 661 160 25 näringsgrenar
454 661 7 19 i
475 662 47 19 vårt
542 661 49 20 land
605 661 77 20 råkade
700 668 74 19 genom
792 664 75 17 tvenne

110 690 62 20 frost-
188 690 38 20 och
241 690 65 20 nödår
320 690 7 18 i
343 690 72 25 början
430 690 24 19 af
467 690 58 20 detta
539 690 94 20 årtionde
649 690 39 20 och
697 690 54 20 huru
759 690 61 26 djupt
828 690 39 20 och

111 721 119 17 smärtsamt
252 719 35 19 det
301 725 51 19 grep
368 718 40 20 alla
423 718 185 20 samhällsklasser.
639 718 118 26 Styrelsens
773 719 38 20 och
827 719 40 19 den

110 748 107 19 enskildas
232 747 76 25 rikliga
322 747 57 26 hjelp
394 747 101 20 behöfdes
510 747 33 20 för
557 750 32 17 att
603 748 70 19 lindra
688 748 80 19 bristen
783 748 38 19 och
831 750 36 17 nö-

112 776 45 24 den,
180 776 38 20 och
240 776 46 19 icke
300 783 37 12 ens
360 779 54 16 ännu
436 776 63 20 hafva
514 777 61 19 såren
592 776 81 20 kunnat
691 776 43 20 helt
749 776 39 20 och
803 776 64 20 hållet

110 805 66 19 läkas.

180 833 72 20 Såsom
274 833 66 19 kändt
362 835 92 24 upptaga
469 834 65 19 sanka
556 834 49 19 kärr
621 834 38 19 och
679 840 74 17 moras,
777 840 24 13 en
825 836 44 17 stor

112 862 33 19 del
168 862 23 19 af
210 863 47 19 vårt
279 862 60 19 lands
354 862 61 24 areal,
440 862 88 20 orsaken
542 862 33 19 till
589 862 150 20 frostömheten
755 862 39 20 och
809 862 62 20 däraf

112 891 91 25 följande
224 891 108 20 missväxt.
362 891 76 20 Derför
459 891 65 20 borde
539 898 47 13 man
607 891 86 26 vidtaga
715 891 152 20 verksammare

112 920 97 25 åtgärder
231 919 32 20 för
285 922 31 17 att
330 919 93 20 undvika
438 920 66 19 denna
519 920 86 19 hemska
625 923 54 22 gäst,
694 920 27 25 på
737 920 34 19 det
787 920 20 19 vi
822 919 45 20 icke

112 949 88 19 behöfde
222 949 76 25 kämpa
313 948 39 20 och
373 949 45 19 åter
438 948 76 26 kämpa
531 951 42 17 mot
589 948 60 20 deraf
669 949 137 19 åstadkomna
821 948 48 20 ska-

112 977 44 20 dor.
192 977 42 20 Det
256 977 53 20 enda
334 977 68 20 kända
425 977 38 20 och
488 977 130 20 verksamma
643 977 67 20 medel
732 979 31 18 att
788 977 81 20 hämma

111 1005 54 20 frost
188 1009 22 16 är
232 1006 122 25 uttorkning
376 1005 22 20 af
418 1006 50 19 våra
490 1006 49 19 kärr
559 1006 38 19 och
618 1013 75 16 moras,
715 1006 80 25 hvarpå
817 1005 52 20 erfa-

112 1035 99 19 renheten
233 1034 63 26 gifvit
316 1034 135 26 obestridliga
473 1035 65 19 bevis.
568 1035 50 19 Man
640 1035 63 19 borde
718 1034 57 26 förty
790 1035 7 18 i
812 1035 57 18 detta

113 1063 55 26 syfte
183 1063 86 26 vidtaga
284 1063 110 26 energiska
410 1063 104 26 åtgärder.
543 1063 49 20 Men
607 1063 26 20 då
648 1063 33 20 för
695 1063 118 20 ändamålet
827 1063 42 19 for-

112 1092 48 19 dras
184 1093 22 18 så
228 1099 50 18 pass
297 1095 55 16 stora
375 1099 96 16 summor,
487 1095 31 16 att
542 1092 38 19 den
603 1092 82 25 privata
705 1092 164 25 jordbrukarens

112 1120 112 26 tillgångar
240 1121 38 19 och
292 1121 79 19 krafter
386 1120 18 25 ej
421 1127 37 13 ens
480 1121 135 19 närmelsevis
631 1120 65 20 förslä
711 1121 77 24 härtill,
804 1121 66 19 måste

112 1155 48 13 man
174 1149 63 25 vädja
252 1149 33 20 till
300 1151 30 18 ett
348 1149 73 26 rikligt
435 1149 75 26 bidrag
524 1149 47 20 från
587 1149 102 26 styrelsen
703 1149 33 20 för
751 1149 119 20 erhållande

112 1177 23 20 af
148 1178 107 19 verksamt
269 1178 114 19 understöd
398 1178 7 19 i
420 1178 68 19 denna
502 1178 62 25 högst
578 1178 81 25 viktiga
675 1178 44 19 sak.

181 1206 38 19 Ett
234 1207 63 19 bland
312 1207 25 19 de
353 1209 77 17 största
445 1206 24 20 af
482 1207 25 19 de
522 1207 7 19 i
537 1207 71 19 landet
616 1207 107 25 befintliga
731 1206 77 20 talrika
815 1206 55 23 kärr,

112 1235 7 18 i
134 1234 64 26 längd
214 1235 90 24 60—70,
321 1235 7 19 i
343 1235 65 20 bredd
432 1236 55 19 5—6
510 1235 114 24 kilometer,
640 1238 23 17 är
685 1235 41 24 det,
743 1242 43 13 som
805 1235 66 19 under

112 1270 62 13 namn
188 1263 24 20 af
224 1264 121 19 Linnunsuo
368 1266 58 23 tager
442 1264 32 19 sin
490 1264 72 25 början
583 1264 46 19 från
645 1263 133 24 Savonselkä,
794 1264 27 25 pä
835 1270 35 12 ve-

113 1294 43 17 stra
172 1292 59 20 sidan
246 1293 24 19 af
282 1293 99 19 Vehmais
395 1293 29 25 by
438 1293 7 18 i
461 1293 32 19 S:t
507 1293 87 19 Michels
605 1293 77 20 socken
690 1293 39 19 och
740 1293 66 19 under
815 1291 55 20 olika

112 1327 62 13 namn
196 1322 26 25 pä
246 1321 54 20 olika
324 1324 55 17 orter
401 1321 95 20 sträcker
518 1321 32 26 sig
565 1324 42 17 mot
630 1321 104 24 nordvest,
750 1327 74 20 genom
839 1320 32 19 S:t

112 1349 88 20 Michels
223 1350 39 19 och
283 1350 130 19 Haukivuori
436 1350 88 19 socknar
545 1350 33 19 till
598 1350 78 19 midten
695 1349 24 20 af
731 1349 140 20 Pieksämäki.

112 1377 69 20 Häraf
194 1378 98 26 framgär,
308 1381 32 17 att
354 1379 26 19 de
396 1379 7 18 i
418 1378 109 25 omnejden
549 1379 80 19 boende
646 1379 165 25 jordbrukarena
826 1377 46 20 icke

112 1407 71 19 mäkta
198 1407 69 20 utföra
282 1410 31 17 ett
328 1408 23 19 sä
366 1409 54 18 stort
435 1407 39 20 och
496 1407 175 20 vidtomfattande
688 1407 76 24 arbete,
781 1413 44 13 som
839 1409 33 16 ut-

113 1435 125 26 torkningen
254 1435 22 20 af
289 1435 135 20 förenämnda
446 1436 49 19 kärr
510 1436 89 20 kräfver.
630 1436 76 19 Likasä
724 1435 98 20 framstär
837 1435 36 19 det
