1095 1739
242 194 83 23 Ständ.
342 194 54 22 Pet.
411 207 30 3 —
456 194 154 23 Motionsbet.
626 195 42 22 N:o
684 195 24 21 8.
841 195 12 19 3

99 266 89 22 endast
205 266 9 22 i
231 266 98 22 landets
347 266 166 26 hufvudstad,
526 266 78 22 hafva
619 266 145 22 Ständerna
776 265 79 22 likväl

99 302 82 20 ansett
199 300 57 22 dem
274 307 63 15 vara
356 301 25 21 af
400 300 50 22 den
468 300 138 29 betydelse,
627 301 36 21 att
682 300 120 29 åtgärder
816 300 39 22 för

99 335 73 22 deras
186 335 166 29 aflägsnande
365 335 57 22 från
436 335 143 22 samhällets
590 334 54 22 sida
656 335 44 21 äro
710 334 143 28 påkallade.

167 370 38 21 Då
219 369 42 22 det
274 369 137 23 emellertid
424 376 61 15 vore
498 369 129 29 vanskligt
641 370 36 21 att
690 369 64 22 söka
764 375 90 23 genom

101 404 125 22 allmänna
250 404 205 29 lagstadganden
479 404 54 22 lösa
557 404 84 22 denna
666 404 74 28 fråga
764 403 33 29 på
821 404 34 21 ett

100 438 181 29 erforderligen
309 438 151 29 detaljeradt
487 439 57 26 sätt,
567 438 78 22 innan
667 438 86 29 någon
777 438 78 28 regle-

100 473 140 29 mentering
259 479 44 15 ens
319 472 34 29 på
365 473 88 22 försök
467 474 68 21 ännu
547 472 67 22 varit
626 472 139 28 tillämpad,
779 478 76 23 synes

100 514 90 22 genom
214 514 32 16 en
265 507 91 22 allmän
375 507 150 29 förordning
544 514 35 15 nu
597 507 91 22 endast
705 507 63 22 böra
787 506 69 22 bere-

101 542 45 22 das
169 542 131 29 möjlighet
321 543 36 21 att
375 542 8 21 i
401 542 32 22 de
452 542 93 26 städer,
565 542 46 22 där
630 542 28 22 så
677 542 75 28 göres
770 540 84 26 behof,

101 583 90 22 genom
209 576 121 29 lämpliga
349 576 206 29 ordningsregler
574 576 46 22 och
638 576 119 22 verksam
770 576 85 28 tillsyn

101 610 125 29 bekämpa
245 610 31 23 de
295 611 115 29 skadliga
430 610 135 27 missbruk,
584 617 52 15 som
653 610 79 22 barns
746 610 110 22 använd-

101 645 61 29 ning
180 645 43 23 vid
242 645 155 29 gatuhandel
416 645 104 22 medför.

170 680 37 22 De
226 680 8 22 i
252 680 91 22 sådant
362 680 66 29 syfte
448 680 165 29 erforderliga
632 679 225 29 bestämningarna

101 715 87 26 borde,
214 715 78 28 enligt
318 714 157 23 Ständernas
500 715 85 26 tanke,
610 714 100 29 byggas
730 714 32 28 på
781 713 76 22 förut-

102 749 152 28 sättningen,
281 750 35 21 att
337 749 31 22 de
387 749 74 26 barn,
481 755 53 16 som
553 749 103 22 kommit
675 748 36 22 till
730 755 31 15 en
779 748 79 29 något

102 789 120 23 mognare
246 783 77 26 ålder,
343 783 88 22 kunna
450 783 56 22 med
526 783 102 22 hänsikt
647 783 36 22 till
702 783 38 22 sin
760 782 71 23 såväl
849 782 8 21 i

103 817 141 30 kroppsligt
269 824 52 15 som
347 818 98 29 andligt
469 818 118 22 afseende
609 817 89 29 längre
717 817 86 22 hunna
821 817 36 21 ut-

103 852 116 29 veckling
245 852 89 22 lättare
359 852 92 22 motstå
476 852 31 22 de
526 852 111 22 sanitära
656 852 47 21 och
722 851 135 22 moraliska

103 886 88 27 vådor,
220 893 52 16 som
300 887 128 22 vistandet
451 888 69 21 utom
542 887 108 22 hemmet
668 886 33 28 på
720 887 73 28 gator
811 885 47 22 och

103 921 131 29 offentliga
246 921 95 28 platser
352 921 116 26 innebär,
485 921 131 22 hvaremot
629 921 31 22 de
670 927 81 22 yngre
761 920 97 23 barnen

102 955 58 28 löpa
188 956 80 21 större
294 955 55 22 fara
367 956 156 21 härutinnan
541 955 47 22 och
606 955 68 28 förty
694 956 43 21 äro
755 955 9 22 i
782 954 77 23 behof

103 989 26 22 af
156 991 35 21 ett
218 990 187 22 verksammare
435 990 90 29 skydd.
569 990 47 22 Till
637 989 129 22 vinnande
784 989 75 22 häraf

103 1023 79 23 borde
209 1025 149 22 utöfvandet
386 1024 25 22 af
434 1024 198 29 ifrågavarande
656 1024 94 22 handel
772 1023 87 22 kunna

103 1059 76 28 göras
206 1059 127 22 beroende
362 1059 25 22 af
416 1059 120 22 särskildt
563 1059 119 26 tillstånd,
712 1058 42 22 vid
781 1058 78 21 hvars

103 1093 165 22 meddelande
296 1093 99 29 hänsyn
424 1093 80 22 skulle
529 1095 72 27 tagas
626 1093 36 22 till
686 1093 173 22 föräldrarnas

104 1127 65 28 frejd
191 1129 64 20 samt
273 1127 110 23 barnens
402 1128 99 28 fysiska
520 1128 45 21 och
584 1127 136 22 moraliska
739 1127 121 29 egenska-

104 1167 52 22 per.
202 1161 96 23 Genom
326 1164 35 20 att
388 1162 8 22 i
421 1163 44 28 lag
487 1162 123 22 fastställa
634 1168 31 15 en
689 1162 169 28 åldersgräns,

104 1196 80 21 under
211 1196 103 23 hvilken
340 1197 49 22 alla
414 1197 65 22 barn
503 1197 8 22 i
535 1197 152 21 kommunen
708 1196 85 22 kunde
811 1195 49 22 för-

103 1230 93 29 bjudas
225 1232 35 21 att
287 1231 95 22 befatta
408 1231 40 29 sig
468 1231 55 22 med
542 1231 100 26 handel,
662 1231 106 22 hvarom
787 1230 72 29 fråga

105 1266 35 25 är,
164 1271 98 17 vunnes
282 1272 31 16 en
331 1272 148 22 gemensam
497 1266 83 28 grund
599 1266 39 21 för
656 1265 160 29 regleringen
836 1264 25 22 af

106 1299 31 23 de
161 1300 246 26 missförhållanden,
435 1302 66 20 emot
519 1300 87 22 hvilka
625 1306 58 16 man
702 1300 8 21 i
729 1300 31 22 de
779 1299 81 22 skilda

105 1334 252 22 stadskommunerna
376 1334 53 22 kan
448 1335 71 21 finna
538 1334 136 29 anledning
691 1335 35 21 att
738 1333 121 23 inskrida.

105 1368 53 22 Och
185 1368 33 28 på
240 1369 42 22 det
303 1369 127 22 förbuden
450 1369 75 22 måtte
544 1368 79 22 blifva
642 1368 121 22 effektiva
781 1367 80 23 borde

105 1402 49 22 den
174 1403 125 22 allmänna
317 1403 160 29 förordning,
497 1410 53 15 som
568 1403 8 21 i
595 1404 84 21 ämnet
697 1403 50 21 kan
761 1402 100 22 komma

106 1438 36 20 att
153 1437 123 27 utfärdas,
290 1438 129 22 innehålla
432 1438 95 28 jämväl
540 1437 93 29 nödiga
647 1436 214 24 ansvarsbestäm-

105 1470 98 30 ningar.
