1092 1739
561 217 140 21 Presteständet
716 216 37 21 N:o
770 216 18 21 5.

264 453 49 20 Till
328 454 154 25 högvördiga
497 454 198 20 Presteständet.

172 506 33 19 D&
219 505 99 20 Finlands
334 505 84 20 ständer
432 505 35 20 vid
482 505 126 26 landtdagen
626 506 52 19 1882
694 506 110 25 godkände
818 505 40 20 den

104 535 116 20 sedermera
235 534 39 19 den
290 535 10 19 2
318 534 52 26 april
383 535 53 19 1883
445 535 73 25 nådigt
527 534 112 20 faststälda
647 534 154 26 förordningen,
811 541 46 18 ang.

103 563 146 26 maltdrycker,
265 563 129 26 aflägsnades
410 563 119 26 därigenom
545 563 34 20 det
594 563 79 25 elände,
689 563 98 20 hvarmed
801 563 56 20 ölflö-

104 592 35 20 det
153 592 64 20 redan
231 591 69 26 börjat
315 591 150 20 öfversvämma
480 591 48 20 värt
542 592 45 20 folk
601 592 38 19 och
654 592 119 20 hämmades
789 592 68 19 samti-

104 621 45 25 digt
164 623 30 18 ett
208 627 73 19 genom
296 620 179 26 maltdryckernas
482 621 104 20 missbruk
594 621 89 20 hotande
691 621 167 25 tillbakagäende

104 650 38 19 och
158 649 129 20 ekonomiskt
302 649 71 20 förfall
387 649 38 20 hos
440 649 155 26 befolkningen.
625 649 44 20 Och
684 649 36 21 det
734 650 41 19 kan
791 650 67 19 säsom

104 678 71 20 säkert
188 678 93 24 fastsläs,
297 680 31 17 att
342 678 31 19 uti
395 678 83 19 landets
494 679 78 19 snabba
587 678 58 21 säväl
660 678 83 26 andliga
758 685 44 13 som
816 685 42 13 ma-

104 707 81 20 teriella
199 707 120 26 utveckling
334 707 66 19 denna
415 706 122 27 förordning
551 707 81 26 utgjort
647 713 25 13 en
687 707 118 26 betydande
813 707 45 19 fak-

104 739 38 16 tor.
172 736 49 19 Men
235 736 65 20 under
316 735 35 20 det
366 736 67 19 denna
448 735 121 26 förordning
585 736 7 19 i
607 736 40 25 hög
657 736 52 25 grad
721 735 138 20 medvärkade

104 765 33 19 till
152 764 148 26 nykterhetens
323 764 141 25 befrämjande
479 765 38 19 och
536 765 82 19 landets
633 765 66 24 bästa,
714 765 90 25 begynte
819 764 40 19 den

104 793 96 20 enskilda
214 793 208 26 vinningslystnaden
436 793 88 20 uttänka
538 793 74 24 medel,
627 793 53 20 huru
695 793 66 20 denna
775 793 84 20 författ-

103 822 51 26 ning
168 822 69 19 kunde
259 822 105 25 kringgäs.
394 822 102 19 Finlands
518 822 84 20 ständer
617 823 50 24 sägo
683 822 32 25 sig
729 821 130 20 fördenskull

103 851 95 25 nödgade
213 853 31 17 att
258 851 70 26 bygga
342 857 41 19 nya
397 851 75 19 hinder
486 853 42 18 mot
542 857 41 20 nya
591 851 110 20 missbruk.
725 851 91 19 Sälunda
823 851 35 18 be-

104 879 53 20 slöto
173 879 33 26 sig
221 880 111 20 ständerna
346 879 66 20 under
429 880 54 19 1891
499 880 34 19 års
547 879 100 26 landtdag
662 879 33 20 för
709 879 111 26 ändringar
828 879 31 20 uti

104 909 23 25 88
145 909 17 23 1,
178 909 19 23 2,
217 909 30 23 14,
266 909 30 23 18,
317 909 22 20 19
356 908 37 20 och
409 908 27 20 22
451 908 24 19 af
491 909 52 20 1883
553 909 34 19 års
594 908 128 26 förordning,
731 908 33 20 till
771 908 88 19 fromma

103 937 33 20 för
151 937 143 26 nykterheten,
311 937 119 26 därigenom
445 939 32 17 att
491 937 206 26 försäljningsrätten
711 938 27 25 pä
748 937 70 20 landet
828 937 30 19 in-

104 965 110 20 skränktes
230 965 32 20 till
276 966 45 19 viss
336 966 32 27 tid
382 965 38 20 och
435 966 95 25 medgafs
544 966 74 19 endast
633 965 70 20 därtill
714 965 99 20 särskildt
823 965 36 20 be-

102 995 104 25 rättigade
222 1001 104 19 personer.
356 994 174 26 Olbryggerierna
545 995 106 19 lämnades
666 997 55 17 ännu
736 994 123 20 oinskränkt

103 1025 43 18 rätt
161 1023 32 20 till
208 1023 125 26 försäljning
348 1023 94 26 korgtals
457 1023 51 20 eller
524 1024 25 19 25
565 1023 48 20 liter
623 1023 7 20 i
639 1023 74 20 sender
721 1023 72 20 medan
801 1025 57 24 gäst-

102 1051 127 26 gifverierna
244 1052 77 20 erhöllo
336 1051 198 26 utskänkningsrätt
547 1052 33 19 för
594 1052 99 20 resandes
707 1052 95 26 räkning.
825 1051 34 20 Nu

103 1081 67 19 skulle
185 1088 47 12 man
247 1083 51 17 trott
314 1082 31 18 att
359 1081 30 19 alt
403 1087 37 13 var
464 1081 52 25 godt
530 1081 38 19 och
582 1081 41 23 väl,
638 1087 46 13 men
699 1088 41 18 nya
754 1080 105 20 missbruk

103 1108 85 26 började
204 1109 53 20 dock
272 1109 92 26 äterigen
378 1116 56 21 yppa
449 1109 40 25 sig.
512 1109 90 20 Sälunda
617 1109 68 20 blefvo
695 1109 100 20 särskildt
801 1111 58 23 gäst-

102 1138 127 25 gifverierna
244 1138 96 26 formliga
354 1138 91 23 kanaler,
461 1144 74 20 genom
549 1138 72 22 hvilka
637 1138 155 20 ölströmmarna
803 1138 54 25 fingo

102 1166 55 20 flöda
171 1169 30 17 ut.
231 1166 85 20 Enhvar
337 1166 91 20 kommer
444 1169 55 17 ännu
514 1174 41 18 nog
572 1167 49 25 ihåg
636 1166 25 20 de
677 1167 95 25 ständiga
787 1166 71 26 klago-

102 1195 46 24 mäl,
165 1195 71 20 hvilka
251 1196 49 19 ären
325 1196 110 19 1893—95
450 1195 68 25 fyllde
540 1195 139 25 tidningarna,
694 1195 103 26 klagomä!
812 1195 47 19 icke

102 1224 88 19 allenast
205 1224 46 19 frän
267 1224 192 25 ortbefolkningens
474 1226 50 17 utan
539 1224 62 20 äfven
611 1224 47 20 frän
667 1224 25 19 do
699 1224 98 20 resandes
806 1223 51 20 sida.

102 1252 32 20 De
148 1252 70 20 kunde
240 1255 94 23 nogsamt
348 1252 90 26 förtälja,
462 1252 54 20 huru
538 1252 77 26 vidrigt
637 1252 101 20 lefvernet
752 1253 31 19 uti
798 1252 61 20 dessa

102 1281 147 25 gästgifverier
264 1282 52 19 hade
331 1281 71 20 blifvit
417 1281 38 20 och
471 1281 98 20 hurusom
584 1282 103 19 desamma
697 1281 54 20 hade
760 1281 98 20 förvand-

102 1310 41 20 lats
158 1310 32 19 till
206 1310 155 20 hufvudhärdar
375 1310 33 20 för
423 1310 128 25 ungdomens
566 1310 173 20 demoralisation.

170 1338 38 20 Ett
223 1338 67 26 dylikt
305 1338 105 20 missbruk
424 1345 38 13 var
477 1340 53 24 änyo
545 1339 77 25 egnadt
637 1341 31 17 att
682 1338 109 20 framkalla
807 1340 52 18 mot-

102 1367 97 25 åtgärder
222 1368 37 18 och
281 1367 77 26 lagbud
373 1368 7 18 i
395 1368 40 19 den
456 1367 95 26 riktning
573 1368 111 19 ständerna
706 1368 53 19 hade
773 1367 86 25 inslagit

102 1396 52 19 ända
169 1396 47 19 frän
238 1396 66 20 första
319 1396 137 26 landtdagens
477 1396 59 20 tider.
567 1396 41 20 Det
623 1399 22 16 är
660 1398 42 18 rätt
716 1396 143 20 betecknande

102 1426 31 17 att
148 1425 35 19 äse
206 1425 66 19 denna
287 1425 61 25 kamp
364 1424 75 20 mellan
455 1424 36 20 det
514 1424 94 20 enskilda
623 1424 182 26 vinningsbegäret
821 1424 38 20 och

102 1453 35 19 det
152 1453 114 19 allmännas
280 1454 67 23 bästa,
364 1453 52 19 huru
432 1453 30 19 uti
479 1454 46 19 värt
540 1453 152 20 demokratiskt
707 1453 88 25 anlagda
806 1459 52 13 sam-
