1075 1739
201 182 12 20 2
330 181 85 23 Ständ.
432 182 54 22 Pet.
504 194 27 3 —
547 181 175 23 Petitionsbet.
739 181 42 23 N:o
797 181 38 22 28.

201 253 76 22 måtte
306 253 118 29 vidtagas
443 253 8 22 i
470 253 65 29 syfte
555 254 36 21 att
609 252 191 29 kyrkoarkiven
819 252 8 22 i
843 252 120 23 Finlands

201 288 179 28 församlingar
402 288 84 22 blefve
505 288 83 21 bättre
608 288 32 21 än
659 288 40 21 för
712 287 163 22 närvarande
889 288 74 28 skyd-

203 322 65 22 dade
287 322 40 22 för
346 322 94 22 vådeld
458 322 47 22 och
530 328 85 16 annan
639 322 156 26 förstörelse;
819 322 46 22 och
889 322 47 22 har
954 322 8 21 i

202 356 91 22 sådant
313 356 118 22 afseende
450 356 80 22 tillika
547 356 153 29 föreslagits,
720 358 34 20 att
769 356 49 22 alla
836 356 2 22 i
852 356 110 22 nämnda

203 407 54 5 KAKAKAN
297 408 35 5 AA
345 408 218 5 KALAN
458 394 49 28 mammaa
521 394 45 28 anni
565 410 41 10 mie
636 411 14 1 =

205 425 68 22 1800
296 426 77 21 mätte
397 426 156 22 omedelbart
573 426 36 22 till
630 425 171 23 Statsarkivet
820 425 141 22 öfverföras

203 461 64 21 samt
286 462 35 20 att
341 466 30 16 en
387 460 120 22 liknande
520 460 195 28 öfverflyttning
728 460 144 22 sedermera
886 460 75 21 mätte

203 501 46 22 ega
269 501 55 15 rum
343 494 75 22 hvart
436 494 86 22 tionde
541 495 36 21 är.

272 529 119 22 Rörande
419 529 207 22 önskvärdheten
657 530 26 21 af
711 530 35 20 att
774 530 187 21 verksammare

205 564 120 28 ätgärder
354 564 32 21 än
414 564 115 22 härintils
557 564 118 28 vidtagas
703 564 39 21 för
765 563 150 29 skyddande
938 564 25 21 af

204 598 99 22 landets
325 598 158 28 kyrkoarkiv
502 600 51 20 mot
573 598 145 22 förstörelse
737 598 47 22 har
803 598 66 22 inom
891 598 71 22 Stän-

205 632 79 22 derna
303 632 292 30 meningsskiljaktighet
615 634 21 28 ej
657 633 133 28 försports.
816 633 38 22 De
867 633 95 28 olycks-

205 667 142 26 händelser,
369 674 53 15 som
440 667 81 22 under
540 674 89 15 senare
648 668 96 22 hälften
765 668 25 21 af
809 668 68 22 detta
894 667 68 22 sekel

204 701 110 22 drabbat
345 702 125 21 särskilda
498 702 164 28 kyrkoarkiv,
699 702 71 29 gifva
802 702 160 28 oförtydbart

204 736 43 22 vid
266 736 110 26 handen,
397 738 35 20 att
452 736 74 22 dessa
538 736 256 29 urkundsamlingars
808 736 154 29 förvarings-

204 771 95 28 platser
317 771 40 22 för
376 771 161 22 närvarande
556 771 54 22 icke
631 772 70 21 alltid
720 771 109 29 erbjuda
843 771 119 28 tillbörlig

203 805 100 28 garanti
320 805 56 22 med
391 805 117 22 afseende
522 806 14 21 å
552 806 159 26 säkerheten,
724 806 46 21 och
783 813 75 22 synes
874 805 87 29 deti$

204 839 14 22 8
231 839 25 22 af
269 839 95 29 nådiga
378 839 182 30 förordningen
573 841 49 21 den
635 840 31 23 19
677 841 51 21 Juli
740 840 77 27 1892,
830 840 131 29 angående

203 874 202 28 presterskapets
427 874 8 21 i
461 874 31 22 de
511 875 292 28 evangelisk-lutherska
822 875 139 22 församlin-

204 915 81 22 garna
313 909 8 21 i
352 909 108 22 Finland
491 909 131 26 boställen,
651 909 127 29 ingående
810 909 152 29 stadgandet

203 949 40 15 om
266 943 226 28 församlingarnas
514 943 145 29 skyldighet
683 945 36 21 att
744 945 28 21 så
792 944 54 22 vidt
864 944 97 28 möjligt

204 977 100 28 skydda
328 977 106 22 arkiven
462 977 38 22 för
522 978 103 26 eldfara,
650 979 57 22 med
726 979 101 28 hänsyn
849 979 36 22 till
904 978 57 22 dess

204 1011 149 22 obestämda
377 1012 143 29 affattning,
542 1013 54 22 icke
620 1013 79 22 heller
722 1020 63 15 vara
809 1013 94 29 egnadt
927 1014 35 21 att

204 1046 154 21 härutinnan
385 1047 84 22 lämna
494 1047 129 22 önskvärd
647 1048 128 29 trygghet.
813 1047 39 22 Då
871 1047 91 28 kyrko-

205 1080 118 22 arkivens
347 1081 112 22 innehåll
481 1081 71 22 såväl
574 1082 39 22 för
636 1082 214 29 församlingarna
870 1081 91 29 själfva

204 1121 53 15 som
277 1115 39 22 för
335 1115 48 22 den
403 1115 136 22 historiska
558 1116 167 29 forskningen
739 1117 29 21 är
782 1117 26 21 af
820 1115 142 23 oskattbart

204 1149 87 26 värde,
320 1156 61 15 vore
409 1150 41 22 det
478 1150 86 22 därför
591 1151 8 21 i
622 1151 51 28 hög
693 1151 64 28 grad
776 1151 131 28 påkalladt
927 1152 35 20 att

203 1190 92 22 genom
316 1184 121 29 lämpliga
459 1184 80 22 medel
565 1185 62 22 söka
646 1185 144 29 förebygga
810 1185 74 22 deras
903 1185 58 21 fort-

204 1219 65 20 satta
289 1218 160 29 decimering.

273 1252 130 29 Därjämte
425 1253 47 22 har
496 1253 46 22 hos
567 1253 142 22 Ständerna
737 1253 7 22 i
770 1253 191 28 öfvervägande

204 1286 105 23 kommit
337 1288 36 21 att
400 1287 75 22 äfven
508 1288 81 28 öfriga
617 1288 7 21 i
651 1288 149 22 landsorten
826 1287 135 22 förvarade

203 1321 172 22 embetsarkiv
402 1322 127 22 innehålla
555 1329 30 14 en
613 1323 93 28 mängd
736 1322 155 28 oersättliga,
923 1321 38 22 för

202 1355 274 30 historieforskningen
486 1357 46 21 och
541 1357 178 22 kännedomen
730 1363 40 15 om
782 1356 100 22 landets
895 1356 66 21 forn-

202 1389 36 22 tid
262 1389 112 29 dyrbara
398 1391 143 29 samlingar.
588 1391 72 22 Flere
685 1391 193 28 länestyrelsers
897 1392 64 19 samt

202 1424 31 22 de
263 1424 69 22 äldre
360 1424 184 29 domkapitlens
573 1426 72 21 arkiv
669 1425 101 22 sträcka
794 1426 40 28 sig
857 1425 104 22 tillbaka

202 1458 67 22 ända
297 1458 35 22 till
362 1459 68 22 1600
458 1460 45 21 och
532 1460 68 22 1500
628 1460 77 27 talen;
724 1460 48 22 och
791 1460 95 28 jämväl
913 1460 48 20 stä-

201 1492 102 26 dernas,
336 1493 191 29 domsagornas,
557 1494 230 29 kronofogdarnes,
813 1493 147 29 provincial-
