1056 1734
281 136 274 22 Petitionsbetänkande
570 136 42 22 N:o
628 136 21 22 2.
783 136 28 21 43

80 194 77 21 närhet
172 194 23 21 af
209 193 131 28 betydligare
356 193 124 22 affärsorter
494 193 112 22 äfvensom
621 194 85 21 tillvaro
722 193 52 21 eller
788 193 51 26 möj-

81 228 66 27 lighet
171 228 32 21 för
218 227 121 22 inrättande
355 227 23 22 af
392 227 134 22 industriella
542 228 58 21 verk.
631 227 50 22 Men
697 227 27 21 då
740 227 26 21 de
782 227 58 21 trak-

81 264 39 25 ter,
136 263 72 21 hvilka
230 263 83 20 komme
340 263 32 20 att
390 261 88 22 beröras
498 262 22 21 af
534 268 28 15 nu
578 262 166 27 ifrågavarande
757 261 83 27 jernvä-

81 303 44 21 gar,
141 297 47 21 icke
203 297 72 20 kunna
289 298 63 25 sägas
368 296 6 21 i
390 296 68 27 högre
479 297 53 26 grad
548 296 96 27 uppfylla
660 297 63 20 dessa
738 296 102 27 betingel-

81 337 40 20 ser,
137 331 68 22 måste
220 331 48 21 med
284 331 46 21 skäl
345 332 44 19 rätt
405 330 89 27 mycken
510 331 80 21 tvekan
610 331 134 21 beträffande
757 331 84 26 jernvä-

81 371 76 21 garnes
173 365 160 26 förmånligaste
363 365 152 27 planläggning
532 365 113 21 härstädes
660 365 85 27 uppstå.

151 399 41 22 Vid
216 399 75 22 sådant
314 399 136 21 förhållande
471 401 37 20 äro
531 399 74 22 vidare
622 399 183 27 undersökningar
820 399 23 21 af

82 436 72 19 ortens
176 433 138 22 ekonomiska
336 433 135 27 ståndpunkt
494 434 141 27 ovilkorligen
659 434 23 21 af
703 433 76 22 nöden.
809 433 32 21 De

82 469 188 26 undersökningar,
295 467 72 22 hvilka
383 468 107 21 härintills
506 468 68 27 gjorts
590 468 38 21 och
644 468 62 21 äfven
722 468 119 27 äberopats,

82 503 64 21 hafva
161 503 124 26 visserligen
301 502 47 21 icke
365 502 24 21 så
405 503 129 27 oväsentligt
549 503 96 26 bidragit
660 503 33 21 till
708 503 85 26 frågans
808 505 34 18 ut-

83 537 98 27 redning;
196 543 50 16 men
263 537 26 20 då
305 537 26 20 de
346 537 57 20 varit
422 537 131 26 inskränkta
572 537 33 21 till
618 537 157 27 jemförelsevis
790 537 52 20 min-

84 572 36 22 dre
136 572 101 22 områden
254 571 39 22 och
309 571 47 22 icke
371 571 66 22 afsett
454 573 31 20 ett
495 573 99 20 närmare
601 571 135 28 jemförande
746 571 24 22 af
779 571 62 26 olika,

84 613 34 15 om
134 607 35 21 det
184 607 100 21 inbördes
299 606 118 21 företrädet
433 605 94 22 täflande
540 607 259 26 jernvägssträckningar,
809 606 34 21 rå-

84 641 37 21 der
136 641 132 21 fortfarande
291 641 88 27 mycken
403 641 100 21 oklarhet
518 641 6 21 i
541 641 127 21 hithörande
688 641 155 21 förhållanden.

84 675 44 21 Och
148 675 27 21 då
189 675 23 21 af
227 675 61 21 dessa
310 674 168 28 banbyggnader
493 676 6 20 i
516 676 62 27 ingen
598 675 102 21 händelse
720 675 67 21 under
803 675 39 21 den

83 712 107 19 närmaste
205 709 113 21 framtiden
334 715 59 15 mera
409 710 26 20 än
453 716 25 14 en
494 710 61 26 ringa
571 710 34 21 del
621 709 42 21 kan
682 709 159 27 ifrågakomma,

84 744 39 21 har
137 744 112 22 Utskottet
264 745 75 26 ansett,
358 745 32 19 att
405 743 40 21 här
461 756 28 3 —
505 744 28 27 på
548 750 82 15 samma
645 745 44 20 sätt
699 750 45 15 som
755 743 88 21 Utskot-

84 780 32 20 tet
130 778 110 27 föreslagit
263 778 32 22 för
317 784 64 15 norra
401 778 105 22 Savolaks
525 779 39 21 och
580 778 92 22 Karelen
688 778 106 22 äfvensom
811 778 33 20 för

84 812 96 22 området
208 813 89 21 emellan
325 812 146 28 Björneborgs
492 813 90 27 jernväg
604 814 39 20 och
666 813 127 21 Vasabanan
818 824 25 2 —

84 848 66 21 måtte
165 847 137 22 föranstaltas
318 853 25 16 en
359 847 50 21 hela
424 847 130 28 landskapet
576 847 134 22 omfattande
728 846 116 22 undersök-

85 882 51 27 ning
152 882 7 21 i
175 882 39 21 och
230 882 33 21 för
277 881 121 22 utrönande
421 881 56 22 huru
498 883 118 21 detsamma
630 882 68 21 borde
713 882 68 21 förses
797 881 47 22 med

84 917 73 20 vidare
169 917 120 26 jernvägar.
320 916 75 22 Skulle
411 916 37 21 det
463 917 36 20 vid
514 923 25 15 en
552 917 67 21 sådan
630 916 159 26 undersökning
799 916 46 21 visa

84 951 38 27 sig,
138 952 33 20 att
185 953 81 19 tvenne
280 950 47 22 från
344 951 70 21 skilda
430 952 103 20 stammar
548 953 45 19 mot
609 951 120 21 hvaraudra
740 950 105 27 utgående

84 985 119 27 grenbanor
219 985 24 21 så
258 985 101 21 närmade
374 985 38 27 sig,
429 987 32 19 att
477 985 27 21 de
520 985 48 21 med
583 985 86 21 relativt
680 985 62 26 ringa
753 984 90 22 kostnad

84 1019 72 21 kunde
178 1019 91 26 förenas,
292 1019 24 22 så
331 1019 67 22 borde
418 1025 26 15 en
460 1020 66 21 sådan
543 1019 97 28 förening
655 1019 45 27 ske,
717 1025 47 15 men
780 1019 65 21 borde

85 1053 67 27 enligt
165 1053 123 22 Utskottets
303 1053 140 22 förmenande
459 1054 28 21 de
502 1053 109 28 blifvande
619 1054 155 27 jernvägarnes
784 1059 61 21 egen-

85 1088 52 26 skap
153 1088 22 21 af
189 1088 56 26 goda
259 1088 127 21 lokalbanor
411 1088 121 21 emellertid
548 1088 7 21 i
570 1088 90 21 främsta
674 1090 92 20 rummet
782 1088 63 21 efter-

84 1122 91 21 sträfvas
197 1122 39 22 och
253 1124 31 20 ett
299 1122 144 22 förbindande
462 1122 24 22 af
500 1122 178 22 hufvudbanorna
693 1123 48 21 med
756 1122 89 21 hvaran-

84 1156 39 21 dra
138 1156 74 21 endast
227 1157 7 20 i
249 1156 66 22 andra
331 1158 93 20 rummet
436 1156 99 22 beaktas.

153 1190 60 22 Inom
229 1191 38 21 det
282 1190 23 22 af
320 1190 104 22 Savolaks
447 1191 91 27 jernväg
560 1191 101 21 tudelade
680 1192 58 20 stora
753 1190 92 26 område,

84 1230 45 16 som
145 1225 66 27 ligger
227 1225 89 21 emellan
340 1225 104 27 Päijänne
468 1226 33 26 sjö
517 1225 13 21 å
544 1232 40 14 ena
600 1225 161 21 och:Karelska
776 1224 69 21 banan

85 1259 12 21 å
116 1259 67 21 andra
202 1259 67 26 sidan,
287 1259 68 21 finnas
371 1261 79 25 tvänne
466 1260 160 21 inlandsstäder
642 1259 92 22 Heinola
750 1259 38 21 och
803 1259 43 27 Ny-

85 1293 57 27 slott,
158 1293 72 21 hvilka
246 1296 56 18 ännu
317 1296 37 18 äro
370 1294 7 20 i
393 1293 108 22 afsaknad
517 1294 23 21 af
554 1294 131 21 förbindelse
701 1294 47 20 med
764 1294 83 21 landets

82 1327 144 27 jernvägsnät.
257 1328 44 21 Och
325 1334 33 15 om
383 1328 63 21 äfven
466 1328 64 22 dessa
548 1328 72 22 städer
636 1328 6 21 i
658 1328 39 22 och
713 1328 33 21 för
761 1328 32 26 sig
809 1330 37 18 äro

85 1362 82 26 ganska
190 1362 129 28 obetydliga,
342 1364 77 26 utgöra
443 1363 26 21 de
494 1362 54 22 dock
564 1363 194 27 samlingspunkter
773 1362 33 22 för
821 1362 26 21 de

86 1396 133 28 omgifvande
235 1397 158 21 landsorternas
413 1397 88 27 handel,
521 1398 39 21 och
576 1403 50 15 vore
641 1397 27 21 de
683 1397 70 21 säsom
768 1396 80 22 sädana

86 1430 67 27 enligt
167 1431 28 21 all
212 1431 121 21 erfarenhet
354 1431 83 27 egnade
461 1434 36 19 att
519 1432 73 20 stärka
615 1437 26 15 en
664 1431 48 21 dem
728 1430 120 28 anlöpande

154 1481 179 23 Jernvägsutskottets
345 1482 114 18 betänkande
472 1482 38 18 N:o
523 1483 18 17 2.
