1056 1734
183 168 13 20 2

153 238 30 18 att
203 237 65 19 banan
290 237 37 19 bör
348 236 22 20 af
384 239 63 17 staten
464 236 83 24 utföras,
563 239 22 17 är
600 239 30 17 att
644 237 61 19 linien
722 233 190 28 Östermyra—Kri-

153 266 97 19 stinestad
272 265 39 20 kan
331 266 46 24 ingå
400 266 65 19 såsom
479 272 25 22 en
520 266 66 19 direkt
601 266 149 24 föreningslänk
766 266 71 19 mellan
852 265 60 20 Uleå-

152 294 127 24 borgsbanan
299 294 37 20 och
359 300 23 13 en
406 294 44 20 från
472 288 45 26 Åbo
538 298 70 16 norrut
628 294 57 20 öfver
699 294 123 25 Björneborg
838 294 74 24 dragen

153 323 106 25 kustbana,
280 323 25 19 då
326 328 25 14 en
371 323 60 19 sådan
447 324 7 18 i
470 323 105 19 framtiden
591 323 89 19 kommer
695 326 30 16 att
740 323 81 25 byggas,
836 323 77 19 hvilket

153 352 31 19 väl
199 351 42 20 förr
257 351 50 19 eller
321 357 69 14 senare
405 352 62 19 måste
483 352 41 19 ske.

221 380 30 19 På
271 380 86 20 initiativ
377 380 21 20 af
412 380 179 24 stadsfullmäktige
606 380 7 19 i
628 380 136 20 Kristinestad
779 380 133 20 undersöktes

152 409 23 19 år
196 408 56 20 1890
275 414 23 14 en
319 409 46 19 linie
390 409 111 19 Munakka—
509 404 139 34 Kristinestad
664 409 147 19 instrumentalt
826 408 37 20 och
878 409 34 19 be-

153 437 98 20 räknades
274 437 135 20 kostnaderna
431 437 32 20 för
477 437 75 20 banans
567 437 102 24 byggande
686 437 51 24 stiga
752 437 30 20 till
798 436 114 27 5,565,000

152 466 63 19 mark.
245 466 30 19 Dei
313 466 55 19 detta
384 465 93 20 afseende
493 466 104 19 tillkomna
612 466 117 24 handlingar
744 466 122 19 inlemnades
881 466 31 19 till

153 495 107 19 ständerna
276 495 32 18 vid
324 494 54 20 1891
395 495 32 19 års
442 495 101 24 landtdag.
573 495 37 19 Ett
624 495 22 19 af
654 495 48 19 flere
713 495 133 19 intresserade
857 495 55 19 kom-

152 529 70 14 muner
243 523 73 20 fattadt
337 523 63 20 beslut
420 529 30 14 om
469 523 147 24 undersökning
632 523 22 20 af
667 529 24 14 en
706 523 48 20 linie
770 520 140 27 Östermyra—

152 551 125 24 Björneborg
293 552 43 19 med
351 552 73 19 bibana
439 552 32 19 till
486 552 142 24 Kristinestad,
644 553 100 18 eventuelt
759 552 75 25 Kaskö,
845 552 36 19 bar
892 551 21 20 af

152 580 52 20 brist
218 581 27 24 på
260 581 93 19 tekniska
367 581 78 19 krafter
459 581 44 20 icke
520 581 75 20 kunnat
611 580 83 20 utföras.
717 581 77 19 Endast
806 587 23 13 en
840 581 72 19 okulär

152 609 150 24 undersökning
324 609 21 20 af
367 610 37 19 och
419 609 171 24 kostnadsförslag
606 609 31 20 för
652 610 59 19 dessa
726 609 184 24 bansträckningar,

152 637 32 20 för
194 638 58 19 delen
264 633 279 30 Östermyra—Kristinestad
553 638 113 20 beräknadt
675 638 31 19 till
716 638 74 20 inemot
799 637 112 27 6,500,000

152 667 63 24 mark,
230 667 37 19 har
282 667 107 19 verkstälts
405 667 21 20 af
439 667 90 24 ingeniör
544 667 25 19 K.
581 667 19 20 J.
617 667 105 26 Karlsson,
733 667 37 20 och
781 667 57 19 torde
850 667 62 19 hand-

153 695 89 24 lingarne
259 696 85 19 rörande
360 696 112 19 densamma
487 696 32 19 vid
535 696 64 20 denna
613 696 95 23 landtdag
724 696 95 19 inlemnas
832 696 6 19 i
851 698 60 17 annat

153 724 59 19 stånd
227 724 6 19 i
250 724 139 24 sammanhang
405 725 43 19 med
464 730 23 14 en
503 725 86 24 petition
605 725 101 23 angående
722 724 129 20 förenämnda
861 730 49 14 sam-

152 752 211 25 manbindningsbana.
394 753 42 26 Om,
459 753 64 20 såsom
544 754 34 23 jag
600 753 85 26 hoppas,
708 754 38 18 min
768 754 84 23 petition
872 753 39 20 blir

152 781 83 19 föremål
251 781 32 20 för
298 781 214 25 utskottsbehandling,
528 783 57 18 torde
601 783 85 18 nämnda
696 782 118 23 handlingar
825 782 37 19 och
873 782 38 19 den

152 809 114 26 utredning,
286 815 41 14 som
348 810 32 19 vid
402 811 84 23 tidigare
507 811 120 24 landtdagar
644 811 82 19 kommit
742 811 68 24 frågan
826 810 31 20 till
873 811 38 25 del,

152 843 48 14 vara
221 838 90 25 tillfylles
326 838 32 20 för
372 842 30 16 att
417 840 29 19 till
463 840 33 19 det
511 839 84 26 omfång,
611 845 41 14 som
668 841 23 18 är
706 839 69 24 nödigt
790 839 32 20 för
837 841 30 18 att
882 841 29 17 ett

152 867 148 20 ständerbeslut
319 867 6 19 i
341 867 61 20 saken
418 868 51 20 skall
484 868 66 20 kunna
565 867 67 25 fattas,
647 868 86 24 granska
748 868 96 24 förslaget
859 869 5 18 i
880 868 30 20 sin

152 895 73 20 helhet.

221 924 32 20 Då
268 924 93 20 behofvet
376 925 21 19 af
411 926 64 19 bättre
491 926 193 19 kommunikationer
698 925 23 20 så
731 925 31 20 väl
774 926 31 18 för
816 925 45 20 hela
872 926 38 19 den

152 952 87 20 berörda
261 953 80 20 trakten
363 960 41 13 som
425 954 32 20 för
471 955 70 19 staden
556 954 135 20 Kristinestad
707 956 22 17 är
744 954 22 20 af
779 956 75 18 största
869 954 41 20 vikt

152 981 37 19 och
212 984 59 22 utgör
294 985 29 16 ett
345 983 122 23 nödvändigt
488 983 65 19 vilkor
575 982 31 20 för
622 983 65 19 denna
701 983 102 19 landsdels
819 982 91 20 framtida

152 1010 130 20 ekonomiska
297 1011 120 25 utveckling,
432 1012 61 23 vågar
505 1012 35 24 jag
555 1012 102 19 vördsamt
672 1012 79 19 anbålla
766 1017 31 14 om
814 1011 98 25 vällofliga

151 1038 181 24 Borgareståndets
347 1040 120 19 medverkan
482 1040 30 19 till
528 1046 24 14 en
569 1040 85 24 petition
670 1040 82 24 derhän,

358 1099 27 17 att
401 1097 110 20 Ständerna
525 1097 44 21 ville
584 1098 36 19 hos
634 1097 58 20 Hans
705 1098 107 25 Kejserliga
822 1098 90 26 Majestät

290 1124 79 21 anhålla
388 1132 33 14 om
440 1126 73 20 teknisk
527 1126 145 26 undersökning
686 1126 27 26 af
723 1133 24 13 en
762 1127 150 25 bansträckning

293 1145 131 40 Östermyra—
434 1145 136 40 Kristinestad,

358 1184 28 18 att
400 1183 65 19 banan
479 1183 59 20 måtte
552 1184 33 25 för
599 1184 121 20 statsverkets
734 1184 86 26 räkning
834 1184 78 25 utföras

291 1210 34 20 och
339 1213 79 18 snarast
431 1212 77 25 möjligt
522 1212 88 25 beläggas
624 1213 45 19 med
683 1213 66 24 arbete,
765 1214 53 18 samt

358 1242 27 17 att
410 1240 110 20 Ständerna
541 1240 44 20 ville
606 1240 70 26 härför
697 1242 69 19 anvisa
787 1241 125 26 erforderliga

290 1268 65 19 medel.

221 1323 133 26 Helsingfors,
370 1325 38 20 den
424 1325 13 20 8
453 1326 96 20 Februari
565 1326 63 20 1897.

648 1382 65 24 Aifrod
728 1382 113 24 Carlström.

297 1471 112 24 Helsingfors
420 1473 50 18 1897.
494 1473 111 24 Helsingfors
614 1474 152 23 Centraltryckeri.
