1075 1756
388 150 207 22 Petitionsmemorial.

115 213 54 21 Ridd.
184 219 18 15 o.
217 213 66 22 Adeln.
786 212 33 21 N:o
835 210 33 22 10.

221 416 46 19 Till
282 414 134 26 Höglofliga
432 415 175 25 Ridderskapet
623 415 42 19 och
680 415 82 19 Adeln.

357 475 126 19 Vördsamt
497 474 125 20 memorial.

182 533 35 20 Uti
239 534 28 18 ett
287 538 45 18 nyss
355 533 108 19 inlemnadt
486 531 195 26 petitionsmemorial
703 531 35 20 har
752 532 34 23 jag
801 529 68 20 utbedt

114 563 39 24 mig
168 562 143 23 Ridderskapet
326 561 37 20 och
378 561 74 20 Adelns
467 561 119 20 medvärkan
601 561 30 19 till
647 566 24 13 en
681 560 144 23 framställning
834 559 35 18 hos

114 591 115 25 regeringen
243 591 7 18 i
265 589 49 25 syfte
330 592 30 17 att
375 590 135 19 åstadkomma
525 590 79 24 lämplig
619 588 116 25 uppfostran
750 588 32 20 för
789 587 81 21 vanvår-

115 621 50 18 dade
187 619 54 20 barn.
272 619 38 19 Det
333 621 22 16 är
374 619 50 19 dock
439 619 45 19 icke
498 624 39 19 nog
552 621 29 17 att
596 619 67 18 skolor
677 617 37 20 och
729 617 44 20 hem
788 617 82 19 inrättas

115 649 31 19 för
169 649 36 18 den
227 647 90 24 ungdom,
341 653 40 14 som
404 648 61 19 redan
481 647 41 20 står
536 647 25 25 på
576 647 98 19 förfallets
689 647 64 23 brant,
770 645 102 20 samhället

115 678 36 19 bör
173 677 36 20 ock
232 682 20 13 se
271 676 30 19 till
316 678 30 17 att
360 676 191 24 missförhållanden,
567 681 40 14 som
623 675 66 20 inleda
705 675 23 19 de
744 681 51 18 unga
810 675 7 18 i
832 673 38 20 fre-

115 707 57 18 stelse
195 705 36 20 och
254 705 101 19 föranleda
378 705 60 24 brott,
454 706 62 19 varda
531 705 63 19 såvidt
608 704 76 24 möjligt
699 703 123 25 aflägsnade;
838 703 34 18 det

114 735 38 19 bör
174 735 62 24 sörjas
258 733 31 20 för
310 736 30 17 att
354 734 50 19 barn
420 734 37 19 och
472 740 52 18 unga
538 739 94 19 personer
647 733 43 19 icke
705 733 88 19 inkastas
809 733 6 18 i
831 731 39 20 för-

115 763 110 24 hållanden,
241 768 39 13 som
297 765 34 16 äro
346 763 74 23 egnade
436 765 31 17 att
481 763 120 24 konseqvent
615 761 103 25 påskynda
732 761 108 24 mognaden
850 759 22 20 af

116 792 64 25 dåliga
195 791 84 24 böjelser
294 791 36 20 och
345 793 75 18 utsätta
436 794 52 17 ännu
504 791 112 20 outbildade
627 791 117 19 karaktärer
754 790 31 19 för
795 789 76 20 frestel-

116 827 37 18 ser,
168 820 68 21 alltför
250 822 53 17 stora
317 819 32 20 för
364 820 56 19 deras
436 820 62 20 ålder.

182 850 36 19 Ett
239 849 70 19 sådant
330 848 173 20 missförhållande
525 855 56 18 synes
603 849 40 24 mig
666 854 47 13 vara
727 850 29 17 att
770 848 50 19 barn
834 846 38 19 och

115 884 51 18 unga
184 883 92 19 personer
290 877 75 20 tillåtas
382 877 58 20 hafva
456 877 118 24 anställning
589 877 12 19 å
615 877 95 20 värdshus
726 877 37 19 och
778 875 93 20 utskänk-

114 907 133 24 ningsställen.
276 906 39 19 Det
329 906 57 19 torde
401 908 49 17 utan
464 906 68 20 vidare
547 906 87 19 ordande
649 911 46 14 vara
710 905 53 20 klart
778 906 29 18 att
822 904 49 19 slika

114 935 70 20 ställen
206 935 43 19 icke
271 937 34 17 äro
328 935 93 24 lämpliga
442 935 134 20 vistelseorter
591 934 31 20 för
636 934 49 19 barn
701 934 36 19 och
753 936 51 17 ännu
819 933 7 19 i
840 934 31 17 ut-

114 964 88 24 veckling
217 963 70 20 stadda
301 963 103 24 ynglingar
419 963 38 20 och
472 969 52 18 unga
539 963 87 24 gvinnor.
651 963 30 19 De
697 963 93 24 exempel,
801 961 24 20 de
836 961 36 19 där

114 992 60 20 hafva
195 992 31 19 för
247 995 80 21 ögonen,
351 992 25 19 de
394 993 71 18 samtal
481 993 36 18 där
532 992 59 24 föras,
607 992 37 19 den
659 991 118 24 behandling
792 991 24 18 de
831 990 41 19 ofta

116 1023 83 18 utsättas
215 1021 36 24 för,
267 1021 44 18 med
326 1022 28 17 ett
370 1021 35 18 ord
421 1021 38 19 den
474 1021 40 19 luft
529 1021 23 19 de
568 1021 35 19 där
617 1021 89 23 inandas,
723 1022 33 17 äro
767 1019 35 20 allt
813 1020 60 18 annat

114 1052 25 17 än
154 1055 111 19 gynsamma
279 1049 31 20 för
324 1049 58 20 deras
397 1050 108 19 moraliska
520 1049 117 24 utveckling,
647 1049 102 20 hvarutom
761 1048 23 19 de
796 1047 76 20 frestel-

115 1084 31 14 ser
168 1079 29 18 till
221 1078 141 24 dryckenskap,
386 1078 24 19 de
432 1078 26 24 pä
473 1078 66 24 hvarje
555 1080 42 22 steg
611 1080 60 21 möta,
686 1078 44 19 icke
745 1077 63 19 sällan
822 1076 51 19 visat

115 1108 29 23 sig
159 1107 58 20 hafva
232 1107 23 19 de
271 1105 145 26 förderfligaste
432 1107 107 24 päföljder.
570 1107 29 19 De
614 1112 53 19 unga
681 1109 44 16 män
740 1111 44 14 man
800 1105 26 19 dä
836 1104 36 19 och

116 1136 25 19 dä
163 1135 94 25 päträffar
279 1136 7 18 i
303 1135 48 20 våra
366 1134 157 21 straffanstalter
538 1135 36 20 och
589 1136 24 19 de
628 1141 52 18 unga
695 1135 87 24 gvinnor,
798 1139 40 14 som
854 1133 18 23 ej

115 1164 61 20 heller
191 1167 34 17 äro
240 1164 93 24 sällsynta
349 1164 35 19 där
400 1164 36 19 och
447 1165 68 18 hvilka
526 1165 61 18 under
597 1165 30 18 sin
637 1163 118 24 anställning
765 1163 32 19 vid
805 1162 67 20 värds-

114 1193 37 19 hus
174 1193 21 20 af
217 1193 51 20 olika
291 1199 54 18 rang,
368 1193 91 24 vanligen
484 1193 61 19 dukat
560 1193 61 18 under
639 1192 32 20 för
685 1192 107 23 frestelser,
808 1190 65 20 däruti

115 1222 159 24 dryckenskapen
297 1221 31 20 för
350 1221 97 20 hvardera
462 1222 61 19 könet
538 1222 64 23 spelar
617 1227 24 13 en
656 1221 43 19 icke
716 1220 99 24 obetydlig
830 1219 44 23 roll,

115 1250 49 20 bära
178 1253 88 22 nogsamt
280 1250 61 19 vittne
357 1255 31 14 om
403 1252 30 17 att
448 1250 82 20 farorna
545 1250 22 19 af
580 1250 57 24 yrket
652 1249 44 20 icke
711 1252 34 17 äro
760 1249 62 24 ringa.
843 1247 30 20 De

116 1285 51 18 unga
181 1281 82 17 männen
277 1278 22 20 af
312 1279 85 18 nämnda
412 1279 56 24 yrke,
486 1285 40 13 som
541 1285 44 13 man
600 1279 59 18 räkar
674 1279 6 18 i
694 1277 130 25 fängelserna,
838 1279 34 16 äro

116 1307 62 20 oftast
199 1307 70 20 dömda
290 1307 63 20 första
369 1307 75 24 gängen
460 1307 33 20 för
507 1307 122 24 hustjufnad,
645 1307 109 19 sedermera
770 1306 31 19 för
815 1306 59 18 itere-

115 1337 47 18 rade
185 1336 120 23 stöldsbrott,
328 1336 24 19 de
376 1341 52 19 unga
448 1337 108 23 gvinnorna
574 1336 43 19 icke
633 1335 62 20 sällan
710 1335 32 19 för
756 1333 118 21 barnamord

116 1365 47 19 eller
178 1365 36 19 ock
229 1367 34 17 äro
279 1365 30 23 de,
325 1364 64 19 säsom
405 1364 97 20 förfallna
517 1365 20 19 ät
551 1364 115 24 osedlighet,
682 1363 144 20 underkastade
838 1362 35 19 all-

116 1395 54 18 mänt
183 1393 72 20 arbete.

183 1422 40 19 Det
244 1422 49 19 enda
316 1421 120 20 botemedlet
458 1424 43 17 mot
522 1421 86 24 antydda
627 1420 169 20 missförhällande
811 1419 64 19 finner

114 1451 33 23 jag
167 1451 27 18 uti
211 1450 125 19 utfärdandet
351 1449 22 20 af
388 1453 28 16 ett
431 1450 74 19 förbud
521 1452 51 17 emot
586 1449 59 20 barns
661 1450 35 19 och
712 1449 103 24 omyndiga
830 1453 44 18 per-
