1073 1745
210 171 13 19 2
402 170 280 23 Petitionsbetänkande
697 171 45 23 N:o
758 172 33 22 17.

209 241 40 22 och
278 242 147 22 bekostandet
447 255 30 3 —
500 256 27 3 —
552 256 25 3 —
600 243 26 22 af
647 250 25 15 en
698 244 73 22 sluten
795 251 106 15 sommar-
925 245 40 21 och

209 277 212 23 vinter-kuranstalt
437 279 36 21 för
488 279 120 28 lungsjuka
623 293 29 2 —
669 293 27 2 —
713 282 48 19 —.*
794 275 102 27 Ärendet
911 281 52 21 hän-

209 313 62 22 sköts
288 314 35 21 till
338 315 119 20 Allmänna
473 315 210 28 besvärsutskottet,
699 323 45 14 som
760 316 97 27 föreslog
872 323 26 15 en
911 317 53 27 peti-

208 349 46 22 tion
271 356 33 15 om
323 352 45 25 ,att
380 350 142 28 Regeringen
534 351 60 28 ville,
606 352 8 21 i
625 352 106 21 händelse
742 352 28 27 pä
782 352 99 21 enskildt
891 353 72 21 initia-

208 385 33 22 tiv
257 392 27 15 en
300 386 177 27 ändamälsenlig
493 387 126 22 kuranstalt
635 387 35 22 för
686 388 118 27 lungsjuka
820 388 98 22 kommer
928 389 35 20 till

207 422 72 27 ständ,
301 422 79 22 därvid
401 423 68 21 äfven
491 423 85 21 mindre
596 423 141 22 bemedlades
758 423 68 23 behof
840 424 25 21 af
878 425 85 21 skötsel

207 459 40 21 och
268 458 56 22 värd
345 457 75 23 blefve
441 458 121 28 behörigen
583 459 150 27 tillgodosedt,
750 460 87 21 skänka
851 459 111 28 företaget

206 494 96 28 kraftigt
319 494 140 22 ekonomiskt
474 494 141 23 understöd."
648 495 119 27 Förslaget
778 502 57 14 vann
847 496 55 21 dock
913 496 49 22 icke

206 531 68 28 nödig
295 530 203 28 ständermajoritet
519 531 40 21 och
575 531 129 21 föranledde
721 531 86 21 således
824 532 67 27 ingen
906 532 55 27 peti-

206 568 46 21 tion
276 567 51 22 från
347 567 136 22 Ständernas
505 567 53 22 sida.
590 567 78 22 Denna
688 567 85 28 utgång
788 567 25 22 af
826 568 68 21 saken
911 568 50 21 här-

206 603 65 22 ledde
288 603 35 27 sig
339 603 144 26 naturligtvis
499 603 50 21 icke
565 602 25 21 af
603 603 114 22 bristande
729 603 70 22 insikt
811 610 34 15 om
856 603 104 28 behöflig-

205 639 68 22 heten
289 639 25 21 af
327 639 106 27 åtgärder
449 639 35 21 till
500 639 141 21 hämmandet
657 639 24 21 af
695 639 164 22 tuberkulosen.
887 639 73 22 Också

204 677 65 20 rönte
293 675 121 22 utskottets
436 674 141 22 betänkande
598 675 8 20 i
623 675 64 21 dessa
710 675 62 21 delar
792 675 67 27 ingen
879 677 80 20 motsä-

205 711 62 28 gelse
290 711 58 21 inom
369 711 212 26 representationen.
612 711 163 27 Motiveringen
796 711 113 27 grundade
925 711 35 27 sig

205 747 110 27 nämligen
337 747 48 21 dels
396 747 29 26 på
435 746 92 21 allmänt
538 746 75 21 kända
621 746 68 27 fakta,
699 747 48 21 dels
757 747 40 21 och
805 746 154 28 förnämligast

204 783 29 27 på
261 783 42 22 den
328 782 119 27 utredning
470 782 86 21 Finska
579 782 204 27 läkaresällskapet
806 783 36 21 vid
867 783 92 21 allmänt

203 821 61 20 möte
283 819 7 21 i
311 819 126 26 september
456 819 55 20 1889
529 817 120 28 förebragt,
667 818 79 22 därvid
763 818 128 27 Sällskapet
906 821 52 19 utan

203 854 259 28 meningsskiljaktighet
482 854 80 21 uttalat
585 860 59 19 ,som
660 856 33 19 ett
708 854 166 27 önskningsmål
889 855 68 21 inrät-

202 890 79 22 tandet
301 890 7 21 i
324 890 97 21 Finland
437 889 25 21 af
475 891 32 20 ett
523 896 104 15 sommar-
643 890 40 21 och
698 890 208 22 vintersanatorium
923 890 34 22 för

202 926 145 28 lungsiktige,
365 925 124 22 beräknadt
504 925 36 21 för
556 928 32 18 ett
604 927 73 20 större
691 926 60 21 antal
762 926 129 26 patienter."
916 926 41 22 Att

202 962 111 22 utskottet
335 962 56 21 dock
412 961 49 21 icke
476 961 127 27 tillstyrkte
619 967 27 15 en
663 961 184 27 ständerpetition
864 961 7 21 i
887 962 69 26 enlig-

202 998 38 21 het
257 998 50 21 med
323 998 160 26 petitionärens
499 996 86 28 förslag
600 997 103 27 berodde,
718 997 70 27 enligt
799 997 156 28 betänkandet,

201 1034 30 26 pä
247 1036 34 19 att
298 1033 62 27 ,med
376 1034 87 26 hänsyn
481 1032 36 22 till
533 1032 92 28 frågans
635 1033 7 21 i
654 1033 102 22 tekniskt
767 1033 39 21 och
817 1033 140 22 ekonomiskt

201 1069 108 22 afseende
329 1069 107 22 outredda
459 1069 154 22 beskaffenhet
635 1075 26 15 en
681 1069 104 21 anhållan
801 1075 34 15 om
852 1071 33 20 ett
899 1070 57 21 visst

200 1106 81 26 anslag
301 1105 26 21 af
343 1105 123 27 penningar
482 1105 113 26 svårligen
611 1105 74 22 kunde
701 1105 35 21 till
752 1104 54 22 fullo
822 1105 131 22 motiveras"

200 1141 126 27 hvarjämte
344 1141 51 26 ,det
411 1143 62 24 synts
490 1141 109 21 utskottet
615 1141 106 27 riktigast
736 1142 33 20 att
782 1141 137 21 inrättandet
933 1141 25 21 af

200 1183 30 15 en
247 1177 25 21 så
288 1176 114 22 beskaffad
418 1176 89 27 anstalt,
524 1177 95 20 rörande
634 1177 67 21 hvars
718 1176 150 27 organisation
884 1177 71 26 någon

200 1213 29 26 på
245 1213 55 22 våra
315 1212 155 22 förhållanden
485 1212 53 21 fullt
554 1212 119 27 tillämplig
688 1211 129 23 erfarenhet
831 1214 58 19 ännu
905 1212 50 22 icke

200 1247 127 28 förefinnes,
345 1247 176 22 öfverlämnades
537 1248 24 21 åt
577 1248 42 21 den
636 1248 101 21 enskilda
745 1247 209 28 företagsamheten,

199 1284 62 21 hälst
283 1284 42 22 den
345 1284 110 27 rörligare
475 1284 205 21 administrationen
701 1285 25 20 af
739 1289 28 16 en
783 1278 74 32 privat
872 1287 83 18 anstalt

200 1319 83 22 lättare
302 1320 86 30 komme
409 1321 32 19 att
462 1320 74 20 kunna
558 1319 147 27 tillgodogöra
726 1319 35 27 sig
777 1319 43 21 alla
836 1318 119 28 tidsenliga

199 1354 183 28 förbättringar."
415 1356 11 20 I
447 1355 152 21 betänkandet
614 1355 105 27 tillägges
735 1354 77 22 vidare
829 1357 38 24 att,
885 1354 70 27 enligt

198 1391 131 21 uttalanden
340 1392 36 21 vid
389 1391 224 26 Läkaresällskapets
625 1390 146 22 ofvannämda
782 1392 64 25 möte,
858 1390 97 22 initiativ

197 1425 53 22 från
272 1427 99 21 enskildt
391 1427 53 27 håll,
466 1427 69 21 under
555 1426 160 28 förutsättning
734 1425 25 22 af
775 1426 114 22 verksamt
905 1425 49 22 stöd

197 1461 52 22 från
267 1462 38 22 det
321 1463 121 21 allmännas
459 1462 53 27 sida,
530 1465 76 24 syntes
623 1462 74 22 kunna
713 1462 118 26 påräknas.

273 1510 108 18 Allmänna
391 1510 183 23 petitionsutskottets
587 1510 117 18 betänkande
717 1509 38 18 N:o
767 1509 26 18 11.
