1070 1739
288 180 278 24 Petitionsbetänkande
581 180 43 22 N:o
639 180 37 22 13.
838 179 28 20 57

181 242 45 22 För
251 243 38 21 det
315 244 38 20 fall
381 246 33 19 att
440 243 205 22 ämbetsdistriktet
674 242 74 22 skulle
773 242 95 21 omfatta

109 276 53 21 flere
185 277 145 26 kommuner,
354 278 53 21 med
430 278 63 21 olika
518 277 207 29 protokollsspräk,
741 276 129 21 innehäller

111 311 54 21 1883
188 312 36 21 års
248 312 133 28 förordning
403 313 68 27 ingen
500 312 152 27 bestämning.
688 312 53 20 Men
763 311 105 21 däremot

111 346 90 26 stadgas
224 346 7 21 i
252 348 141 26 nyssnämda
416 347 90 27 Nädiga
529 347 52 21 bref
594 347 25 21 af
632 347 26 20 är
675 347 53 20 1887
744 348 33 18 att
791 345 77 21 veder-

110 379 102 23 börande
234 381 158 27 myndigheter
414 383 41 20 äro
478 381 140 27 berättigade
640 383 33 19 att
695 380 7 21 i
718 380 72 21 sädan
811 380 57 20 hän-

111 413 61 22 delse
198 414 80 28 själfva
302 416 84 26 afgöra,
407 416 143 21 hvilketdera
576 415 93 27 språket
692 414 7 21 i
719 414 78 27 hvarje
823 415 45 19 sär-

112 448 69 22 skildt
203 449 39 21 fall
266 450 57 21 skall
349 450 121 27 begagnas.
502 450 35 21 Då
561 457 28 14 en
611 449 147 27 bestämning
778 448 35 22 för
835 455 33 13 nu

112 482 171 27 ifrägavarande
299 484 38 21 fall
353 486 26 19 är
394 485 25 20 af
427 485 108 21 behofvet
545 484 117 28 päkallad,
674 483 134 28 isynnerhet
816 482 52 22 med

112 517 106 22 afseende
234 518 13 21 å
262 519 70 26 några
348 519 184 21 administrativa
545 518 167 28 myndigheter,
728 518 34 21 till
777 517 93 21 hvilkas

112 551 91 22 distrikt
218 552 7 21 i
240 554 75 26 regeln
331 554 52 20 flere
402 554 141 20 kommuner
557 554 65 25 höra,
638 553 69 21 hafva
723 552 22 21 vi
760 552 34 21 till
812 552 58 20 inta-

113 586 72 26 gande
205 586 7 21 i
235 587 171 27 ifrågavarande
430 590 105 18 moment
561 587 115 27 föreslagit
699 588 30 19 ett
744 585 125 27 stadgande

113 620 7 20 i
136 620 60 21 detta
219 621 111 21 afseende.
361 622 77 26 Enligt
466 622 41 20 vår
532 622 61 20 åsikt
616 622 26 20 är
667 620 135 27 naturligast
825 620 45 20 och

113 657 59 19 mest
198 656 250 21 öfverensstämmande
473 656 54 21 med
549 656 101 26 rättvisa,
674 657 32 19 att
731 655 37 21 det
800 654 70 27 språk

115 695 50 15 som
188 690 117 21 användes
328 690 24 21 af
372 690 96 21 flertalet
491 690 139 21 kommuner
653 690 5 20 i
671 689 124 26 distriktet,
811 688 59 21 skall

114 730 54 14 vara
177 724 123 26 afgörande
310 724 52 21 med
372 724 107 22 afseende
491 725 13 20 å
515 724 244 28 expeditionsspråket,
770 723 100 21 förutom

115 757 6 21 i
138 758 27 21 de
187 758 45 27 fall,
253 758 29 21 då
304 758 38 22 det
363 759 73 21 andra
459 759 93 28 språket
573 759 26 20 af
610 758 77 21 nedan
708 757 97 22 anförda
821 757 50 21 skäl

114 792 43 21 bör
176 793 124 21 användas.
331 793 37 21 Ett
390 793 26 21 af
436 793 28 21 de
487 793 46 27 fall,
557 793 30 21 då
605 800 28 14 en
649 793 109 21 afvikelse
774 792 50 21 från
839 798 33 14 re-

115 827 51 26 geln
189 833 38 14 om
248 827 28 21 de
303 827 63 22 flesta
389 828 184 21 kommunernas
599 827 70 28 språk
692 827 119 26 erfordras,
838 825 33 21 in-

114 861 82 26 träder,
228 861 29 21 då
285 862 129 27 expedition
446 862 59 21 skall
536 862 102 21 utfärdas
663 862 34 20 till
722 861 76 27 någon
827 861 45 20 sär-

115 895 60 20 skild
198 895 113 21 kommun
331 896 64 21 inom
417 896 204 21 ämbetsdistriktet
636 896 54 21 eller
705 895 90 22 enskild
811 894 62 21 med-

116 929 44 20 lem
180 929 24 21 af
221 929 141 28 densamma,
382 930 45 21 och
443 931 71 26 sagda
529 931 114 20 kommun
659 931 43 20 har
716 932 71 19 annat
803 929 69 27 språk

115 965 30 18 än
160 963 95 22 flertalet
271 965 138 20 kommuner
425 965 64 20 inom
505 965 119 20 distriktet.
657 965 8 20 I
682 965 60 20 detta
758 964 39 21 fall
813 963 60 20 kräf-

115 1005 39 14 ver
176 1005 121 20 omsorgen
320 1006 37 14 om
380 999 44 21 den
447 999 147 21 minoriteten
614 999 138 21 tillhörande
767 999 106 20 kommu-

116 1039 57 14 nens
196 1033 54 20 eller
272 1033 50 21 dess
346 1033 112 21 medlems
481 1035 50 24 rätt,
547 1035 32 19 att
595 1033 159 28 expeditionen
770 1033 103 20 utfärdas

115 1066 31 27 på
169 1067 127 21 sistnämda
319 1067 127 21 kommuns
469 1067 76 28 språk.
577 1068 38 20 Ett
637 1067 6 21 i
667 1067 76 21 denna
764 1067 110 26 riktning-

117 1101 86 26 gående
226 1101 124 27 stadgande
368 1101 143 22 beträffande
527 1102 38 21 det
580 1101 106 22 officiella
702 1101 92 28 språket
809 1101 65 26 ingår

117 1135 71 20 redan
218 1135 7 20 i
250 1135 87 27 Nådiga
361 1136 87 21 brefvet
469 1136 26 21 af
514 1136 25 21 år
563 1137 61 25 1887,
647 1137 91 20 hvarest
761 1135 113 22 föreskrif-

117 1176 39 14 ves
172 1172 38 24 att,
226 1170 73 21 ehuru
315 1170 141 27 myndighet,
472 1170 30 21 då
517 1171 34 20 till
564 1170 52 21 dess
627 1170 181 21 ämbetsdistrikt
817 1170 57 21 höra

117 1203 138 22 kommuner
277 1204 52 21 med
352 1204 62 21 olika
440 1205 77 26 språk,
541 1206 25 19 är
584 1205 125 26 berättigad
726 1207 32 18 att
772 1204 7 21 i
795 1204 79 27 hvarje

117 1238 108 21 särskildt
239 1238 38 21 fall
289 1238 53 27 själf
355 1239 78 26 afgöra
448 1239 145 21 hvilketdera
608 1239 92 27 språket
716 1239 58 21 skall
789 1240 86 19 använ-

117 1271 49 28 das,
182 1272 134 21 densamma
331 1273 71 20 likväl
418 1274 26 19 är
459 1273 83 27 pliktig
557 1275 38 25 att,
616 1273 2 20 i
634 1273 110 21 händelse
755 1273 71 21 saken
837 1274 38 19 rör

116 1313 28 14 en
161 1306 98 21 särskild
274 1307 120 26 kommun,
410 1307 103 26 begagna
529 1307 52 21 dess
597 1307 75 28 språk.

186 1341 92 20 Samma
291 1341 115 27 principer
418 1341 119 26 angående
548 1342 237 27 kommunalspråket,
795 1341 79 20 hvilka

117 1374 22 21 vi
162 1375 84 20 önskat
266 1375 111 20 fastställa
395 1375 144 21 beträffande
562 1375 159 28 myndigheter
736 1375 138 22 tillhörande

117 1409 72 26 lägsta
205 1414 109 22 gruppen,
325 1409 57 21 böra
397 1409 71 27 enligt
483 1409 42 21 vår
536 1409 60 21 åsikt
606 1409 66 21 äfven
688 1411 66 25 göras
769 1409 107 27 gällande

117 1442 35 21 för
178 1443 146 21 ämbetsvärk
349 1443 64 21 inom
443 1443 74 21 andra
539 1448 109 23 gruppen.
687 1444 32 21 De
747 1444 128 21 sistnämda

117 1476 69 21 hafva
209 1477 141 21 fördenskull
372 1477 8 20 i
401 1477 51 21 vårt
467 1477 86 27 förslag
568 1478 52 20 med
636 1478 105 21 afseende
756 1478 14 20 å
785 1478 90 27 expedi-

898 1341 63 17 Punkt
973 1340 14 17 2

902 1374 57 13 mom.
973 1369 16 17 b.
