1073 1750
200 168 12 19 6
377 166 281 23 Petitionsbetänkande
674 166 45 23 N:o
735 166 40 22 26.

199 238 256 27 Litteratursällskapen
481 238 7 22 i
515 239 43 21 allo
583 241 38 19 äro
645 239 144 27 kompetenta
811 239 34 21 att
867 238 92 22 bedömä

199 274 79 22 hvilka
294 274 91 22 arbeten
401 280 45 16 som
462 280 55 16 vore
528 274 108 28 förtjenta
646 274 26 22 af
680 274 103 27 premier,
794 274 40 21 har
845 274 39 22 det
895 276 62 25 synts

199 310 131 22 Utskottets
353 309 72 23 flertal
448 316 46 16 som
517 316 30 16 en
571 310 81 28 onödig
675 310 96 27 omgång
794 311 33 20 att
843 309 114 28 Styrelsen

199 344 78 22 vidare
293 347 51 25 toge
359 344 126 29 befattning
501 346 51 22 med
567 346 200 27 prisutdelningen,
785 345 29 21 då
829 345 52 22 dess
897 346 60 27 åtgö-

199 381 85 22 randen
308 381 78 22 dervid
408 382 111 26 knappast
535 382 75 22 kunde
626 382 81 21 tänkas
723 381 71 22 blifva
810 381 24 22 af
847 383 68 20 annat
929 383 29 19 än

199 417 168 22 verkställande
383 419 40 20 art.
453 418 12 21 I
481 418 74 21 denna
570 418 36 21 sin
621 418 60 27 åsigt
697 418 40 21 har
753 417 118 22 Utskottet
882 416 76 22 blifvit

199 453 134 27 ytterligare
349 454 76 26 styrkt
435 454 137 28 därigenom,
589 456 34 20 att
638 453 255 27 Litteratursällskapen
909 452 48 22 fak-

198 489 58 21 tiskt
279 489 69 21 redan
369 488 145 23 härförinnan
529 489 27 22 af
570 489 125 22 Ständerna
711 489 59 22 varit
785 488 108 22 betrodda
909 488 48 22 med

198 524 118 28 utdelning
339 524 25 22 af
385 525 76 28 dylika
484 526 98 26 premier
603 532 26 15 ur
645 525 158 28 Längmanska
817 526 140 20 testaments-

199 561 94 28 medlen,
317 562 94 21 hvarvid
435 562 27 22 de
481 562 36 22 till
533 562 138 22 Ständernas
687 561 130 23 belåtenhet
832 560 71 22 utfört
917 561 40 21 sitt

199 597 107 28 uppdrag.

271 633 75 22 Jämte
362 633 38 22 det
415 633 118 22 Utskottet
550 633 87 22 således
653 633 97 22 föreslår
763 635 33 20 att
804 632 152 28 föreliggande

198 669 198 28 petitionsförslag,
413 669 35 22 för
464 670 26 21 så
505 670 49 22 vidt
570 670 38 21 det
624 670 87 27 åsyftar
727 669 131 22 utdelandet
873 668 26 22 af
911 669 45 22 för-

198 705 209 28 fattarepensioner,
430 706 69 22 måtte
514 706 86 22 lemnas
616 708 53 20 utan
685 705 113 28 afseende,
815 705 36 22 får
866 705 89 22 Utskot-

198 743 34 20 tet
256 741 29 27 på
308 741 66 22 ofvan
390 741 134 22 framhållna
540 742 98 27 grunder
654 742 114 22 vördsamt
783 741 124 28 hemställa,
923 743 33 20 att

198 776 126 23 Ständerna
339 777 54 22 ville
408 777 39 22 hos
463 777 63 22 Hans
543 777 127 28 Kejserliga
681 778 106 27 Majestät
797 777 160 28 underdånigst

198 813 90 21 anhålla

486 857 32 20 att
545 856 85 21 Finska
654 857 39 21 oeh
716 856 99 21 Svenska
838 856 117 21 litteratur-

413 892 127 27 sällskapen
561 898 80 21 genom
665 893 67 21 ökadt
755 891 68 28 årligt
845 892 80 28 anslag
947 892 8 20 i

413 927 66 27 högre
501 928 61 26 grad
586 929 30 20 än
640 928 115 21 härintills
771 928 106 26 försattes
892 928 9 21 i
915 927 39 22 till-

409 963 54 27 fälle
486 965 33 20 att
533 964 95 27 kraftigt
644 964 89 27 främja
749 964 206 21 skönlitteraturens

411 999 122 27 utveckling
548 1000 10 21 i
572 999 52 22 värt
640 1000 59 22 land.

268 1068 148 28 Helsingfors,
448 1069 120 22 Allmänna
600 1070 225 28 petitionsutskottet,
857 1069 42 22 den
925 1071 27 20 27

195 1110 59 16 mars
273 1106 63 20 1897.

266 1170 12 21 I
294 1170 104 22 ärendets
415 1170 122 28 afgörande
548 1171 67 23 hafva
626 1172 103 27 deltagit:
749 1171 148 22 ordföranden
907 1171 46 21 Me-

194 1205 85 28 lander,
303 1206 150 22 ledamöterna
476 1207 162 28 Wallensköld,
662 1208 52 22 frih.
740 1214 44 16 von
807 1207 145 27 Willebrand,

194 1240 51 23 frih,
263 1241 26 22 E.
306 1242 153 28 Cedercreutz,
470 1243 93 28 Heman,
575 1244 110 28 Auvinen,
696 1244 137 27 Päivärinta,
845 1244 107 27 Andsten,

194 1277 121 28 Sundwall,
331 1278 112 28 Boisman,
460 1279 130 28 Hellström,
608 1280 100 22 Oittinen
722 1280 41 22 och
774 1280 110 22 Jalkanen
897 1282 56 19 samt

194 1314 175 26 suppleantorna
385 1314 25 22 U.
427 1314 111 29 Lindelöf,
555 1315 122 23 Frenckell
693 1316 41 22 och
750 1315 140 22 Pietiläinen.

266 1504 109 20 Allmänna
386 1506 183 22 pelitionsutskottets
582 1507 117 18 betänkande
712 1506 81 23 N:o”16.
