1075 1750
200 191 13 19 2
407 188 275 23 Petitionsbetänkande
698 188 45 23 N:o
759 188 37 23 28.

272 262 161 22 Presteståndet
448 264 41 19 har
505 263 99 25 godkänt
614 263 161 20 betänkandets
787 263 104 20 slutkläm
904 263 49 19 med

200 299 43 19 den
266 298 129 26 förändring
419 300 31 18 att
475 299 67 19 orden
561 299 176 25 ,kyrkoarkiven
753 299 6 19 i
775 300 50 18 vårt
839 298 64 24 land,
923 300 31 18 ut-

199 335 73 25 byttes
298 336 47 18 mot
369 350 7 8 ,
383 336 48 18 vårt
449 335 64 19 lands
532 335 79 25 kyrko-
628 335 41 19 och
685 334 70 20 andra
771 335 83 19 smärre
871 334 82 23 arkiv",

199 370 145 26 hvarigenom
369 371 120 25 petitionen
515 370 69 26 enligt
608 370 103 21 Ständets
727 371 71 19 beslut
814 370 86 20 erhållit
915 370 38 20 föl-

198 414 69 17 JäNUC
291 416 93 16 LyUGIDG.
409 418 32 9 av
463 419 62 7 1100
547 420 123 12 savyuvsspu
697 423 41 8 ay
744 424 18 2 on
829 406 20 4 -
904 427 11 4 L

202 442 164 27 öfvervägande
389 445 29 24 pä
441 443 58 20 hvad
523 444 44 19 sätt
590 445 49 18 värt
654 443 64 20 lands
734 443 78 26 kyrko-
829 443 40 20 och
885 442 69 21 andra

200 479 84 20 smärre
308 479 62 20 arkiv
388 480 74 19 kunde
478 480 71 19 bättre
571 480 29 19 än
623 480 100 20 härintils
739 479 96 26 skyddas
851 481 46 18 mot
913 478 40 20 för-

202 515 92 20 störelse
311 516 41 19 och
368 515 65 26 göras
449 516 138 25 tillgängliga
603 515 33 20 för
652 515 120 26 forskning.

273 551 188 27 Borgareständet
476 553 40 19 har
532 552 98 25 godkänt
646 552 156 20 betänkandet.

272 587 163 22 Bondeständet
458 589 40 19 har
519 588 50 20 med
586 589 163 25 godkännande
766 588 25 20 af
804 588 150 20 betänkandet

201 623 168 21 omformulerat
391 624 50 20 dess
465 625 102 19 slutkläm
592 626 28 24 pä
643 624 98 25 följande
765 625 54 19 sätt:
845 626 32 18 att
892 624 60 19 Hans

201 660 123 25 Kejserliga
340 660 103 24 Majestät
459 661 51 19 ville
526 663 53 23 taga
595 660 7 20 i
616 656 165 39 öfvervägande
797 662 29 23 pä
841 660 58 20 hvad
911 660 43 20 sätt

200 696 162 24 kyrkoarkiven
386 697 41 19 och
451 696 69 20 andra
543 694 88 22 smärre
646 697 61 19 arkiv
725 697 6 19 i
747 698 48 18 värt
811 696 52 20 land
879 696 73 20 kunde

202 732 71 20 bättre
290 732 28 20 än
340 733 99 19 härintils
456 732 95 26 skyddas
568 734 47 18 mot
630 732 125 21 förstörelse
772 733 41 19 och
829 733 65 25 göras
913 732 39 20 till-

201 768 106 25 gängliga
322 768 34 20 för
371 768 120 26 forskning.

272 804 42 19 För
339 804 112 20 vinnande
467 804 24 20 af
504 805 202 25 ständerpluralitet
721 805 40 19 har
776 804 110 20 Utskottet
901 805 52 19 trott

200 839 34 25 sig
257 840 55 19 böra
335 840 32 20 till
390 841 71 25 grund
482 840 33 20 för
531 841 249 29 sammanjämkningen
796 840 66 25 lägga
877 840 75 20 betän-

200 875 94 20 kandets
316 876 60 19 kläm
399 876 50 20 med
473 876 121 26 utbytande
617 876 25 20 af
663 876 69 20 orden
756 875 196 26 ,kyrkoarkiven
936 871 19 35 i

200 912 49 18 värt
264 911 66 20 land*
349 914 46 17 mot
412 912 99 23 ,landets
530 912 132 26 kyrkoarkiv
673 913 42 19 och
725 912 70 20 andra
806 912 73 20 lokala
889 912 61 20 arkiv

200 946 24 20 af
238 947 101 25 offentlig
355 950 86 21 natur*,
459 949 39 19 och
515 948 34 20 fär
564 949 110 19 Utskottet
683 948 74 20 därför
767 948 114 20 vördsamt
890 948 60 20 hem-

199 982 65 20 ställa
288 983 36 19 det
347 984 50 19 ville
422 984 123 20 Ständerna
570 984 77 20 förena
665 984 34 25 sig
715 990 36 14 om
769 989 28 15 en
813 984 138 25 underdänig

198 1018 93 25 petition
308 1019 75 19 därom

485 1106 31 20 att
540 1104 66 22 Hans
631 1104 124 27 Kejserliga
779 1104 102 26 Majestät
903 1104 48 20 ville

414 1142 52 24 taga
486 1141 9 20 i
510 1140 160 27 öfvervägande
683 1140 33 27 pä
732 1140 59 21 hvad
806 1140 44 20 sätt
865 1139 85 21 landets

413 1176 133 26 kyrkoarkiv
570 1177 38 20 och
623 1177 75 20 andra
714 1176 72 21 lokala
801 1175 64 22 arkiv
880 1175 25 26 af
921 1175 27 26 of-

411 1212 77 27 fentlig
510 1213 70 20 natur
601 1213 73 20 kunde
697 1213 70 20 bättre
790 1213 31 20 än
845 1211 104 21 härintils

412 1247 99 27 skyddas
525 1249 45 20 mot
584 1248 127 26 förstörelse
722 1247 38 22 och
769 1249 69 25 göras
849 1247 98 26 tillgäng-

413 1284 44 26 liga
471 1283 38 27 för
521 1284 125 27 forskning.

269 1367 145 25 Helsingfors,
438 1367 120 20 Allmänna
576 1368 217 25 petitionsutskottet,
810 1368 43 19 den
871 1369 9 17 7
903 1368 43 23 maj

198 1403 63 18 1897.

266 1525 108 18 Allmänna
383 1526 184 23 petitionsutskottets
580 1527 117 18 betänkande
709 1527 39 18 N:o
760 1527 29 18 18.
