1075 1739
194 163 12 18 2
375 161 277 22 Petitionsbetänkande
668 161 46 22 N:o
731 160 34 22 34.

194 227 44 26 siga
257 228 78 25 lyceets
351 228 7 19 i
374 228 113 20 Sordavala
505 227 147 26 öfvertagande
672 227 21 20 af
712 230 67 17 staten
795 230 53 17 samt
863 227 83 26 utvidg-

193 263 51 26 ning
265 263 87 20 sålunda
372 266 31 17 att
423 264 161 25 borgareskolan
603 264 6 19 i
628 264 102 19 Kexholm
751 263 66 20 blefve
839 263 103 20 ombildad

192 299 31 20 till
241 299 125 26 femklassig,
385 302 31 17 att
435 300 72 19 skolan
523 300 6 19 i
545 299 128 20 Mariehamn
692 299 107 20 förenades
819 299 46 20 med
881 299 39 20 den
937 299 6 20 i

193 342 77 13 samma
283 335 47 20 stad
340 335 23 20 af
374 338 67 17 staten
453 336 154 25 upprätthållna
617 335 126 26 fyrklassiga
754 335 191 24 elementarskolan,

192 372 23 19 så
231 373 31 18 att
278 371 66 20 denna
360 371 145 20 förvandlades
521 372 31 19 till
563 378 25 13 en
599 371 119 26 femklassig
728 371 155 26 borgareskola,
894 371 51 20 hvil-

192 407 40 20 ken
256 407 52 26 egde
330 410 41 17 rätt
394 410 31 17 att
449 411 101 22 emottaga
566 407 59 20 äfven
644 407 93 26 kvinliga
752 407 73 26 elever,
847 409 52 18 samt
915 410 31 17 att

192 443 35 20 det
242 443 133 26 femklassiga
390 443 68 26 lyceet
473 443 6 20 i
495 443 113 20 Sordavala
622 443 68 20 blefve
706 443 141 26 ättaklassigt;

268 479 18 25 e)
306 479 58 20 VII—
375 479 52 20 VIII
443 479 107 26 angående
566 486 24 13 en
607 479 126 26 utvidgning
750 479 23 20 af
788 479 106 26 reallinjen
909 479 36 20 vid

191 507 45 27 Äbo
252 515 68 20 finska
335 515 104 20 klassiska
454 516 88 25 lyceum;
559 515 103 20 äfvensom

266 551 22 26 d)
305 551 48 19 IX—
366 547 25 35 XI
412 551 129 20 beträffande
555 551 121 25 förändring
690 551 20 20 af
726 551 218 26 undervisningssprä-

191 587 35 20 ket
242 587 36 20 vid
293 587 29 20 S:t
338 587 86 20 Michels
443 587 80 26 lyceum
543 587 31 20 till
589 587 63 20 finskt
669 590 52 17 samt
738 593 25 14 en
779 587 54 20 finsk
849 587 94 25 parallel-

191 623 117 25 afdelnings
339 623 118 20 inrättande
486 623 35 20 vid
547 623 182 21 elementarskolan
749 623 8 19 i
775 623 169 25 Gamlakarleby,

191 658 86 21 hvilken
298 659 58 20 skola
372 659 64 26 enligt
449 659 128 20 sistnämnda
591 659 77 26 förslag
683 659 66 20 tillika
763 659 68 20 skulle
846 659 98 25 utvidgas

191 695 32 19 till
238 695 125 26 femklassig.

266 766 80 26 Nädiga
362 767 145 26 förordningen
522 767 23 20 af
556 767 39 20 den
610 768 28 19 23
654 767 83 25 augusti
752 767 65 24 1883,
834 773 43 13 som
888 765 55 20 inne-

190 802 64 19 håller
273 802 102 20 särskilda
393 802 124 21 förändrade
535 803 153 25 bestämningar
710 801 132 21 beträffande
857 802 86 19 elemen-

191 838 154 19 tarläroverken
376 838 7 19 i
411 839 94 25 Finland,
533 839 43 25 har,
603 838 31 20 för
660 839 22 19 sä
706 838 45 20 vidt
772 839 38 18 den
833 839 64 24 angär
917 837 26 20 de

189 873 57 26 lägre
261 874 240 26 elementarläroverken,
513 875 44 19 icke
568 875 80 25 lyckats
664 875 142 20 åstadkomma
817 875 68 24 någon
895 873 47 20 fullt

190 909 62 20 stabil
275 909 102 20 skolform.
409 910 30 19 Af
455 910 24 20 de
501 911 25 19 13
550 911 126 25 tvåklassiga
702 911 38 19 och
768 910 24 19 11
817 909 126 26 fyrklassiga

190 945 186 26 elementarskolor,
393 946 70 19 hvilka
480 946 46 19 med
538 946 47 20 stöd
601 946 23 20 af
637 946 65 25 sagda
711 945 121 25 förordning
840 945 104 24 inrättats,

190 980 62 20 hafva
272 987 76 20 senare,
365 983 26 24 på
411 982 90 19 initiativ
523 981 23 20 af
566 982 101 25 styrelsen
688 982 49 19 eller
752 981 22 20 af
788 980 155 21 vederbörande

190 1017 183 26 stadskommuner,
394 1017 26 20 de
442 1017 60 20 flesta
523 1018 97 25 antingen
639 1017 106 26 utvidgats
761 1017 31 19 till
807 1016 134 25 fullständiga

189 1052 69 25 lyceer
280 1053 49 19 eller
352 1053 110 20 ombildats
485 1053 32 20 till
535 1053 123 26 treklassiga
681 1053 73 26 (gäller
778 1052 73 20 endast
870 1052 72 19 skolan

189 1088 5 18 i
223 1088 123 26 Brahestad)
373 1089 50 19 eller
448 1089 132 25 femklassiga
608 1088 131 20 kommunala
761 1088 76 24 skolor,
863 1088 21 18 så
912 1089 31 17 att

188 1124 23 19 af
244 1124 26 20 de
296 1124 130 26 tväklassiga
453 1124 73 20 endast
552 1126 35 18 två
610 1124 70 20 skolor
707 1124 79 20 återstå
809 1123 40 19 och
873 1123 22 19 af
917 1123 25 19 de

188 1159 128 26 fyrklassiga
334 1160 74 20 endast
427 1167 41 18 sex,
487 1160 101 25 nämligen
607 1160 25 20 de
653 1159 178 26 svenskspråkiga
846 1158 96 20 skolorna

188 1195 7 19 i
218 1196 84 25 Lovisa,
324 1196 91 26 Ekenäs,
439 1196 137 20 Tammerfors
603 1196 38 19 och
665 1195 160 25 Gamlakarleby
845 1196 52 18 samt
916 1194 28 20 de

187 1230 155 27 finskspråkiga
357 1232 7 18 i
381 1232 88 20 Heinola
484 1232 38 19 och
538 1232 85 19 Torneå.
654 1232 47 19 Men
716 1230 61 21 äfven
791 1230 8 20 i
813 1230 60 20 dessa
887 1233 54 16 ännu

188 1266 130 20 existerande
328 1267 125 25 fyrklassiga
462 1268 79 19 skolors
551 1267 138 26 organisation
698 1267 63 19 hafva
766 1267 27 25 på
801 1268 82 17 senaste
889 1266 53 18 tider

187 1302 145 26 förändringar
351 1303 68 19 blifvit
437 1303 105 25 vidtagna.
573 1303 72 21 Hvad.
654 1303 97 19 skolorna
769 1302 6 19 i
791 1302 82 24 Lovisa,
893 1302 48 19 Hei-

187 1338 47 20 nola
255 1338 38 20 och
314 1339 81 19 Torneå
415 1340 69 24 angår,
505 1340 37 19 har
558 1339 89 20 Senaten
665 1340 27 24 på
709 1338 90 20 ansökan
817 1338 20 19 af
853 1337 89 20 nämnda

187 1374 82 19 städers
285 1374 99 26 styrelser
399 1375 107 25 medgifvit
523 1377 31 17 att
570 1375 62 19 också
647 1374 93 26 kvinliga
758 1374 69 19 elever
840 1374 7 18 i
861 1373 45 19 dem
920 1373 21 19 få

187 1412 108 23 mottagas,
312 1410 37 19 och
365 1410 73 20 skolan
453 1410 8 20 i
476 1410 75 20 Lovisa
566 1410 39 20 har
620 1411 26 25 på
661 1410 68 25 grund
747 1409 23 20 af
783 1410 101 19 Senatens
901 1408 39 20 den

188 1445 12 19 5
217 1445 84 25 augusti
319 1446 56 19 1895
392 1446 119 20 meddelade
527 1446 93 20 tillstånd
633 1447 26 24 på
674 1446 137 19 kommunens
828 1444 115 20 bekostnad

262 1492 105 18 Allmänna
379 1493 180 22 petitionsutskottets
572 1492 116 18 betänkande
701 1492 37 18 N:o
751 1492 28 18 21.
