1056 1731
820 85 12 19 3

106 148 40 19 den
160 148 81 20 komme
256 150 31 17 att
301 148 27 25 på
343 147 93 20 kortaste
451 150 46 22 väg,
513 147 97 19 förbinda
620 147 47 19 med
677 147 117 20 hvarandra
804 148 57 18 ham-

105 183 65 13 narna
191 176 37 20 vid
249 176 113 28 Bottniska
383 176 63 19 viken
469 176 38 19 och
526 176 86 25 Ladoga
634 178 54 17 samt
710 176 76 20 mellan
802 176 60 20 dessa

106 205 88 25 belägna
213 205 112 25 landskap:
344 200 140 28 Österbotten,
500 204 134 24 Tavastland,
650 204 101 20 Savolaks
767 204 38 20 och
819 204 43 20 Ka-

106 234 62 24 relen,
185 234 38 19 och
238 234 99 25 derjämte
352 234 38 19 här
404 233 109 26 befintliga
525 233 113 25 jernvägar
653 233 134 26 hvarigenom
802 240 60 13 varu-

106 263 83 25 utbytet
213 262 76 20 mellan
314 262 46 20 dem
385 262 162 20 underlättades.
577 262 113 19 Dessutom
711 262 81 20 komme
814 262 48 19 den-

107 298 77 12 samma
199 293 32 17 att
245 290 96 20 förbinda
357 291 24 19 de
396 290 56 20 inom
466 290 83 20 landets
562 290 45 20 inre
618 290 57 20 delar
685 291 88 25 belägna
782 293 80 17 vatten-

106 320 77 25 dragen
199 320 58 19 såväl
271 320 46 19 med
332 320 117 19 hvarandra
465 326 43 13 som
523 320 47 18 med
582 320 114 19 hamnarna
706 320 36 19 vid
752 319 112 20 Bottniska

106 348 68 24 viken,
190 348 79 20 Finska
284 348 62 20 viken
361 348 39 20 och
414 348 91 26 Ladoga,
519 354 74 20 genom
608 351 32 17 att
654 349 69 19 banan
737 348 80 20 komme
832 350 32 17 att

106 378 74 18 beröra
194 377 100 25 Päijänne
309 377 36 19 vid
359 377 124 25 Jyväskylä,
499 376 112 20 Puulavesi
629 377 4 19 i
648 377 156 26 Kangasniemi,
824 377 40 19 den

106 406 80 25 vigtiga
209 406 87 19 hamnen
318 406 35 19 vid
373 406 30 19 S:t
418 406 77 19 Michel
510 408 54 17 samt
579 405 70 20 Saima
663 406 151 26 vattendragen
827 405 37 20 vid

107 434 85 26 Nyslott
212 435 38 19 och
267 434 141 26 Punkaharju,
427 434 71 20 hvilka
513 434 79 26 platser
608 437 54 17 samt
677 435 38 19 och
731 434 132 26 synnerligen

107 466 35 17 äro
157 463 33 20 för
205 464 36 19 det
255 463 44 19 inre
313 463 82 20 landets
410 463 97 20 handels-
522 463 38 20 och
576 463 108 20 samtrafik
699 464 23 19 af
735 464 51 25 vigt.
815 463 49 19 Oaf-

108 492 46 20 sedt
177 492 40 20 den
239 492 106 20 materiela
366 494 75 23 nyttan
463 492 24 19 af
507 492 68 20 denna
598 492 265 26 sammanbindningsbana,

107 520 81 20 komme
207 521 118 20 densamma
344 523 31 17 att
390 520 97 20 befordra
502 521 40 19 den
557 521 105 19 nationela
678 522 38 19 och
731 521 84 25 andliga
829 527 35 19 ge-

107 550 127 26 menskapen
256 550 75 19 mellan
353 550 25 19 de
400 549 55 20 olika
473 550 85 19 delarna
573 549 24 20 af
610 550 77 24 landet,
702 550 86 20 hvilken
803 552 61 23 nytta

107 578 123 26 visserligen
252 578 46 20 icke
320 578 41 20 kan
375 578 126 26 uppskattas
515 578 8 19 i
537 578 59 20 mark
612 578 39 20 och
666 579 68 25 penni,
750 586 46 12 men
812 578 52 20 dock

108 610 22 17 är
144 607 149 26 betydelsefull
307 607 38 19 och
360 607 61 19 äfven
437 607 70 19 städse
522 607 56 19 förut
588 607 72 20 blifvit
669 607 195 26 uppmärksammad

107 636 37 19 vid
158 636 143 25 uppgörandet
316 635 23 20 af
351 635 80 26 förslag
445 635 34 20 till
493 635 159 26 ifrågavarande
666 637 60 18 bana.

176 665 43 19 Vid
241 665 39 19 den
302 664 117 26 föreslagna
441 665 68 18 banan
531 665 67 19 finnas
617 667 32 17 tre
665 665 76 24 städer,
757 664 23 20 af
793 663 72 21 hvilka

107 695 77 18 tvänne
199 693 64 20 redan
277 693 62 20 hafva
355 693 38 20 och
408 693 40 20 den
462 693 68 25 tredje
542 693 132 26 (Jyväskylä)
685 693 55 20 inom
750 694 48 19 kort
808 693 56 19 kom-

107 728 43 13 mer
165 724 31 17 att
211 722 78 19 erhålla
304 722 149 23 tullkammare,
465 722 64 19 sedan
539 721 191 27 stadsfullmäktige
744 722 78 20 anmält
833 721 32 26 sig

107 751 72 25 villige
194 753 32 17 att
240 750 95 26 uppfylla
349 751 25 19 de
389 750 74 24 vilkor,
479 751 123 25 regeringen
616 751 34 20 för
664 751 155 20 tullkammares
834 750 30 19 in-

108 779 96 20 rättande
220 779 107 20 derstädes
342 779 109 20 fastställt.

177 807 278 26 Sammanbindningsbanan
469 808 61 20 berör
544 808 33 20 för
590 815 144 19 passagerare-
745 808 38 20 och
793 807 71 20 turist-

108 836 63 20 trafik
193 837 91 19 särdeles
303 837 139 26 fördelaktiga
461 837 85 25 platser,
562 837 134 26 hvarigenom
712 837 57 20 detta
784 837 46 25 slag
844 836 23 19 af

108 865 63 20 trafik
190 866 12 19 &
221 866 67 19 banan
309 866 47 19 med
379 865 97 20 säkerhet
498 866 81 20 komme
599 868 31 17 att
651 866 67 20 blifva
733 865 133 27 synnerligen

108 894 125 26 betydande.

177 923 74 20 Banan
266 924 111 25 genomgår
392 923 65 20 under
470 923 48 20 hela
529 923 31 20 sin
570 923 64 26 längd
644 923 152 20 tättbefolkade
806 922 59 21 sock-

109 959 43 12 nar.
183 952 68 20 Dessa
273 955 34 16 äro
327 952 117 25 Jyväskylä
459 951 191 27 landsförsamling,
666 953 89 23 Laukas,
771 952 94 25 Kangas-

109 980 69 24 niemi,
202 980 31 20 S:t
254 981 83 23 Michel,
359 981 85 23 Jockas,
467 981 137 24 Rantasalmi,
620 981 115 26 Sääminge,
751 980 114 24 Kerimäki,

109 1009 113 20 Parikkala
237 1010 38 19 och
289 1009 130 26 Kronoborg.
442 1009 60 20 Inom
516 1009 22 20 få
553 1010 58 19 delar
626 1010 24 20 af
662 1011 47 19 vårt
723 1010 51 19 land
786 1009 80 20 komme

109 1045 25 12 en
155 1037 89 27 jernväg
266 1041 31 17 att
315 1038 7 19 i
337 1045 26 12 en
384 1038 138 26 fortsättning
537 1039 73 19 beröra
624 1039 44 20 lika
682 1040 74 25 många
772 1038 37 20 och
824 1037 43 20 lika

109 1069 57 17 stora
181 1066 151 21 tättbefolkade
348 1067 93 20 socknar.

178 1095 231 26 Mejerihandteringen,
431 1097 48 18 vårt
497 1095 61 21 lands
573 1096 119 20 nuvarande
706 1096 116 20 förnämsta
836 1095 30 20 in-

109 1123 133 25 komstkälla,
259 1125 42 19 står
316 1125 55 19 inom
387 1125 62 19 dessa
464 1125 89 19 socknar
567 1125 57 25 högt.

178 1153 42 20 Vid
236 1153 274 26 sammanbindningsbanan
525 1153 66 20 finnas
607 1153 50 20 flera
672 1156 55 17 stora
737 1153 131 20 industriella

109 1181 139 26 inrättningar
263 1182 38 19 och
316 1189 41 19 nya
372 1182 77 20 sådana
464 1182 71 20 kunna
545 1183 47 19 med
602 1182 76 20 lätthet
688 1183 106 25 anläggas,
804 1181 64 21 sedan

110 1210 227 21 kommunikationerna
352 1211 130 20 förbättrats.

179 1239 42 20 Vid
235 1239 143 26 uppgörandet
393 1239 23 20 af
429 1239 59 20 detta
502 1240 47 19 vårt
561 1239 80 26 förslag
651 1240 105 26 angående
767 1246 101 14 samman-

110 1267 193 27 bindningsbanans
325 1268 132 26 lämpligaste
478 1268 128 26 sträckning,
626 1269 63 19 hafva
704 1269 96 25 samtliga
814 1268 54 20 före-

110 1297 76 19 nämda
206 1297 38 20 och
264 1297 85 20 allmänt
363 1297 92 20 erkända
471 1297 130 26 synpunkter
616 1297 70 20 blifvit
700 1297 109 20 beaktade.
838 1297 31 19 På

110 1327 71 18 vestra
204 1326 59 19 sidan
286 1333 32 12 om
337 1325 170 20 Savolaksbanan
522 1329 23 16 är
559 1326 150 26 Kangasniemi
723 1327 27 25 pä
765 1328 104 17 närmaste

110 1353 85 21 afständ
218 1355 39 19 den
279 1354 124 28 folkrikaste
425 1355 78 19 socken
517 1355 88 19 emellan
618 1355 118 25 Jyväskylä
752 1355 38 19 och
805 1354 63 20 Savo-

111 1382 146 21 laksbanorna.
287 1378 69 25 Äfven
379 1384 26 25 pä
424 1385 57 18 östra
497 1383 60 20 sidan
571 1390 33 13 om
620 1384 115 19 sistnämda
749 1384 69 19 banna
832 1383 38 19 har
