1092 1728
417 211 113 27 Motion.

198 299 118 36 Bondest.
669 304 42 23 N:o
727 305 20 22 1.

538 581 179 28 (Öfversättning.)

236 689 52 19 Till
306 690 177 19 Hedervärda
502 690 215 20 Bondeständet.

168 764 68 24 Enligt
244 764 11 19 3
266 764 10 23 $
285 764 4 19 i
296 763 110 25 Kejserliga
411 764 139 25 förordningen
555 764 38 20 den
603 765 25 19 12
636 764 111 20 November
754 766 54 18 1883
819 772 35 12 an-

99 792 77 25 gäende
186 792 182 25 skjutshällningen
382 793 36 19 och
430 793 172 24 gästgifverierna,
610 793 67 19 säsom
693 794 64 19 denna
764 794 92 25 paragraf

100 821 106 19 förändrad
231 821 57 24 lyder
310 821 6 18 i
337 820 110 26 Kejserliga
471 821 149 25 Förordningen
640 822 38 19 den
700 822 25 20 20
747 822 109 20 December

102 850 60 24 1888,
178 851 82 24 utgöres
279 849 105 26 sjutslaget
406 850 26 25 pä
447 850 68 19 landet
530 850 19 19 af
564 850 87 25 häradet,
666 851 51 19 dock
732 850 84 20 sälunda
826 853 31 18 att

100 878 68 25 hvarje
188 878 97 19 kommun
304 879 54 18 inom
374 879 120 24 skjutslaget
509 885 68 13 ensam
593 885 94 14 ansvarar
702 880 29 19 för
747 880 38 19 den
801 882 56 23 gäst-

100 907 79 25 gifveri-
196 907 36 19 och
248 907 160 25 skjutshällning,
420 913 43 13 som
478 907 11 19 ä
500 907 115 20 densamma
631 908 64 19 blifvit
710 909 94 18 fördelad.
821 909 38 18 Att

100 937 29 18 ett
151 935 22 20 sä
196 937 51 18 stort
262 935 80 20 område
358 941 42 14 som
416 936 81 19 häradet
512 936 65 19 blifvit
593 936 30 19 till
639 937 98 24 skjutslag
752 937 105 24 bestämdt,

100 965 36 19 bör
158 965 5 18 i
182 964 67 25 hvarje
264 964 93 19 afseende
372 970 57 13 anses
448 965 64 18 bättre
527 967 25 16 än
567 967 29 17 ett
611 965 103 25 skjutslag,
729 971 44 14 som
788 965 71 20 omfat-

100 995 30 17 tar
145 994 29 18 ett
188 993 79 19 mindre
279 992 85 23 omräde,
372 993 83 19 emedan
466 993 247 26 skjutshällningstungan
726 994 85 19 sälunda
820 994 39 19 blir

100 1022 88 24 jämnare
204 1021 87 19 fördelad
306 1021 84 19 emellan
404 1021 38 19 alla
457 1021 118 20 kommuner
589 1023 7 18 i
607 1023 88 19 häradet.
725 1023 68 24 Enligt
803 1023 55 19 stad-

100 1050 74 25 gandet
188 1050 7 18 i
211 1050 11 19 5
240 1050 10 23 $
267 1050 19 18 af
310 1050 147 18 ofvannämnda
471 1050 138 25 förordningar
623 1051 51 19 skall
688 1050 168 26 gästgifverihäll-

100 1079 75 24 ningen
191 1078 27 26 pä
232 1078 73 24 landet,
320 1078 103 19 äfvensom
439 1078 25 19 de
479 1079 190 19 reservstationerna
683 1079 105 25 äliggande
803 1079 56 25 skyl-

101 1107 93 25 digheter
216 1106 131 25 ovilkorligen
365 1112 71 19 genom
450 1108 132 24 entreprenad
596 1108 102 25 fullgöras,
714 1108 103 20 hvaremot
833 1108 25 19 de

101 1135 220 25 skjutsningsskyldige
340 1135 67 19 kunna
421 1135 21 19 in
457 1137 71 17 natura
543 1136 110 25 ombesörja
668 1136 189 26 skjutshällningen,

100 1164 42 19 ifall
164 1166 154 23 entreprenören
341 1164 42 18 icke
406 1164 77 19 fordrar
504 1170 66 13 annan
593 1166 111 24 ersättning
721 1168 25 16 än
762 1165 95 19 faststäld

101 1193 117 25 skjutslega.
249 1192 89 20 Sälunda
360 1192 106 19 förefinnes
488 1193 121 19 beträffande
627 1194 186 24 skjutshällningen
828 1195 29 17 ett

101 1221 64 19 medel
180 1223 54 17 emot
249 1220 118 20 öfverdrifna
382 1221 113 25 fordringar
510 1221 44 19 frän
569 1224 166 23 entreprenörens
751 1222 50 24 sida,
811 1228 46 13 men

102 1250 89 19 däremot
212 1250 68 19 kunna
304 1250 24 18 de
353 1249 218 26 skjutsningsskyldige
596 1250 26 25 pä
640 1251 51 19 intet
705 1251 30 19 vis
747 1250 111 25 nedbringa

102 1278 24 20 de
147 1278 41 19 ofta
204 1278 41 20 helt
260 1278 37 20 och
311 1278 63 19 hället
390 1278 119 19 öfverdrifna
524 1278 111 26 fordringar
650 1279 25 25 pä
688 1279 124 25 godtgörelse
828 1279 31 19 för

102 1306 240 26 gästgifverihällningen,
358 1312 43 14 som
414 1306 121 20 framställas
550 1308 20 18 af
585 1308 50 24 dem,
651 1308 66 19 hvilka
732 1308 82 24 erbjuda
829 1307 31 25 sig

102 1335 30 20 till
148 1337 160 24 entreprenörer.

175 1364 30 19 Då
220 1371 28 12 nu
262 1364 137 19 erfarenheten
414 1363 110 26 ådagalagt,
540 1366 28 18 att
583 1365 26 25 pä
624 1365 75 19 sådana
711 1367 58 22 orter,
781 1365 80 18 hvarest

103 1392 67 19 anbud
191 1392 12 20 å
224 1392 235 25 gästgifverihällningen
480 1393 78 19 kunnat
577 1395 58 23 göras
655 1394 20 18 af
695 1394 52 23 flere,
765 1393 12 19 &
795 1392 66 20 därför

103 1420 95 26 lämpliga
216 1421 76 25 platser
306 1422 78 18 bosatta
399 1422 150 24 konkurrenter,
565 1421 132 20 kostnaderna
711 1422 30 19 för
751 1421 109 25 gästgifve-

103 1449 64 19 rierna
188 1449 66 19 blifvit
274 1449 82 20 alldeles
379 1450 115 25 obetydliga
516 1450 37 20 och
574 1450 27 25 på
623 1450 61 25 några
699 1452 52 18 orter
765 1450 44 19 icke
823 1449 38 19 alls
