1056 1739
245 140 28 20 34
405 140 273 23 Petitionsbetänkande
693 140 42 23 N:o
751 140 20 22 2.

216 196 6 21 i
246 197 128 27 anläggning
396 197 61 21 kosta
480 198 77 21 inalles
579 199 115 27 3,150,000
713 198 70 26 mark;
806 200 32 19 att
857 198 66 27 enligt
941 198 33 21 för

216 231 69 21 banan
305 232 103 26 uppgjord
428 232 220 28 rentabilltetskalkyl
667 239 26 15 en
709 233 56 27 årlig
780 232 158 22 trafikinkomst
954 232 22 21 af

216 266 20 20 in
253 272 83 15 summa
354 266 91 27 232,976
465 266 61 22 mark
545 273 52 15 vore
615 269 33 19 att
667 270 92 24 emotse;
778 269 56 19 samt
852 268 38 25 att,
906 267 27 21 dä
949 267 26 21 de

216 300 68 27 årliga
302 300 301 27 exploatationskostnaderna
623 302 116 21 beräknats
759 302 55 26 stiga
832 302 33 21 till
884 302 89 25 138,787

216 334 68 27 mark,
300 336 30 20 ett
348 334 117 22 öfverskott
485 335 23 21 af
527 336 78 26 94,189
625 336 61 22 mark
702 336 55 22 eller
775 336 10 22 3
797 334 14 26 %
834 337 61 19 ränta
911 336 12 21 ä
939 342 36 14 an-

216 369 215 27 läggningskapitalet
447 370 70 21 skulle
533 370 101 22 erhållas.
665 371 30 21 "Af
709 369 124 28 åberopade
848 370 127 27 handlingar

215 403 68 21 finner
302 410 47 14 man
370 404 113 28 dessutom,
500 407 33 19 att
548 404 78 22 Lovisa
649 406 59 20 stads
730 405 118 21 förstärkta
867 404 108 22 stadsfull-

216 438 93 26 mäktige
328 438 62 21 tänkt
409 438 31 27 sig
456 441 32 19 att
503 439 70 21 banan
589 439 70 22 skulle
675 440 82 29 byggas
773 439 38 21 och
827 438 110 22 trafikeras
953 440 23 20 af

216 474 30 19 ett
269 472 128 28 aktiebolag,
417 476 55 18 samt
494 476 33 19 att
549 480 81 15 samme
649 473 198 27 stadsfullmäktige
865 473 110 21 förbundit

215 507 75 21 staden
314 507 18 27 ej
356 508 82 21 mindre
461 510 32 19 att
513 508 77 22 teckna
609 508 70 22 aktier
698 509 6 21 i
725 508 88 26 bolaget
831 508 32 21 för
875 508 100 26 500,000

216 541 66 28 mark,
302 544 26 18 än
352 542 39 21 ock
413 543 32 20 att
468 542 33 22 för
525 543 165 21 underlättande
709 542 25 22 af
755 544 31 20 ett
805 542 35 21 län
859 548 34 15 -om
913 542 62 27 högst

217 576 113 26 1,550,000
351 576 66 26 mark,
437 583 33 15 om
494 577 24 21 så
540 576 120 28 påfordras,
679 579 117 25 garantera
819 576 68 22 lånets
906 576 68 27 årliga

216 612 61 20 ränta
296 610 38 22 och
354 612 155 26 amorteringen
531 612 48 20 med
600 613 31 19 ett
647 612 78 26 belopp
741 611 24 21 af
780 611 63 27 högst
857 610 48 28 49/0
921 611 52 20 eller

215 645 79 26 62,000
313 645 60 21 .mark
393 645 88 27 årligen.
512 646 49 21 Alla
583 646 88 21 stadens
690 646 145 21 förbindelser
853 647 37 19 äro
909 645 64 21 likväl

214 679 77 27 gjorda
306 680 67 21 under
388 680 36 20 det
439 680 130 28 uttryckliga
585 680 75 26 vilkor,
676 680 66 22 bland
757 680 75 26 andra,
846 682 43 25 ,att
904 682 69 19 staten

214 714 6 20 i
244 714 87 26 bolaget
353 714 87 21 tecknar
462 714 71 22 aktier
556 715 32 21 till
612 717 32 19 ett
662 715 79 27 belopp
760 714 24 21 af
801 714 92 24 750,000
913 714 60 21 mark

215 748 52 22 eller
276 749 181 22 'subventionerar
473 749 108 28 företaget
597 750 48 21 med
661 750 152 21 motsvarande
828 750 99 21 summa."

284 783 33 22 Då
337 784 36 21 det
391 790 63 21 synes
473 784 118 25 Utskottet,
611 791 45 14 som
675 784 185 27 förverkligandet
882 784 23 21 af
923 785 50 20 ban-

215 818 126 27 byggnaden
364 824 49 15 vore
435 825 76 20 genom
539 819 173 21 ofvanbeskrifna
737 818 206 27 stadsfullmäktiges
966 819 7 20 i

214 852 78 21 Lovisa
306 853 49 26 laga
370 853 57 20 kraft
442 859 71 15 vunna
528 853 70 22 beslut
614 855 43 20 satt
673 856 58 18 utom
748 853 39 21 allt
801 852 80 27 tvifvel,
895 853 39 21 och
946 853 27 20 då

214 887 42 21 den
276 887 353 27 begärda.subventionssumman,
647 888 93 27 750,000
759 887 67 27 mark,
842 889 62 25 utgör
919 887 54 21 blott

214 921 58 26 23,62
280 920 26 28 9/0
324 921 23 21 af
359 922 44 21 det
425 922 136 21 beräknade”
571 922 254 27 anläggningskapitalet,
844 921 67 22 håller
934 921 39 22 Ut-

214 956 82 21 skottet
310 955 40 27 för,
366 956 61 21 äfven
447 957 54 21 med:
514 957 80 26 hänsyn
614 957 32 21 till
667 957 82 21 banans
767 956 63 21 ofvan
846 956 127 21 framhållna

214 990 116 27 betydelse,
352 992 31 19 att
404 991 126 21 subvention
553 991 38 21 och
612 989 234 29 anläggningskostnad
867 991 6 20 i
892 990 81 22 föreva-

214 1025 66 21 rande
295 1025 38 20 fall
350 1025 34 20 stå
398 1025 5 20 i
420 1025 89 28 lämplig
524 1026 124 26 proportion
664 1026 33 21 till
709 1025 130 21 hvarandra.
863 1024 111 22 Utskottet

214 1058 33 21 får
259 1059 93 26 derföre,
367 1059 174 22 -understödande
552 1060 27 21 de
592 1059 164 28 ifrågavarande
772 1059 202 27 petitionsmemori-

214 1093 62 21 alens.
292 1093 62 27 syfte,
373 1094 110 21 vördsamt
500 1094 87 26 föreslå,
604 1096 31 19 att
647 1092 127 23 Ständerna
793 1093 50 22 ville
860 1093 39 21 hos
915 1093 59 21 Hans

213 1127 122 27 Kejserliga
351 1127 98 28 Majestät
458 1128 103 21 anhålla:

312 1205 2 11 ;
419 1199 40 25 att,
481 1197 37 28 för
543 1198 43 20 den.
611 1198 103 21 händelse:
743 1199 30 19 ett
794 1197 121 27 aktiebolag
937 1197 37 27 för

352 1231 111 27 byggande
490 1231 39 21 och
557 1232 149 27 trafikerande
732 1232 31 27 af
789 1238 26 14 en
840 1231 134 27 smalspårig

346 1265 96 28 jernväg
471 1266 56 27 från
558 1265 83 22 Lovisa
669 1267 63 20 stads
759 1267 59 26 yttre
843 1265 68 21 ham
939 1265 36 20 till

357 1299 108 28 Vesijärvi
490 1300 34 27 sjö
554 1299 48 28 före
630 1299 207 22 nästinstundande
868 1299 105 27 landidag

352 1334 97 26 kommer
467 1334 36 21 .till
521 1334 74 27 stånd,
611 1335 58 20 detta
689 1335 70 26 bolag,
773 1333 33 28 pä
817 1333 31 28 af
861 1333 113 28 Styrelsen

352 1370 104 19 närmare
474 1369 139 27 föreskrifna
630 1369 72 21 vilkor.
717 1369 42 20 och
774 1367 116 28 förbehåll,
906 1368 68 21 måtte

351 1402 32 28 af.
388 1402 135 22 Statsverket
531 1403 243 22 subventioneräs
730 1398 43 37 med
785 1402 106 27 750,000
901 1402 71 22 mark.

282 1488 179 23 Jernvägsutskottets
475 1489 110 17 betänkande
597 1489 36 17 N:o
645 1489 17 17 2.
