1073 1748
221 183 26 21 10

190 253 65 29 gifvit
279 254 39 22 sitt
337 254 64 22 bifall
424 254 36 22 till
483 254 73 22 denna
574 254 105 27 begäran,
702 254 90 22 emedan
809 254 133 22 elevantalet

189 291 8 21 i
212 290 100 22 Joensuu
327 290 216 22 fruntimmersskola
559 297 40 15 var
618 290 76 22 alltför
709 290 55 22 litet.
795 290 78 22 Denna
889 297 52 21 upp-

190 326 49 34 gift
256 326 63 22 torde
338 327 71 21 likväl
425 333 54 16 vara
495 326 71 22 delvis
583 326 88 28 oriktig.
703 326 42 22 Vid
762 332 27 16 en
805 326 137 28 granskning

190 362 24 22 af
225 356 194 34 Öfverstyrelsens
429 362 36 22 för
475 362 159 22 skolväsendet
644 362 101 22 officiella
756 362 135 22 öfversikter
902 363 39 21 och

189 397 108 23 Finlands
318 399 110 21 allmänna
443 398 88 28 tidning
549 398 71 22 finner
639 405 51 15 man
706 401 32 19 att
754 399 135 21 elevantalet
905 399 37 21 vid

189 434 230 22 fruntimmersskolan
435 434 8 21 i
459 434 106 22 Joensuu
581 434 93 28 utgjort:
699 434 95 22 läseäret
819 436 121 20 1890—91:

191 472 33 25 75;
243 472 123 20 1891—92:
384 472 33 25 75;
436 472 124 20 1892—93:
578 472 34 25 73;
631 472 122 20 1893—94:
766 472 34 25 67;
819 472 121 20 1894—95:

190 508 34 25 62;
248 508 123 20 1895—96:
394 508 26 20 67
437 507 40 21 och
495 508 123 20 1896—97:
635 508 35 20 81.
709 506 73 22 Häraf
795 506 98 28 framgår
908 509 33 19 att

189 542 99 22 Joensuu
311 542 227 22 fruntimmersskolas
562 542 110 23 elevantal
694 543 68 22 redan
786 543 25 21 är
832 544 54 20 1892
904 543 36 21 be-

190 580 68 26 gynte
274 579 98 21 minskas
388 579 39 22 och
444 578 96 28 nedgick
551 578 70 22 under
632 579 70 27 nägra
712 579 25 21 är
748 578 86 22 framät.
861 579 79 21 Natur-

189 614 71 27 ligare
284 614 115 22 förefaller
421 615 37 21 det
479 614 93 22 sälunda
595 617 33 18 att
652 614 147 28 Regeringen,
824 615 71 21 säsom
919 615 20 21 vi

189 649 67 22 äfven
281 650 51 21 hört
357 650 124 28 uppgifvas,
506 650 89 27 afböjde
622 650 134 22 Ständernas
780 650 160 22 ofvannämnda

189 686 110 27 anhällan,
326 686 28 22 dä
380 693 49 15 man
460 687 53 22 ville
540 686 24 21 fä
590 688 82 25 utrönt,
704 686 108 22 huruvida
841 686 98 22 Joensuu

188 721 216 23 fruntimmersskola
430 723 41 21 allt
497 722 139 22 fortfarande
663 729 39 15 var
728 722 34 22 för
791 722 147 27 bildningsbe-

189 757 77 23 hofvet
294 759 28 26 pä
352 760 63 20 orten
447 758 24 22 af
497 758 78 22 nöden
614 758 76 22 Under
719 758 27 22 de
772 760 88 20 senaste
886 759 53 20 ären

189 793 41 22 har
245 794 69 27 sagda
330 794 73 22 skolas
420 795 110 21 elevantal
546 795 57 26 ånyo
620 794 64 21 ökats
700 794 39 21 och
750 796 26 19 är
787 794 37 21 det
835 794 7 21 i
853 794 25 21 är
888 794 52 21 vida

189 831 73 20 större
286 832 27 19 än
337 830 107 27 nägonsin
463 829 66 28 förut,
548 829 24 28 ja
587 832 80 20 nästan
683 830 46 21 lika
753 832 57 19 stort
826 836 45 15 som
889 830 7 21 i
912 830 27 21 de

189 865 233 29 fruntimmersskolor,
447 866 76 22 hvilka
546 866 95 27 tidigare
665 865 131 28 öfvertagits
820 865 24 22 af
858 865 81 23 Staten.

190 902 125 21 Ständerna
337 902 64 22 hafva
425 902 92 22 sålunda
540 902 41 21 allt
604 902 50 21 skäl
680 904 32 19 att
736 902 48 21 med
808 901 103 22 afseende
927 902 13 21 ä

190 938 72 21 denna
286 938 62 21 skola
371 938 78 27 förnya
466 938 33 21 sin
516 938 26 21 är
560 939 55 19 1891
636 937 138 22 framställda
790 938 150 27 underdäniga

190 973 110 27 anhällan,
324 973 131 27 isynnerhet
478 979 45 16 som
548 974 38 21 det
608 972 142 28 hufvudskäl,
775 973 84 27 hvarpä
876 973 63 21 Stän-

189 1008 69 22 derna
282 1009 28 21 dä
333 1009 113 27 grundade
468 1009 33 22 sin
518 1009 100 27 petition,
635 1011 33 19 att
684 1009 111 27 nämligen
812 1011 60 19 östra
887 1009 51 21 Fin-

188 1044 53 22 land
256 1044 7 22 i
280 1044 69 28 högre
365 1045 54 27 grad
435 1047 29 19 än
479 1045 70 21 andra
564 1045 127 21 landsdelar
707 1047 25 19 är
748 1045 7 21 i
771 1044 68 22 behof
852 1045 24 21 af
885 1045 54 21 bild-

188 1080 181 28 ningsanstalter,
386 1081 41 21 allt
442 1083 58 19 ännu
515 1080 125 22 förefinnes.

260 1116 65 22 Hvad
341 1116 229 22 fruntimmersskolan
586 1116 6 21 i
609 1116 33 22 S:t
658 1116 79 22 Michel
750 1118 76 26 angär,
838 1118 40 20 har
889 1118 50 21 dess

188 1152 112 21 elevantal
323 1152 84 28 hastigt
430 1152 69 22 ökats.
530 1152 12 22 I
565 1152 77 22 skolan
663 1152 79 22 funnos
758 1153 70 21 under
844 1153 96 21 läseäret

191 1189 123 21 1890—91:
332 1189 34 26 61,
386 1190 122 19 1891—92:
527 1190 33 25 66;
580 1190 122 19 1892--93:
719 1190 33 25 76;
772 1190 121 20 1893—94:
906 1190 33 25 95;

190 1225 124 21 1894—95:
340 1225 28 20 94
392 1224 39 22 och
457 1226 117 20 1895—96
601 1226 40 19 109
666 1224 81 22 elever.
779 1224 78 22 Denna
878 1224 62 22 skola

187 1259 41 21 har
249 1260 93 21 sålunda
363 1260 34 21 för
412 1260 139 22 närvarande
568 1262 72 20 större
656 1260 59 21 antal
732 1260 82 28 elever,
831 1262 28 20 än
874 1262 16 20 t.
906 1266 33 16 ex.

187 1294 73 22 finska
275 1294 218 23 fruntimmerskolan
509 1295 7 21 i
533 1288 47 29 Åbo
597 1296 25 21 år
641 1297 63 25 1894,
721 1296 27 20 dä
765 1295 123 22 Ständerna
902 1302 36 14 an-

187 1330 58 22 höllo
270 1337 34 15 om
328 1331 50 21 dess
402 1330 159 28 öfvertagande
586 1334 78 24 staten,
681 1331 91 22 hvartill
788 1331 65 22 äfven
869 1332 70 26 Rege-

186 1366 80 34 ringen
282 1366 41 27 gaf
336 1366 40 21 sitt
392 1367 117 26 samtycke.

258 1396 74 27 Äfven
354 1401 242 23 fruntimmersskolans
621 1403 6 20 i
652 1403 59 21 Vasa
726 1403 57 26 höga
799 1403 117 26 elevantal,
932 1403 8 21 i

186 1437 25 21 är
228 1439 26 20 91
274 1437 81 28 elever,
368 1440 55 19 samt
435 1438 42 22 den
488 1438 145 27 vidsträckta,
647 1438 34 22 för
692 1438 155 22 närvarande
838 1433 14 37 i
861 1439 79 21 snabbt

186 1472 202 24 framätskridande
412 1474 78 21 stadda
517 1474 131 27 landsbygd,
670 1474 67 22 hvars
761 1473 181 28 bildningsbehof
