1070 1742
210 244 190 33 (Öfversättning.)

495 558 195 27 Reservation.

580 627 21 22 1.

281 701 170 29 Otvifvelaktigt
470 703 23 20 är
516 702 37 21 det
575 701 87 22 skolans
683 701 123 29 skyldighet
821 704 32 19 att
868 701 98 22 framför-

211 735 44 28 allt,
279 738 51 19 utan
354 739 31 18 att
405 736 56 21 fästa
481 735 102 22 afseende
599 735 37 22 vid
651 735 186 29 sidoinflytanden,
852 735 66 22 värda
933 736 32 27 sig

211 777 35 14 om
262 770 46 21 sina
323 770 81 21 elevers
420 770 153 21 intellektuella
589 770 40 21 och
642 770 114 21 moraliska
769 770 129 27 utveckling.
913 769 52 22 Men

211 803 43 22 den
277 804 191 28 omständigheten,
490 807 31 18 att
543 804 74 21 skolan
634 803 59 22 alltid
709 804 84 21 arbetar
808 805 57 20 inom
882 806 30 19 ett
927 804 38 21 ko-

210 838 89 27 munalt,
321 838 93 29 kyrkligt
436 839 51 20 eller
509 838 88 29 politisk
620 838 108 26 samhälle,
750 839 39 26 gör
808 838 37 21 det
860 838 55 21 dock
931 838 34 21 för

211 871 123 22 densamma
349 872 32 21 till
396 880 27 13 en
439 872 160 28 nödvändighet
614 874 31 19 att
660 875 49 25 taga
725 872 81 28 hänsyn
818 872 32 20 till
864 871 26 21 de
903 872 62 28 prak-

210 906 58 21 tiska
291 906 53 28 kraf,
367 914 46 14 som
436 906 110 22 samhället
568 906 42 21 kan
626 906 62 21 ställa
703 906 28 28 pä
746 906 46 21 sina
807 906 136 21 medlemmar
958 906 7 20 i

210 940 51 21 män
277 940 23 21 af
314 940 40 21 den
371 940 160 28 bildningsgrad
547 940 54 21 hvar
616 940 40 21 och
671 948 26 13 en
713 940 24 21 af
749 940 47 21 dem
809 940 75 21 ernätt.
900 940 65 21 Detta

210 976 25 19 är
257 974 24 22 sä
296 974 86 29 mycket
396 975 134 27 naturligare,
545 982 46 14 som
608 974 147 22 kännedomen
771 982 34 14 om
821 974 144 22 samhällsför-

210 1008 135 28 hällandena,
367 1012 31 18 ett
415 1009 102 21 lefvande
539 1010 91 20 intresse
652 1009 35 21 för
710 1008 107 22 desamma
840 1009 41 21 och
899 1008 66 29 därpä

210 1043 99 27 grundad
332 1043 111 28 duglighet
465 1044 6 20 i
487 1043 170 28 medborgerliga
672 1043 49 21 värf
736 1043 115 28 onekligen
867 1043 51 21 höra
933 1043 31 21 till

210 1077 123 21 individens
349 1078 134 28 uppfostran,
498 1078 40 21 och
554 1085 45 13 som
615 1078 112 20 samhället
741 1078 7 20 i
764 1077 135 21 ekonomiskt
913 1077 51 21 hän-

210 1112 81 20 seende
314 1111 135 22 underhäller
471 1112 74 21 skolan
569 1112 51 20 eller
635 1112 128 21 ätminstone
778 1119 78 21 genom
872 1112 33 20 sin
920 1112 45 27 lag-

211 1146 88 20 bundna
321 1146 91 28 ordning
434 1146 95 28 skyddar
550 1146 49 21 dess
621 1146 92 28 fredliga
737 1146 78 21 arbete.
848 1146 51 20 Men
921 1146 44 20 lika

210 1180 104 28 naturligt
334 1182 24 18 är
379 1180 108 28 derjemte,
502 1183 31 18 att
550 1180 69 21 denna
634 1180 82 28 hänsyn
732 1180 32 20 till
780 1180 121 21 samhällets
917 1180 48 20 kraf

210 1215 24 19 är
249 1214 107 21 önskvärd
373 1214 41 21 och
429 1214 85 28 tillätlig
530 1214 75 21 endast
620 1214 68 21 under
703 1214 41 21 den
761 1214 158 27 förutsättning,
935 1216 30 18 att

210 1248 42 21 den
277 1249 17 27 ej
318 1248 77 21 verkar
410 1248 100 22 störande
526 1248 27 28 pä
569 1248 85 22 skolans
670 1248 154 26 förstnämnda,
838 1251 48 18 rent
901 1247 65 29 peda-

209 1282 92 28 gogiska
316 1282 104 22 ändamål.

280 1316 48 21 Hos
344 1324 34 14 oss
394 1316 40 22 har
448 1316 89 22 framför
551 1317 38 21 allt
604 1316 189 29 tvåspråkigheten
812 1316 92 28 förelagt
916 1316 49 21 sko-

209 1350 35 21 lan
261 1351 34 21 för
310 1350 48 22 dess
375 1351 136 21 verksamhet
525 1351 132 21 främmande
671 1351 109 29 uppgifter
792 1350 40 22 och
844 1350 122 22 åstadkom-

210 1385 39 20 mit
265 1384 137 29 svårigheter.
432 1385 83 21 Härvid
531 1385 39 21 har
585 1385 59 21 alltid
660 1385 41 22 den
717 1385 62 21 faran
795 1386 55 20 varit
864 1384 35 21 för
913 1384 51 22 han-

209 1418 43 21 den
275 1422 32 18 att
328 1419 76 21 skolan
428 1419 40 21 kan
485 1419 68 21 blifva
569 1422 30 18 ett
615 1419 173 28 experimentfält
803 1419 34 21 för
852 1418 37 22 det
904 1421 61 26 prak-

209 1452 59 21 tiska
291 1453 120 21 inlärandet
433 1453 23 21 af
472 1453 26 21 de
514 1453 70 21 skilda
599 1453 98 28 språken,
713 1453 41 22 och
769 1453 79 21 derhän
864 1453 38 21 har
917 1461 47 13 man

209 1486 121 29 säkerligen
346 1488 6 20 i
369 1487 53 28 följd
438 1487 23 22 af
475 1487 27 21 de
518 1487 121 28 fordringar
654 1487 109 21 samhället
776 1487 58 21 ställt
846 1487 28 28 på
886 1487 80 26 skolan,
