1073 1750
195 202 70 20 terska
289 202 37 20 och
348 202 32 20 för
402 202 77 20 hennes
502 202 108 20 aflönande
628 203 83 20 anhålla
726 209 32 13 om
773 202 174 25 statsunderstöd,

196 232 75 25 bevilja
294 235 30 17 ett
346 231 74 26 bidrag
441 232 23 19 af
484 233 43 18 200
543 232 59 20 mark
618 239 31 13 om
665 233 45 19 året
725 231 66 20 under
806 231 39 21 fem
860 233 35 19 års
910 231 37 26 tid,

196 262 38 19 och
256 263 27 24 på
305 261 68 26 grund
389 261 22 20 af
425 262 101 20 särskilda
542 262 83 20 talande
641 262 45 20 skäl
703 262 107 20 enahanda
825 262 75 26 belopp
916 262 32 19 för

196 291 120 26 ytterligare
339 298 25 13 en
387 291 152 26 femårsperiod.
571 292 80 19 Härvid
674 292 63 20 borde
762 291 52 20 dock
830 291 66 21 fästas
912 291 36 20 det

196 321 73 26 vilkor,
293 324 31 17 att
347 321 117 20 sökandena
486 321 101 20 förbunde
606 322 33 25 sig
654 325 30 16 att
700 321 67 20 betala
783 323 21 18 åt
820 321 126 26 sjuksköter-

197 351 51 20 skan
272 355 29 16 ett
324 351 181 24 tillskottsarvode,
533 352 98 25 antingen
656 351 131 20 uteslutande
810 351 6 20 i
833 352 114 25 penningar

197 381 50 20 eller
269 381 66 20 delvis
357 381 21 20 in
401 385 78 22 natura,
504 381 31 20 till
558 383 23 18 så
597 384 53 17 stort
666 382 79 25 belopp,
762 384 30 17 att
808 381 47 21 hela
870 381 77 20 hennes

197 411 69 20 årslön
281 411 105 26 uppginge
402 411 31 20 till
449 411 62 20 minst
527 412 44 21 400
587 411 63 20 mark.

288 444 8 17 t
319 441 146 20 kommunerna
484 441 30 20 uti
530 441 114 26 Lappland,
661 441 80 26 Kajana
756 441 65 20 härad
837 441 37 20 och
890 444 56 17 östra

197 471 90 20 Karelen
303 474 54 17 samt
372 472 21 19 åt
408 471 77 20 sådana
500 472 7 19 i
523 471 67 20 andra
606 471 57 20 delar
675 471 24 20 af
707 471 70 20 landet
794 471 88 26 belägna
892 471 55 20 kom-

196 507 77 20 muner,
289 501 37 20 der
341 501 308 26 förmögenhetsförhällandena
665 504 36 17 äro
715 508 137 19 ogynsamma,
862 507 84 14 resorna

195 531 62 25 långa
279 531 39 20 och
340 531 137 20 mödosamma
498 534 54 17 samt
575 531 154 20 förhållandena
752 531 7 19 i
775 531 111 20 allmänhet
902 533 44 18 out-

196 561 105 26 vecklade,
323 561 64 20 borde
410 561 53 20 dock
482 564 68 17 staten
567 561 75 26 bevilja
657 561 121 25 lönebidrag
793 561 23 20 af
829 561 43 20 400
888 561 58 20 mark

197 598 30 12 om
243 592 45 19 året
303 591 31 19 för
350 591 149 20 ofvannämnda
514 592 115 25 tidsperiod
644 591 46 20 med
706 591 35 20 det
753 591 73 20 villkor
836 591 69 25 likväl,
916 594 30 16 att

195 621 123 20 kommunen
341 622 50 19 eller
413 621 145 26 församlingen
575 621 69 20 erlade
661 624 29 17 ett
700 621 136 20 lönetillskott
851 622 21 18 åt
888 621 56 25 sjuk-

196 650 123 20 sköterskan
342 651 31 19 till
396 652 73 25 belopp
492 652 23 19 af
536 651 62 20 minst
621 652 42 18 100
679 651 64 26 mark,
760 651 98 25 antingen
874 651 7 19 i
896 651 49 19 kon-

196 682 45 18 tant
258 681 49 19 eller
323 681 21 19 in
359 684 79 17 natura.

267 710 48 20 Med
337 710 79 21 mindre
439 711 58 20 torde
520 718 46 12 man
587 711 102 24 nämligen
706 711 18 25 ej
740 711 70 19 kunna
826 710 78 26 hoppas
920 711 26 25 pä

195 743 31 17 att
241 740 7 19 i
262 740 60 20 dessa
338 740 38 20 öde
394 741 80 25 bygder
489 741 70 19 kunna
575 741 97 19 realisera
683 741 74 25 planen
769 747 30 12 om
811 739 134 21 anskaffande

196 769 23 20 af
231 770 174 26 sjuksköterskor,
421 771 18 25 ej
456 771 63 19 häller
534 771 21 19 få
571 771 85 25 dugliga
672 770 96 20 sökande.

267 799 81 21 Jemväl
365 801 21 18 åt
396 800 93 20 enskilda
500 807 98 19 personer
609 801 49 19 eller
669 800 123 25 föreningar,
803 807 43 13 som
855 799 90 20 önskade

196 829 85 26 vidtega
303 830 74 25 åtgärd
400 837 32 13 om
455 830 106 20 aflönande
584 831 7 18 i
614 831 67 24 någon
697 831 96 19 kommun
809 829 23 20 af
844 837 26 12 en
886 829 57 26 dylik

197 859 162 26 sjuksköterska,
383 867 48 13 vore
454 860 34 20 det
511 860 27 20 all
562 860 113 25 anledning
698 863 31 16 att
754 859 75 26 bevilja
854 862 90 17 statsun-

197 889 89 20 derstöd.

267 920 39 19 Att
329 926 24 13 en
377 920 106 25 betänklig
497 920 53 19 brist
566 921 26 24 på
608 919 168 26 sjuksköterskor
792 919 86 20 faktiskt
893 919 51 20 före-

196 949 90 20 kommer
309 949 7 19 i
331 950 50 19 våra
400 949 119 25 landsorter,
537 957 36 12 var
589 957 46 12 man
651 950 47 19 bäst
714 949 37 20 och
767 949 101 26 tydligast
883 949 7 19 i
905 949 40 19 till-

196 978 48 20 fälle
267 981 31 18 att
321 979 98 25 iakttaga,
442 979 27 20 dä
490 979 85 20 koleran
601 980 56 19 1892
673 979 38 20 och
727 981 48 18 åren
792 979 64 25 derpä
871 978 74 20 hotade

195 1008 95 20 Finland.
321 1009 38 20 Om
382 1009 118 26 sjukdomen
524 1009 27 19 dä
574 1009 7 19 i
602 1009 141 25 verkligheten
760 1009 53 19 hade
828 1008 40 20 fätt
883 1008 62 19 vinna

196 1038 131 26 ntbredning,
351 1039 51 20 hade
425 1046 46 13 man
493 1039 88 19 förvisso
598 1039 59 19 råkat
673 1039 7 19 i
697 1045 24 14 en
737 1039 98 25 brydsam
851 1038 93 25 belägen-

196 1068 40 19 het.
268 1069 33 25 Ty
316 1069 98 19 ehuruväl
430 1075 45 13 man
491 1070 26 24 pä
532 1069 114 25 styrelsens
657 1069 119 24 befallning,
785 1068 95 20 öfverallt
891 1067 54 20 hade

196 1097 80 20 försökt
291 1104 105 14 reservera
411 1098 77 20 lokaler
503 1098 31 19 till
551 1098 92 26 sjukhus,
660 1099 23 19 sä
699 1098 75 20 funnos
790 1101 74 16 nästan
874 1098 70 24 ingen-

197 1127 70 20 städes
275 1128 31 19 uti
314 1128 206 19 landskommunerna
531 1128 7 19 i
549 1128 100 25 sjukvärd
659 1128 91 20 förfarna
761 1134 103 19 personer,
875 1127 71 20 hvilka

195 1157 54 20 hade
272 1157 79 20 kunnat
374 1158 105 20 användas
502 1159 67 18 säsom
585 1158 118 19 sköterskor
720 1157 35 20 vid
771 1157 60 20 dessa
847 1156 98 27 provisio-

195 1187 54 20 nella
273 1187 92 26 sjukhus,
389 1194 31 13 om
443 1187 101 26 nämligen
569 1188 62 19 behof
651 1187 24 20 af
688 1188 77 19 sädana
781 1187 7 20 i
804 1187 141 25 verkligheten

195 1217 53 19 hade
272 1217 54 25 gjort
349 1217 32 26 sig
404 1217 99 26 gällande.
534 1217 44 20 Och
595 1220 30 17 ett
641 1218 87 25 sjukhus
744 1220 50 17 utan
810 1217 136 25 sjukvärdare

196 1249 23 16 är
234 1253 57 13 mera
306 1247 32 19 till
353 1247 65 20 skada
434 1250 25 17 än
475 1247 31 20 till
521 1254 62 19 gagn.

267 1277 42 19 Det
331 1277 67 25 gifves
421 1281 54 16 ännu
496 1283 25 14 en
537 1277 159 25 omständighet,
713 1283 43 14 som
771 1279 38 23 gör
824 1276 74 26 frågan
914 1282 31 13 om

196 1305 168 26 sjuksköterskor
387 1307 7 19 i
416 1307 207 20 landskommunerna
641 1307 31 19 till
687 1309 48 17 rent
750 1306 23 20 af
786 1313 24 13 en
827 1305 119 20 brännande

195 1335 65 26 fräga,
285 1336 121 20 ätminstone
429 1336 32 20 för
479 1336 50 24 dem,
546 1337 71 19 hvilka
632 1337 26 25 pä
674 1339 94 17 närmare
783 1336 42 19 häll
840 1336 46 25 följt
900 1335 46 20 med

195 1365 148 26 utvecklingen
359 1366 20 19 af
394 1366 217 25 landsbefolkningens
622 1367 91 25 begrepp
724 1373 32 12 om
768 1365 91 26 hygieni.
875 1365 71 20 Kändt

196 1398 23 16 är
245 1395 109 26 nämligen,
377 1398 31 17 att
429 1397 46 18 värt
489 1396 42 20 folk
547 1396 83 26 mycket
645 1395 142 26 motsträfvigt
802 1395 55 20 velat
872 1398 32 17 tro
920 1396 27 25 pä

197 1424 130 25 sjukdomars
343 1425 152 20 smittosamhet.
