1092 1739
173 220 94 18 Allmänna
281 220 178 18 Petitionsutskottets
477 220 110 18 betänkande
603 221 33 17 N:o
655 221 11 16 2
681 221 6 16 i
699 220 94 23 anledning

105 250 19 17 af
135 250 26 17 ett
172 249 27 18 till
210 249 148 22 Borgareståndet
369 249 75 22 ingifvet
456 249 149 22 petitionsförslag
617 249 90 22 angående
720 255 72 16 gemen-

104 284 42 12 sam
157 278 84 17 medeltid
252 278 28 17 för
291 278 60 17 landet

243 306 94 19 Allmänna
345 287 186 46 Petitionsutskottets
540 287 67 47 förslag
614 292 33 32 n
656 291 137 38 sammanjämk-

310 336 47 21 ning.

242 363 83 19 Finlands
338 363 83 18 Ständers
433 364 121 23 underdäniga
565 364 79 23 petition.

174 398 93 18 Allmänna
284 398 179 18 Petitionsutskottets
482 399 109 17 betänkande
611 398 32 18 N:o
660 399 10 17 3
683 398 5 17 i
700 398 94 23 anledning

106 427 19 18 af
136 428 26 17 ett
174 427 26 18 till
212 427 129 18 Bondeständet
353 427 97 18 inlemnadt
462 427 153 23 petitionsförslag,
628 427 5 17 i
646 427 47 22 syfte
705 428 25 17 att
742 427 5 17 i
756 427 37 17 lan-

106 457 30 17 det
148 456 79 18 vistande
239 456 87 23 zigenare
337 456 59 17 älades
408 456 46 17 skol-
467 456 31 17 och
511 456 113 23 arbetstväng
791 469 3 4 ö

176 490 93 18 Allmänna
286 490 181 18 Petitionsutskottets
484 490 110 18 betänkande
612 489 34 18 N:o
660 490 12 17 4
684 490 5 17 i
701 490 95 23 anledning

108 519 19 18 af
144 520 65 17 tvenne
221 519 45 18 inom
279 519 128 22 Ridderskapet
418 519 33 18 och
463 519 56 18 Adeln
531 519 46 17 samt
588 519 134 17 Presteständet
734 519 61 17 väckta

108 547 151 24 petitionsförslag,
266 548 6 17 i
279 548 46 22 syfto
332 549 25 16 att
363 548 161 22 läraretjensterna
534 548 9 17 i
552 547 51 23 tyska
612 547 32 18 och
652 547 79 22 franska
740 547 54 22 sprä-

109 577 34 18 ken
155 577 30 17 vid
201 577 84 17 klassiska
303 576 59 23 lyceer
380 577 31 17 och
425 577 127 22 normallyceer
564 577 54 17 mätte
630 577 70 17 förenas
712 576 33 18 och
757 581 37 12 om-

109 605 61 23 bildas,
183 606 22 17 de
216 605 47 18 förra
274 605 27 18 till
312 605 143 23 kollegatjenster
466 605 32 18 och
511 605 22 18 de
545 611 63 12 senare
621 605 26 17 till
654 605 141 22 lektorstjenster

243 634 84 18 Finlands
339 634 83 18 Ständers
435 634 119 23 underdäniga
566 634 78 23 petition.

166 668 93 19 Allmänna
275 668 178 18 Petitionsutskottets
465 668 109 18 betänkande
586 668 34 18 N:o
632 669 10 17 5
654 669 6 16 i
672 668 94 23 anledning
778 668 18 17 af

108 697 26 18 till
146 697 70 18 Preste-
229 697 31 18 och
273 697 149 22 Borgareständen
435 697 99 18 inlemnade
547 697 148 22 petitionsförslag
706 697 90 22 angäende

108 726 133 23 arvodestillägg
263 726 28 17 för
307 725 176 23 föreständarinnor
500 726 32 17 och
551 726 110 17 lärarinnor
680 726 36 21 vid,
728 727 68 16 statens

108 755 189 22 fruntimmersskolor

246 779 83 31 Finlands
341 764 84 46 Ständers
436 764 121 46 underdäniöa
562 768 90 38 "petition.

180 818 94 17 Allmänna
292 818 179 18 Petitionsutskottets
489 818 109 17 betänkande
616 818 34 17 N:o
662 818 12 17 6
685 818 5 17 i
703 817 93 22 anledning

109 847 19 17 af
139 847 25 17 ett
176 847 27 17 till
214 846 130 18 Presteståndet
356 847 98 17 inlemnadt
465 847 153 22 petitionsförslag,
628 847 5 17 i
642 847 46 22 syfte
697 847 26 17 att
731 847 64 16 under-

109 875 91 23 visningen
221 875 6 18 i
244 875 135 23 kyrkohistoria
390 875 33 18 och
439 875 90 18 Finlands
541 875 81 18 historia
633 875 96 18 framdeles
740 875 55 17 måtte

108 903 91 18 meddelas
217 904 10 17 å
244 903 91 23 lyceernas
350 904 53 23 högre
415 904 68 18 klasser
496 905 21 22 på
529 904 70 17 skolans
611 903 186 23 undervisningsspråk

177 939 178 17 Ekonomiutskottets
368 939 109 17 betänkande
488 939 34 18 N:o
534 939 11 18 8
558 939 6 17 i
576 939 94 22 anledning
682 939 18 17 af
712 939 26 17 ett
749 938 47 17 inom

108 967 132 18 Bondeståndet
250 967 99 18 framstäldt
361 967 147 23 petitionsförslag
519 967 91 23 angående
622 967 60 23 tillägg
693 967 27 18 till
734 967 62 22 nådiga

108 995 126 23 förordningen
245 1001 28 12 om
285 996 118 23 utskänkning
414 996 33 17 och
459 996 104 23 försäljning
574 996 19 17 af
601 996 126 23 maltdrycker,
737 996 59 22 gifven

109 1025 34 17 den
155 1025 11 16 2
178 1024 51 23 April
241 1025 44 17 1883
297 1025 32 17 och
341 1025 6 16 i
359 1025 46 17 vissa
418 1025 49 17 delar
479 1025 65 17 ändrad
556 1030 64 17 genom
628 1025 124 22 förordningen
762 1025 34 16 den

109 1053 11 18 9
132 1053 41 18 Juni
187 1053 64 18 1892
241 1049 14 32 .
447 1067 3 4 N
563 1067 3 4 -
678 1067 3 4 v
707 1066 3 4 -
792 1066 4 4 .

177 1083 178 32 Ekonomiutskottets
368 1067 111 38 betänkande
491 1067 32 38 N:o
534 1067 12 38 9
559 1088 6 16 i
577 1067 95 43 anledning
683 1088 18 16 af
713 1088 25 17 ett
749 1087 47 17 inom

108 1116 133 18 Presteståndet
256 1116 98 18 framstäldt
371 1116 149 23 petitionsförslag
537 1121 29 13 om
584 1116 81 22 åtgärder
682 1116 27 17 till
721 1116 75 17 befräm-

108 1144 53 22 jande
173 1145 19 17 af
203 1144 79 18 rationel
293 1145 172 22 skogshushållning
477 1145 7 17 i
495 1145 61 18 landet
591 1158 3 4 =.
619 1158 5 4 .
706 1158 4 4 £
735 1158 3 4 x

245 1178 66 23 Tillägg
322 1179 26 17 till
360 1184 68 12 samma
441 1179 115 18 betänkande.

247 1208 178 18 Ekonomiutskottets
437 1208 66 22 förslag
513 1208 27 17 till
552 1208 176 23 sammanjämkning.

247 1236 84 18 Finlands
343 1237 83 17 Ständers
439 1237 119 23 underdäniga
570 1237 78 23 petition.

178 1271 178 18 Ekonomiutskottets
373 1272 110 17 betänkande
501 1272 33 17 N:o
553 1272 21 17 11
592 1272 6 16 i
616 1271 94 23 anledning
725 1272 18 17 af
755 1271 43 18 etti

109 1298 128 24 Ridderskapet
254 1300 33 18 och
304 1300 57 18 Adeln
379 1300 100 18 framstäldt
495 1300 142 23 motionsförslag
654 1301 46 17 samt
712 1301 26 16 ett
749 1300 48 18 inom

109 1327 132 19 Presteständet
258 1328 51 18 väckt
320 1328 153 24 petitionsförslag,
486 1329 45 17 bäda
543 1328 93 46 Vr
648 1329 26 17 att
686 1329 17 23 4,
716 1329 12 17 5
740 1328 32 18 och
785 1329 13 17 6

108 1356 27 23 $$
145 1357 26 17 24
182 1356 42 24 kap.
236 1357 17 17 B.
269 1357 22 17 B.
303 1358 55 17 måtte
371 1358 98 22 upphäfvas
503 1372 4 4 .
532 1372 3 3 .
561 1371 3 3 .
589 1371 5 4 .
734 1370 31 5 ox

246 1392 177 17 Ekonomiutskottets
435 1391 67 23 förslag
513 1392 28 17 till
549 1367 175 51 säröranjämkolng:

247 1420 82 18 Finlands
341 1420 83 18 Ständers
436 1420 120 23 underdåniga
568 1420 78 23 petition.

842 277 19 18 4.

844 456 18 17 5.

846 754 18 17 7.

836 1144 29 18 10.

834 1358 32 16 11.
