1056 1731
296 133 273 30 Petitionsbetänkande
584 133 42 23 N:o
642 133 20 22 2.
800 133 28 22 49

265 327 294 35 Suolahti—Suonenjoki
575 329 115 33 jernväg.

201 398 127 21 Prestest.
344 410 28 3 —
387 397 39 22 N:o
442 398 19 26 2;
477 398 123 21 Bondest.
619 409 25 4 —
660 397 40 21 N:o
718 397 34 28 14.

168 501 85 27 Frägan
273 507 32 15 om
326 501 110 27 byggande
455 501 23 21 af
492 507 26 15 en
535 501 54 21 bana
604 500 48 22 frän
667 500 117 28 Jyväskylä
799 499 59 22 öfver

97 536 99 22 Suolahti
223 536 32 21 till
287 536 129 26 Suonenjoki
443 536 79 21 station
551 536 35 21 vid
614 535 182 27 Savolaksbanan,
813 550 1 2 .
824 540 33 22 om

98 571 64 21 hvars
184 570 186 28 kompletterande
395 570 90 21 emellan
507 570 97 22 Suolahti
624 569 38 22 och
679 569 129 27 Suonenjoki
823 569 35 21 vid

95 606 74 21 denna
187 605 104 27 landtdag
309 605 113 21 inlemnats
442 605 115 26 petitioner
579 605 6 20 i
605 604 85 22 Preste-
713 604 39 21 och
775 603 84 21 Bonde-

97 640 99 25 stånden,
215 639 86 21 förevar
320 639 47 21 med
387 639 115 27 anledning
521 639 23 21 af
561 639 73 21 derom
654 638 76 27 gjorda
745 638 114 27 petitioner

98 674 34 20 till
149 673 130 27 behandling
295 673 34 21 vid
348 673 58 21 såväl
424 673 52 21 1891
494 679 45 15 som
557 673 55 21 1894
628 672 35 22 års
680 672 108 27 landtdag.
818 672 41 21 Vid

100 708 148 21 förstnämnda
266 707 145 21 ständermöte
431 707 67 21 erhöll
517 707 165 27 ifrågavarande
702 707 157 21 sammanbind-

100 742 120 28 ningsbana
239 744 69 19 varmt
326 742 115 21 understöd
461 742 57 21 inom
535 742 126 27 Ständerna,
678 742 72 21 hvilka
766 741 92 27 anhöllo,

97 778 48 26 »att
164 776 63 27 nådig
245 777 133 30 proposition
397 782 34 15 om
449 776 114 28 byggande
578 776 24 22 af
616 783 26 15 en
655 776 91 27 jernväg
761 776 47 21 från
822 776 37 27 Jy-

101 811 89 27 väskylä
205 811 47 21 stad
268 811 33 21 till
317 811 88 27 lämplig
420 810 69 27 punkt
504 810 13 22 å
532 810 175 22 Savolaksbanan
723 811 6 20 i
745 811 67 21 sinom
828 810 30 21 -tid

100 845 66 21 måtte
186 845 119 21 Ständerna
325 845 140 27 föreläggas.*
495 845 33 21 En
547 845 134 27 proposition
700 845 6 21 i
726 845 60 21 detta
804 844 54 28 syfte

96 879 112 23 förelades
231 879 62 21 äfven
317 879 118 22 Ständerna
455 880 34 20 vid
507 880 55 21 1894
577 880 36 20 års
630 879 108 27 landtdag,
754 879 7 21 i
777 875 35 36 det
824 885 36 15 re-

99 914 104 27 geringen
226 913 101 27 föreslog,
350 916 32 18 att
407 920 25 14 en
456 914 157 27 normalspärig
640 914 55 21 bana
716 914 71 21 skulle
809 914 51 26 byg-

100 955 39 21 gas
158 948 46 21 frän
225 948 129 27 Suonenjoki
373 949 79 21 station
473 949 34 21 vid
531 949 175 21 Savolaksbanan
724 949 60 21 öfver
801 948 59 21 Kivi-

101 983 62 21 salmi
179 983 32 20 till
228 983 71 26 Kuhjo
319 983 36 21 vik
370 983 23 21 af
407 983 86 22 Keitele
509 983 39 27 sjö.
578 983 32 21 Pä
626 983 72 22 derom
715 983 23 21 af
750 983 110 26 jernvägs-

101 1017 106 22 utskottet
226 1017 61 27 gjord
308 1017 156 27 framställning
485 1018 82 21 beslöto
589 1018 120 21 Ständerna
729 1017 33 21 för
778 1017 32 21 sin
826 1017 33 21 del

100 1051 128 26 emellertid,
245 1052 48 21 med
312 1051 114 27 afböjande
445 1051 23 22 af
487 1052 40 21 den
548 1052 78 27 nådiga
644 1052 166 27 propositionen,
830 1054 32 18 att

101 1086 100 21 sträckan
220 1085 133 28 Jyväskylä
367 1081 97 37 Suolahti
484 1087 69 20 skulle
573 1087 86 27 byggas,
676 1087 38 20 och
735 1087 37 20 har
791 1086 69 26 äfven,

99 1121 68 28 sedan
184 1120 90 21 anförda
289 1121 159 21 ständerbeslut
463 1121 74 21 vunnit
547 1121 60 21 Hans
618 1121 121 26 Kejserliga
749 1120 112 27 Majestäts

97 1154 150 29 stadfästelse,
263 1155 70 20 denna
352 1155 76 21 bandel
449 1155 84 26 belagts
553 1155 49 21 med
618 1155 80 21 arbete.
729 1155 132 21 Ständernas

102 1188 72 21 beslut
192 1189 143 21 motiverades
354 1189 179 27 hufvudsakligen
551 1189 94 27 dermed,
662 1191 32 19 att
709 1189 100 21 sträckan
824 1189 37 26 Jy-

102 1222 107 27 väskylä—
221 1218 96 36 Suolahti
337 1223 76 26 ansägs
433 1230 51 14 vara
502 1223 152 27 förmänligare
670 1224 47 21 med
734 1223 100 22 afseende
850 1223 12 21 &

101 1257 112 21 emotsedd
233 1257 129 27 lokaltrafik,
382 1257 27 21 dä
429 1258 40 21 den
489 1258 84 21 komme
593 1260 32 19 att
643 1258 127 27 genomlöpa
786 1257 76 28 jemfö-

103 1291 89 22 relsevis
211 1293 70 20 tätare
300 1292 112 21 befolkade
431 1292 84 22 trakter
534 1295 26 18 än
580 1293 105 20 baudelen
701 1292 161 27 Suonenjoki—

102 1325 80 27 Kuhjo,
199 1326 117 31 hvarjemte
336 1327 39 20 den
394 1326 85 21 koimme
499 1329 32 19 att
550 1327 77 21 beröra
646 1327 7 21 i
672 1327 123 23 industrielt
810 1327 51 20 hän-

100 1360 82 21 seende
202 1366 58 16 mera
279 1360 143 22 framstående
442 1363 58 19 orter
519 1363 26 19 än
566 1361 132 21 sistnämnda
713 1361 57 21 linie.
800 1361 62 21 Jern-

103 1394 159 27 vägsutskottet
277 1395 34 21 vid
328 1402 80 14 samma
424 1396 103 26 landtdag
543 1396 96 21 uttalade
655 1396 32 26 sig
703 1396 65 20 likväl
785 1407 27 3 —
828 1401 34 15 om

101 1428 68 22 ocksä
184 1428 47 22 icke
247 1429 103 27 enhälligt
361 1442 27 18 —
399 1430 32 20 för
447 1430 100 21 anhällan
564 1436 33 15 om
614 1430 130 27 proposition
756 1430 33 21 till
802 1432 61 18 nästa

172 1480 181 22 Jernvägsutskottets
361 1480 112 19 betänkande
486 1481 35 17 N:o
533 1481 18 17 2.
782 1481 12 17 4
