1075 1750
214 240 61 20 dessa
295 240 54 20 tider
371 240 102 26 betungas
494 240 23 21 af
530 240 108 21 allehanda
653 240 92 27 utgifter,
761 242 68 18 såsom
844 241 123 25 byggandet

214 270 23 20 af
256 277 41 19 nya
317 270 138 26 fattiggårdar
476 270 38 20 och
533 270 141 21 folkskolehus
695 270 105 21 äfvensom
816 270 65 20 andra
896 277 69 20 onera,

214 306 44 14 som
276 300 56 20 tiden
348 300 91 26 kräfver,
454 300 83 20 hvadan
552 300 287 21 kommunalmedlemmarnas
855 300 112 26 tillgångar

214 330 17 26 ej
254 330 67 20 tillåta
344 330 46 20 dem
413 333 32 17 att
468 330 82 26 deltaga
571 330 7 20 i
598 330 117 21 aflönandet
739 330 21 20 af
779 330 188 21 kommunalläkare

213 360 47 20 med
283 360 35 20 det
338 360 79 26 belopp,
439 367 43 13 som
501 360 32 26 sig
548 360 69 26 borde,
633 362 23 18 så
671 362 66 19 måste
752 360 41 20 den
808 360 54 26 goda
877 360 89 20 afsikten

213 390 79 16 lämnaa
308 390 30 16 till
356 390 109 17 framtidan
488 390 37 17 och
542 391 66 17 nndar
623 390 78 18 sådana
716 390 176 20 omständigheter
902 391 65 19 måste

213 422 75 24 många
311 422 61 24 sjuka
387 427 8 13 1
410 423 120 17 landsorten
553 424 72 23 plägas
640 428 8 12 1
665 424 51 16 brist
739 425 26 22 pä
785 425 76 15 läkare.
893 426 74 14 Menna

213 449 53 21 brist
288 450 68 20 blefve
372 450 7 20 i
393 451 104 26 väsentlig
519 452 47 19 mån
590 451 92 26 afhjälpt,
706 451 43 20 ifall
771 450 148 26 statsbidraget
934 450 32 20 för

213 480 188 20 kommunalläkare
419 480 110 21 framdeles
547 481 67 20 blefve
629 481 59 25 höjdt
704 481 31 20 till
751 481 74 20 sådant
840 481 79 26 belopp,
935 483 31 17 att

214 509 112 21 detsamma
341 517 50 13 vore
406 511 123 20 åtminstone
544 512 36 19 två
595 512 79 25 gånger
690 513 67 18 större
772 513 27 17 än
809 510 55 21 hvad
875 511 90 19 kommu-

213 546 65 14 nerna
296 540 95 20 förbinda
410 541 33 25 sig
461 543 31 18 att
510 541 68 20 betala
593 542 21 19 åt
629 541 104 25 läkarena,
748 540 134 26 hvarigenom
897 540 68 20 bidra-

213 571 47 25 gets
278 570 74 26 högsta
371 570 74 27 belopp
464 571 66 20 skulle
546 571 54 26 stiga
619 571 31 19 till
666 572 36 19 två
717 573 61 18 tusen
794 570 63 20 mark.

285 600 12 20 I
317 600 111 21 förlitande
448 600 65 27 därpå
529 603 30 18 att
574 600 156 21 Bondeständet
745 600 48 20 fullt
807 600 105 26 uppfattar
927 600 36 20 det

213 630 184 26 missförhållande,
420 638 43 12 som
485 631 149 20 läkarebristen
657 631 7 19 i
686 630 208 21 landskommunerna
916 630 47 20 med

213 660 81 26 hänsyn
314 660 33 20 till
367 660 136 21 hälsovården
519 661 83 25 medför,
617 662 65 24 vågar
698 661 35 26 jag
747 660 84 20 anhålla
846 663 30 17 att
891 660 72 20 heder-

213 690 66 20 värda
294 690 155 20 Bondeståndet
465 690 48 21 ville
528 691 131 26 petitionera:

501 758 29 18 att
557 756 27 20 H.
612 756 26 20 KE.
666 756 93 24 Majestät
783 756 60 19 täktes
873 755 8 19 i
904 755 61 20 nåder

430 786 71 24 bevilja
531 786 155 25 löneförhöjning
712 786 22 20 åt
761 785 203 20 kommunalläkarene

430 816 32 19 till
484 816 70 19 sådant
576 816 72 24 belopp,
667 817 30 18 att
714 817 63 19 staten
797 815 62 20 skulle
879 814 84 26 bidraga

431 845 40 20 med
493 846 114 19 åtminstone
626 844 76 22 dubbelt
721 846 22 19 så
763 845 74 25 mycket
854 851 40 13 som
909 844 52 20 kom-

429 882 94 13 munerna
538 875 99 24 förbinda
656 876 30 24 sig
706 877 30 18 att
759 875 68 23 betala,
852 875 47 19 eller
921 874 42 20 med

429 906 54 24 högst
498 906 32 19 två
546 907 53 18 tusen
614 906 63 20 mark.

285 958 131 26 Helsingfors
433 959 40 20 den
489 960 12 19 5
518 959 89 20 februari
625 960 64 19 1897.

521 1043 21 22 D.
559 1042 98 28 Nykänen.

325 1511 110 17 Helsingfors,
444 1511 102 17 Osakeyhtiö
557 1511 59 14 Weilin
626 1512 11 13 &
649 1501 43 24 Göös
702 1510 107 18 Aktiebolag,
819 1511 38 14 1897.
