1056 1736
246 129 14 22 2
414 129 273 25 Petitionsbetänkande
702 131 41 24 N:o
759 131 21 22 2.

217 192 39 15 nar
272 186 33 21 till
320 186 179 23 hufvudbanorna
513 190 56 20 samt
585 195 34 15 om
636 189 26 21 de
677 190 50 25 sätt,
739 188 81 22 medels
831 188 74 22 hvilka
914 190 64 20 stats-

217 220 75 22 verket
306 220 72 22 kunde
394 222 39 21 och
449 222 68 22 borde
532 223 90 27 bidraga
637 223 33 21 till
679 223 80 22 sådana
768 223 78 21 banors
853 223 124 27 uppkomst.

217 254 33 22 De
266 254 33 22 för
314 256 63 21 dessa
395 256 56 22 båda
469 263 96 21 grupper
580 257 23 22 af
614 258 115 27 jernvägar
743 257 163 22 bestämmande
921 258 57 27 prin-

217 290 87 26 ciperna
322 290 72 21 kunna
410 290 85 22 derföre
512 291 39 22 här
567 291 102 28 förbigås.
700 286 89 27 Återstå
805 291 82 22 således
903 292 76 21 endast

217 324 314 28 sammanbindningsbanorna,
558 326 72 22 hvilka
657 328 51 20 utan
734 326 127 27 gensägelse
883 328 38 19 äro
944 327 34 26 de,

216 358 74 21 hvilka
312 358 88 22 framför
421 360 25 21 de
465 359 56 22 båda
541 360 68 22 andra
625 367 123 21 grupperna
763 359 58 28 gifva
836 360 104 21 karaktär
955 360 24 21 åt

213 392 45 26 den
274 392 24 22 af
310 393 111 22 Utskottet
435 394 123 28 uppgjorda
573 395 40 21 och
629 395 33 21 till
678 395 120 22 Ständerna
810 395 101 21 utdelade
920 395 59 27 jern-

216 421 138 38 vägskartan.

236 488 2 3 >
286 462 128 23 Efterhand.
428 469 47 23 som
497 464 28 21 de
547 464 8 21 i
574 464 95 27 riktning
685 464 47 27 från
747 469 52 16 norr
814 463 33 22 till
863 464 63 21 söder
941 463 36 28 gä-

217 491 55 26 ende
293 489 213 36 landskapsbanorna
530 498 69 22 blifvit
614 495 115 31 planlagda
749 498 41 21 och
806 498 92 27 byggda,
914 498 65 21 hafva

216 531 79 21 talrika
315 531 80 27 förslag
411 539 33 14 om
461 533 62 21 deras
539 533 142 21 förbindande
696 533 49 21 med
761 532 120 21 hvarandra
897 533 80 21 medels

216 565 180 31 hufvudsakligen
414 567 47 21 från
481 569 71 19 vester
567 567 34 21 till
617 569 58 19 öster
690 567 84 27 gående
787 567 116 27 jernvägar
918 567 59 21 kom-

216 600 40 21 mit.
270 600 68 30 under
357 600 156 28 öfvervägande
534 602 35 20 vid
589 601 52 22 våra
657 602 137 26 landtdagar.
825 601 46 21 Den
887 602 91 20 ledande

216 634 80 21 tanken
308 634 10 22 i
334 634 42 22 alla
399 636 62 21 dessa
483 635 82 27 förslag
585 638 24 19 är
628 636 131 26 densamma,
780 636 107 26 nämligen
903 638 32 19 att
949 636 29 26 på

216 668 58 31 olika.
297 669 104 27 höjdgrad
417 670 6 21 i
438 670 74 22 landet
534 670 149 22 åstadkomma
701 677 27 15 en
748 670 73 21 direkt
833 670 144 27 jernvägsför-

216 695 96 39 bindelse
336 704 77 30 mellan
436 704 84 22 landets
543 706 77 23 vestra,
644 705 111 21 mellersta
777 704 40 22 och
837 706 58 20 östra
910 704 66 22 delar.

216 729 114 39 Olikheten
345 738 10 30 i
368 738 106 30 förslagen
490 739 68 27 ligger
573 739 208 27 hufvudsakligast
771 734 11 38 i
795 739 58 21 valet
864 738 23 22 af
895 738 82 22 sträck-

216 772 51 30 ning
284 772 39 31 för
346 761 102 46 banorna,
471 774 40 21 och
533 774 64 21 hafva
620 774 73 21 dervid
717 774 28 27 pä
761 773 64 21 hvart
839 773 38 21 sitt
891 774 44 20 häll
951 774 26 20 de

216 806 76 31 lokala
302 807 119 29 intressena
435 808 95 27 tydligen
546 808 91 22 sträfvat
653 810 31 20 att
699 810 54 25 göra
769 808 32 26 sig
817 808 106 26 gällande.

230 869 2 2 .
287 840 39 23 Att
340 842 27 21 de
381 842 28 27 pä
423 842 64 28 långa
505 842 84 22 afständ
609 842 46 22 från
671 842 124 22 hvarandra
811 842 92 26 belägna
917 842 60 21 land-

214 875 170 30 skapsbanorna,
403 876 40 22 den
459 872 181 31 Österbottniska,
657 876 136 23 Savolakska
809 876 40 21 och
864 876 113 26 Karelska,

215 909 47 22 icke
286 909 61 22 skola
368 910 72 22 kunna
463 911 52 27 fylla
533 911 167 22 trafikbehofvet
719 910 28 28 på
763 911 44 20 alla
823 910 89 21 emellan
928 911 48 20 dem

215 943 91 28 belägna
330 946 63 24 orter,
410 947 23 19 är
455 945 78 28 tydligt
553 951 42 21 nog
614 946 35 20 vid
665 945 122 22 kännedom
804 945 81 26 derom,
901 946 34 20 att
950 951 26 14 en

212 979 102 27 jernvägs
330 979 96 28 förmåga
440 982 33 19 att
487 980 68 27 draga
570 980 33 21 till
618 981 32 26 sig
665 979 65 22 trafik
746 979 3 22 i
758 979 157 22 nämnvärdare
923 980 52 26 grad

214 1013 48 21 icke
282 1015 39 24 gör
340 1013 33 27 sig
390 1014 101 21 märkbar
509 1014 28 27 på
555 1015 74 26 längre
645 1014 86 22 afstånd
747 1015 28 20 än
791 1020 39 21 par
845 1013 62 21 tiotal
924 1013 53 21 kilo-

215 1049 68 19 meter
298 1047 23 22 åt
336 1048 86 21 sidorna
437 1048 47 22 från
501 1049 76 21 banan.
601 1049 10 21 I
626 1049 41 21 den
683 1049 49 21 mån
748 1048 63 21 dessa
826 1047 151 22 hufvudbanor

215 1083 75 20 närma
312 1082 32 27 sig
366 1083 32 20 sin
421 1083 140 27 fulländning,
584 1083 102 22 framstår
709 1082 87 22 derföre
813 1081 106 28 sjelffallet
935 1081 40 22 och

215 1117 47 20 med
287 1117 95 26 ständigt
404 1117 57 22 ökad
483 1117 74 28 styrka
577 1117 82 27 frågan,
679 1117 28 28 på
723 1117 57 21 hvad
797 1117 44 20 sätt
857 1116 26 21 de
898 1116 78 21 mellan

215 1151 48 20 dem
279 1151 110 29 befintliga
407 1152 132 27 vidsträckta
558 1152 150 21 landsdelarne
729 1151 62 21 skola
811 1157 76 20 genom
903 1151 74 21 vidare

211 1184 117 27 jernvägar
347 1185 81 22 indelas
447 1186 6 21 i
472 1186 102 27 lämpliga
593 1188 66 20 rutor.
691 1184 136 28 Spörsmälet
842 1184 74 22 härom
932 1185 44 26 gäl-

214 1218 32 21 ler
261 1219 127 27 egentligen,
404 1219 105 23 huruvida
523 1219 155 22 hufvudvikten
695 1220 40 21 bör
751 1219 76 26 läggas
841 1219 29 26 på
877 1219 99 26 tillgodo-

214 1253 78 30 seende
303 1269 2 2 .
317 1253 23 22 af
358 1254 40 21 den
417 1254 159 27 genomgående
597 1255 52 21 eller
672 1255 41 20 den
730 1253 74 22 lokala
820 1252 104 22 trafikens
939 1253 35 21 be-

214 1287 44 21 hof.
288 1287 44 24 Och
355 1288 68 21 måste
445 1291 32 19 ett
499 1289 76 27 riktigt
597 1295 48 15 svar
667 1290 28 25 på
714 1287 79 27 frågan
812 1293 52 16 vara
879 1287 23 21 af
916 1287 60 26 afgö-

214 1321 66 22 rande
303 1321 109 28 betydelse
435 1323 34 21 vid
493 1323 160 22 bestämmande
669 1323 23 21 af
706 1322 75 22 hvilka
797 1321 24 22 af
834 1321 27 22 de
877 1321 77 27 många
969 1321 7 21 i

214 1356 37 21 det
266 1356 46 21 inre
328 1356 73 22 landet
415 1357 8 21 i
437 1363 50 21 nyss
503 1357 87 27 angifna
605 1357 180 26 hufvudriktning
801 1356 124 27 föreslagna
939 1355 36 22 ba-

213 1395 69 16 norna
304 1390 53 21 eller
380 1391 73 21 hvilka
475 1392 59 21 delar
557 1391 22 22 af
599 1392 108 21 desamma
731 1390 35 22 till
785 1396 27 15 en
833 1390 74 27 början
924 1390 52 21 böra

214 1424 87 28 byggas.
331 1425 38 21 Att
388 1425 161 27 jernvägsnätet
572 1426 39 21 sist
630 1425 39 22 och
689 1425 103 26 slutligen
808 1424 39 21 hos
864 1430 42 20 oss,
923 1424 53 21 lika-

282 1474 181 24 Jernvägsutskottets
475 1476 110 18 betänkande
597 1476 38 18 N:o
647 1476 18 17 2.
