1073 1742
141 358 30 17 3:0

198 188 28 19 20
384 186 279 23 Petitionsbetänkande
679 187 43 22 N:o
738 186 37 22 13.

199 250 128 21 domstolar
346 251 44 20 och
406 250 252 28 ämbetsmyndigheter
672 250 8 21 i
695 250 80 21 landet
789 250 79 20 vända
883 250 33 26 sig
932 250 29 27 pä

199 284 99 21 svenska
314 285 54 20 eller
383 285 75 20 finska
474 285 99 27 spräket,
586 285 43 20 har
640 285 115 20 Utskottet
765 284 111 21 likaledes
888 286 74 18 ansett

199 318 56 21 böra
277 319 135 26 godkännas
435 319 53 20 med
504 325 28 14 en
549 319 96 26 mindre,
661 318 143 21 redaktionel
821 318 138 26 förändring.

272 353 9 20 I
303 353 71 27 tredje
395 353 111 28 punkten,
529 353 95 21 hvilken
647 353 129 21 innehäller
794 353 166 26 hufvudregeln

199 387 141 21 beträffande
356 387 92 28 spräket
464 387 6 21 i
487 387 112 27 utgäende
615 387 164 28 expeditioner,
793 387 43 20 har
848 387 113 20 Utskottet

199 421 50 21 icke
272 421 95 27 vidtagit
391 421 76 27 nägon
490 421 104 27 ändring.
631 421 34 21 Dä
688 421 132 27 grunderna
843 421 35 20 för
900 421 61 20 detta

199 455 125 27 stadgande
340 456 70 21 redan
426 457 87 20 anförts
529 456 7 21 i
550 457 126 20 Utskottets
687 457 120 20 allmänna
818 455 142 26 motivering,

199 497 68 14 anser
282 490 33 27 sig
331 490 113 21 Utskottet
460 491 50 20 icke
525 491 99 20 behöfva
638 491 43 20 här
695 497 105 21 upprepa
816 490 67 21 dessa
894 495 66 21 grun-

198 524 47 27 der,
264 527 56 18 utan
335 525 40 20 vill
390 525 81 21 endast
486 525 92 26 tillägga
594 527 38 24 att,
648 525 74 20 ehuru
738 525 45 20 den
800 524 70 21 första
885 524 75 26 regeln

199 559 7 20 i
230 559 149 21 förevarande
400 559 39 21 fall
455 559 43 21 bör
519 566 55 14 vara
589 559 52 27 den,
657 561 32 19 att
704 559 132 27 expedition
853 559 58 20 skall
927 558 33 20 till

199 593 108 26 sakegare
323 593 102 22 utfärdas
440 594 31 27 pä
486 594 38 21 det
539 594 77 27 spräk,
633 594 99 21 svenska
746 593 55 21 eller
816 593 82 26 finska,
910 599 50 14 som

198 627 26 20 af
237 628 88 21 honom
342 628 123 27 begagnats,
481 628 76 21 denna
573 629 59 26 regel
646 628 71 21 likväl
728 627 111 21 behöfver
851 627 110 27 komplet-

199 664 60 19 teras
282 662 53 21 med
358 669 27 14 en
406 663 152 26 bestämning,
575 669 50 14 som
641 663 72 26 gifver
728 662 125 27 sakegaren
871 663 43 19 rätt
929 663 32 18 att

199 696 57 21 äska
272 696 172 27 expeditionens
460 697 132 26 utgifvande
608 697 30 27 pä
653 697 38 20 det
707 696 73 21 andra
792 696 98 27 spräket.
907 695 53 20 Dels

199 730 47 21 kan
268 730 37 21 det
327 731 116 26 nämligen
460 731 6 20 i
483 731 88 21 sädana
586 731 47 26 fall,
649 731 30 20 dä
694 733 52 25 part
761 730 128 27 muntligen
905 730 55 21 före-

198 764 82 27 drager
302 765 34 21 sin
360 765 48 26 sak,
432 765 91 21 inträffa
546 768 32 18 att
593 766 47 20 han
656 765 25 21 af
694 766 93 26 hänsyn
804 764 108 21 särskildt
927 764 33 20 till

199 801 101 25 motpart
315 800 54 20 eller
384 800 86 20 vittnen
486 800 115 26 begagnar
617 799 38 21 det
670 799 77 28 språk,
765 806 49 14 som
832 799 18 27 ej
866 800 25 19 är
901 799 59 20 hans

199 833 147 27 modersmål,
363 835 54 20 eller
432 834 44 21 ock
492 834 119 21 använder
627 834 60 21 båda
703 834 100 28 språken
817 833 107 26 växelvis,
936 832 24 21 sä

199 870 32 18 att
254 868 44 20 den
314 868 86 20 nämda
416 869 75 26 regeln
507 868 19 27 ej
543 869 70 25 gifver
629 869 67 20 säker
711 868 94 26 ledning
821 868 35 20 för
871 867 89 27 expedi-

199 902 161 27 tionsspråket,
382 902 48 21 dels
450 902 45 21 kan
512 903 46 20 han
575 902 69 21 hafva
660 902 49 21 låtit
725 902 76 20 utföra
817 902 35 20 sin
869 901 41 21 sak
926 906 34 21 ge-

198 943 56 14 nom
278 938 31 19 ett
331 936 107 27 tillfälligt
460 937 95 26 ombud,
582 944 50 14 som
648 936 81 21 därvid
746 936 19 27 ej
782 936 112 26 begagnat
910 936 49 20 sak-

198 976 95 21 egarens
310 971 75 27 språk,
402 973 55 19 utan
473 971 37 21 det
525 971 73 21 andra
611 971 122 21 inhemska
745 970 149 27 tungomålet.
915 970 45 20 För

199 1007 32 19 att
254 1005 137 27 sakegarens
412 1007 44 19 rätt
478 1008 32 18 att
528 1005 7 21 i
551 1005 67 21 dessa
634 1006 39 20 fall
688 1005 48 21 utfå
753 1004 161 28 expeditionen
930 1004 30 27 på

199 1039 38 21 sitt
260 1042 48 24 eget
329 1040 69 26 språk
421 1040 38 20 må
480 1040 72 20 varda
574 1040 138 26 tillbörligen
728 1039 144 27 garanterad,
887 1038 72 22 måste

198 1074 89 20 honom
307 1074 78 20 därför
405 1074 102 26 tilläggas
527 1074 172 26 befogenheten,
723 1076 33 18 att
775 1074 44 20 hos
830 1073 129 21 domstolen

198 1108 55 20 eller
276 1108 163 26 myndigheten
462 1108 57 20 äska
542 1108 173 27 expeditionens
736 1108 126 20 affattande
878 1107 29 27 på
923 1107 37 21 det

198 1148 43 14 ena
258 1142 54 20 eller
327 1142 73 20 andra
418 1142 98 28 språket,
532 1142 88 21 hvilket
638 1142 146 26 naturligtvis
799 1142 50 20 icke
865 1142 95 20 hindrar

198 1182 29 14 en
250 1176 75 21 direkt
347 1176 62 27 fråga
432 1176 51 21 från
506 1176 177 28 myndighetens
706 1176 58 26 sida,
786 1176 42 20 där
843 1182 28 14 en
887 1176 73 20 sådan

198 1210 111 21 behöfver
324 1212 72 25 göras.

269 1244 81 21 Såsom
366 1245 25 20 af
404 1245 37 21 det
457 1245 69 25 sagda
542 1245 63 21 torde
622 1245 94 26 framgå,
733 1246 41 20 äro
785 1244 67 21 dessa
863 1244 97 20 bestäm-

198 1278 84 27 ningar
303 1279 159 21 uttömmande
485 1280 35 20 för
539 1279 37 21 det
591 1279 46 27 fall,
654 1286 50 14 som
720 1279 44 20 här
779 1278 67 27 afses,
862 1278 54 21 eller
930 1278 30 21 då

198 1313 83 21 endast
302 1320 29 14 en
354 1313 102 21 kärande
479 1314 54 20 eller
553 1314 102 20 sökande
671 1314 83 25 finnes,
771 1315 60 19 samt
846 1312 114 27 medgifva

198 1346 50 22 icke
271 1347 75 27 någon
362 1348 177 27 komplettering
554 1353 83 21 genom
652 1346 175 27 bestämningar
842 1346 118 27 angående

198 1381 233 27 kommunalspråket
452 1394 28 2 —
495 1382 76 20 därest
594 1388 54 14 man
672 1382 50 20 icke
746 1381 41 21 vill
809 1381 78 20 afvika
909 1381 51 20 från

198 1415 45 21 den
258 1416 43 20 här
316 1415 71 27 följda
402 1416 119 27 principen
538 1416 44 20 och
598 1416 66 20 ställa
680 1416 33 26 sig
729 1415 31 27 på
776 1422 28 14 en
820 1415 48 21 helt
882 1421 78 14 annan

198 1449 81 26 grund.
311 1449 35 21 Då
368 1449 78 21 därför
467 1449 7 21 i
494 1449 169 22 reservationen
680 1449 8 20 I
705 1449 97 21 föreslås
818 1451 31 18 ett
863 1449 97 26 tilläggs-

199 1483 126 26 stadgande
348 1483 33 21 till
405 1483 76 21 denna
500 1484 75 27 punkt
591 1484 25 20 af
629 1483 37 21 det
681 1483 112 26 innehåll,
811 1485 45 18 »att
871 1483 89 27 expedi-
