1056 1728
233 130 13 20 2

204 199 88 23 Iisalmi,
307 200 49 19 med
371 206 26 13 en
411 200 65 26 längd
492 200 23 20 af
528 200 67 20 omkr.
614 200 39 20 165
669 200 43 20 km.
740 198 55 22 Från
811 198 71 28 någon
897 200 68 26 lämp-

204 228 31 26 lig
250 228 67 26 punkt
330 229 23 19 af
361 228 70 20 denna
446 229 54 19 bana
514 229 72 20 kunde
601 236 27 13 en
643 229 77 20 bibana
736 229 77 25 dragas
828 228 33 20 till
876 228 89 20 Vuotto-

204 257 54 19 lahti
273 256 35 20 vid
323 256 53 21 Uleå
391 258 65 19 träsk.

273 285 73 20 Redan
368 292 26 14 en
416 286 74 20 okulär
510 287 161 25 undersökning
689 287 86 19 komme
790 287 31 19 att
836 286 129 20 vidhanden-

205 314 65 26 gifva,
293 316 31 18 att
347 315 39 19 den
405 315 147 20 förstnämnda
568 316 126 19 alternativa
710 315 152 26 sträckningen
877 321 88 19 genom-

205 343 59 25 löper
286 343 85 24 trakter,
386 344 7 19 i
408 344 73 19 hvilka
504 343 60 20 såväl
586 344 241 25 terrasseringsarbeten
843 349 47 14 som
904 344 61 19 broar

206 371 69 20 blefve
297 373 77 25 ytterst
394 373 124 26 obetydliga
539 373 41 19 och
602 373 61 19 torde
686 373 40 19 den
749 373 69 19 derför
833 372 86 20 komma
935 373 30 18 att

205 400 75 19 utfalla
302 401 96 26 billigare
421 402 27 19 än
463 400 71 27 någon
550 401 40 20 hos
606 408 36 13 oss
658 401 107 20 härintills
781 401 74 26 byggd
867 401 98 26 jernväg,

204 435 49 13 men
274 429 85 21 komme
381 430 40 19 den
442 430 66 19 likväl
524 431 31 18 att
570 431 7 18 i
593 431 39 19 den
649 430 109 20 allmänna
772 430 90 19 trafiken
877 429 89 26 indraga

205 463 44 20 nya
264 457 100 21 områden
379 458 33 20 till
427 459 78 20 båtnad
526 459 32 20 för
571 459 126 25 jordbruket
712 459 41 20 och
768 458 196 27 boskapsskötseln.

273 487 42 26 Jag
337 486 65 27 vågar
425 487 81 20 derföre
528 488 124 26 ödmjukast
675 487 93 23 anhålla,
790 489 31 18 att
841 487 36 20 det
891 487 74 20 heder-

205 515 66 20 värda
294 515 88 20 Ständet
404 516 49 20 ville
475 516 108 20 remittera
606 517 69 19 denna
698 517 44 19 min
758 516 89 26 petition
861 516 32 19 till
907 516 58 25 jern-

204 544 159 26 vägsutskottet
385 545 48 20 med
455 545 129 20 hemställan
605 552 41 17 om,
662 547 31 18 att
709 546 7 19 i
731 545 104 20 händelse
850 545 115 20 Savolaks-

204 572 71 21 banan
290 573 95 20 kommer
400 575 31 18 att
445 574 110 19 fortsättas
571 575 55 19 ända
641 574 33 19 till
689 574 85 25 Kajana

411 633 32 18 att
449 631 61 20 Hans
515 631 130 26 Kejserliga
652 631 105 26 Majestät
763 631 54 19 ville
823 631 45 19 låta
876 630 89 20 okulärt

343 659 123 20 undersöka
478 666 26 14 en
512 660 102 26 jernväg
627 660 53 19 från
696 659 138 21 Brahestads
848 659 66 20 hamn
928 659 37 19 till

342 688 69 26 Lappi
429 689 192 25 jernvägsstation
636 691 57 17 samt
708 689 54 19 från
780 688 91 19 Ruukki
885 688 80 19 station

342 723 55 13 norr
407 723 33 13 om
451 716 114 26 Siikajoki
575 717 37 20 elf
617 724 79 19 genom
706 716 117 20 Frantsila
833 716 38 20 och
879 716 87 20 Kestilä

345 746 96 19 socknar
463 746 37 19 till
527 746 131 19 Vuottolahti
674 746 38 19 vid
730 746 54 19 Uleä
798 745 65 19 träsk
878 744 39 20 och
932 744 33 19 vi-

343 773 53 20 dare
409 774 37 19 till
456 774 93 25 Kajana,
560 774 49 20 med
622 775 122 19 beaktande
759 773 29 20 af
791 773 92 20 landets
890 773 76 26 odling

342 802 38 19 och
395 802 175 27 odlingsbarhet;

205 864 50 13 men
272 858 8 19 i
294 858 102 21 händelse
412 858 174 22 Savolaksbanan
602 860 47 20 icke
664 860 124 20 utsträckes
803 859 119 26 nordligare
938 860 27 19 än

204 887 33 19 till
253 887 86 24 Iisalmi,

412 930 32 17 att
459 934 26 14 en
501 929 81 19 okulär
599 929 169 26 undersökning
783 928 8 19 i
806 934 83 13 samma
904 928 61 26 syfte

342 957 67 19 mätte
431 957 139 20 verkställas
590 957 37 20 för
649 963 26 14 en
691 958 57 19 bana
762 957 54 20 frän
831 956 136 20 Brahestads

343 985 66 20 hamn
429 992 78 20 genom
527 986 94 24 Vihanti,
637 986 110 19 Pulkkila
763 985 38 20 och
816 985 98 26 Piippola
929 985 37 20 till

343 1013 91 20 Iisalmi.

274 1064 9 18 I
295 1064 102 20 händelse
409 1065 39 20 den
459 1065 88 20 okulära
561 1066 189 26 undersökningen
766 1071 37 20 ger
818 1066 30 18 ett
863 1066 102 25 gynsamt

205 1092 89 20 resultat
309 1093 64 20 borde
387 1094 74 20 vidare

412 1152 26 14 en
466 1146 155 20 instrumental
652 1146 169 26 undersökning
849 1145 28 20 af
903 1145 63 20 dessa

343 1175 163 26 sträckningar
521 1175 138 20 verkställas
673 1176 58 19 samt

409 1227 132 25 proposition
561 1233 33 13 om
618 1227 84 19 banans
723 1226 120 26 byggande
865 1225 101 27 föreläg-

341 1260 43 20 gas
399 1254 123 20 Ständerna
537 1256 37 19 vid
588 1257 64 18 nästa
666 1255 115 25 landtdag.

275 1310 133 27 Helsingfors
424 1312 19 19 d.
460 1312 12 20 5
489 1312 89 20 februari
596 1312 60 20 1897.

636 1368 42 23 Joh.
695 1368 98 27 Haanpää.

535 1402 128 22 Representant
674 1402 28 17 för
714 1400 83 22 Piippola
809 1400 87 22 domsaga.

384 1448 93 18 Helsingfors
487 1449 38 13 1897.
545 1448 93 17 Helsingfors
648 1447 146 18 Central-tryckeri.
