1092 1734
305 216 178 18 Ekonomiutskottets
495 217 111 18 betänkande
618 217 35 18 N:o
665 218 21 16 21
699 217 6 17 i
717 216 94 23 anledning
819 217 19 17 af
846 217 25 17 ett
879 217 47 17 inom

237 244 129 23 Ridderskapet
383 245 32 17 och
433 245 57 18 Adeln
508 246 51 17 väckt
574 246 142 22 motionsförslag
733 246 90 22 angående
836 245 89 18 inskränk-

236 273 42 23 ning
290 273 6 17 i
308 274 47 17 vissa
366 274 32 17 fall
410 274 18 17 af
440 274 76 18 handels
528 274 117 22 bedrifvande
656 280 65 17 genom
729 274 48 18 barn
786 274 33 17 och
827 274 100 23 omyndiga

233 298 87 32 POYSONOF
344 298 17 32 co
374 298 15 32 as
402 298 32 32 ass
458 316 33 4 am
516 316 4 4 a
545 317 4 4 e
573 317 34 4 mM
655 317 10 4 m
689 298 18 32 Ro
717 298 34 32 MOR
776 316 5 4 a
807 316 3 4 1
835 316 4 4 R
864 317 31 3 HE
921 317 4 3 E

374 331 82 18 Finlands
468 332 85 17 Ständers
564 332 121 22 underdäniga
697 332 79 22 petition.

304 360 46 22 Lag-
369 360 33 18 och
420 360 181 19 Ekonomiutskottets
617 360 110 18 betänkande
745 360 34 18 N:o
792 360 10 18 9
814 360 6 17 i
832 360 94 23 anledning

235 388 20 18 af
272 389 26 17 ett
312 389 47 17 inom
378 389 148 23 Borgareständet
543 389 100 18 framstäldt
655 389 142 22 motionsförslag
808 390 74 16 rörande
895 390 30 16 än-

235 416 51 23 dring
297 418 19 17 af
327 418 11 17 2
350 418 33 17 och
395 418 10 18 3
418 423 71 13 momm.
502 418 22 18 33
536 419 6 22 $
553 418 6 17 i
569 418 124 23 förordningen
702 423 29 13 om
739 418 116 22 näringarne
863 418 19 18 af
891 418 34 18 den

234 445 23 18 31
270 441 51 32 Mars
332 446 43 18 1879
404 460 3 4 .
432 460 61 4 ov.
777 444 34 30 «or
835 460 60 4 rss
920 459 5 5 6

373 471 83 31 Finlands
469 456 82 46 Ständers
563 461 121 37 underdåniga
691 460 84 38 ”petition.

303 503 45 23 Lag-
368 504 32 17 och
418 504 179 18 Ekonomiutskottets
610 504 110 18 betänkande
734 504 33 18 N:o
780 504 22 18 16
814 504 5 17 i
832 504 94 22 anledning

235 531 20 17 af
273 532 25 17 ett
315 532 6 17 i
334 532 127 23 Ridderskapet
479 533 33 17 och
522 533 56 18 Adeln
591 533 52 18 väckt
655 533 66 23 förslag
732 533 27 17 till
771 533 65 17 motion
849 538 27 12 om
889 533 36 17 för-

236 560 78 24 ordning,
330 561 121 18 innefattande
469 562 96 22 förklaring
583 562 19 18 af
619 562 63 23 nädiga
699 562 124 22 förordningen
835 562 90 22 angäende

237 588 87 24 reglering
342 590 19 17 af
375 591 141 22 presterskapets
529 591 85 22 aflöning
626 591 6 17 i
644 591 68 17 landets
725 590 199 23 evangelisk-lutherska

234 618 128 24 församlingar,
375 619 60 23 gifven
447 620 34 17 den
494 621 10 16 5
517 620 75 23 Augusti
605 620 58 18 1886
655 614 12 34 .

304 643 45 40 Lag-
368 648 33 17 och
419 649 179 18 Ekonomiutskottets
610 649 110 18 betänkande
732 634 34 32 N:o
775 634 42 32 si
813 655 6 11 i
831 633 93 38 anleäning

234 675 20 18 af
265 676 25 17 ett
302 675 7 19 i
320 676 132 19 Presteständet
464 677 52 18 väckt
526 677 143 23 motionsförslag
680 678 91 23 angående
783 677 114 18 anskaffande
905 677 18 18 af

236 704 39 18 smä
281 705 146 22 jordlägenheter
439 707 18 16 ät
469 706 33 17 den
516 707 39 16 lösa
567 706 128 23 befolkningen

302 733 180 19 Ekonomiutskottets
500 735 110 17 betänkande
623 735 34 17 N:o
668 735 22 18 31
703 735 6 17 i
721 719 96 38 anledning
829 719 19 33 af
860 715 25 46 ett
893 719 32 32 till

232 761 132 19 Bondeståndet
375 763 96 18 inlemnadt
483 763 140 23 motionsförslag
637 764 90 22 angående
743 763 180 22 dikningsnämnder

372 791 82 18 Finlands
467 792 85 18 Ständers
564 793 119 22 underdåniga
696 792 79 23 petition.

302 819 131 23 Lagutskottets
451 821 110 18 betänkande
578 821 35 18 N:o
633 821 21 18 13
671 821 6 17 i
695 821 96 22 anledning
808 821 19 17 af
839 821 25 17 ett
875 821 47 17 inom

233 847 147 23 Borgareständet
398 849 50 18 väckt
466 849 140 23 motionsförslag
624 855 28 13 om
668 850 74 22 ändring
754 850 19 17 af
790 850 4 17 1
808 855 51 12 mom.
873 849 10 17 2
895 850 10 22 &
917 849 6 18 i

231 876 64 23 nädiga
306 877 124 23 förordningen
442 879 34 17 den
490 879 21 17 15
520 878 50 23 April
580 879 45 17 1889
633 879 89 22 angäende
731 878 85 18 enskilda
819 878 104 22 järnvägar

232 905 28 17 för
272 905 64 18 allmän
349 907 104 17 samfärdsel
485 921 3 3 i.
514 921 3 3 .
543 920 3 4 .
571 920 3 4 .
686 921 5 4 5
775 920 33 4 rs
861 920 62 4 tt

370 935 84 18 Finlands
466 936 83 18 Ständers
561 921 119 37 underdäniga
692 921 72 33 motion;

974 302 18 18 8.

962 619 29 19 10.

961 707 29 16 11.

960 763 30 18 12.

961 907 29 19 13.

909 993 81 14 Petitions-

300 1026 180 19 FEkonomiutskottets
492 1027 111 18 betänkande
615 1028 33 18 N:o
661 1028 10 17 3
683 1028 6 16 i
701 1027 96 23 anledning
806 1027 19 18 af
837 1028 26 17 ett
875 1027 46 18 inom

231 1053 133 19 Bondeständet
376 1056 50 17 väckt
438 1056 147 22 petitionsförslag
600 1056 6 17 i
619 1056 47 22 syfte
679 1057 26 17 att
713 1056 120 23 Linnunsuo,
841 1056 47 17 inom
896 1056 26 18 S:t

230 1082 75 18 Michels
318 1083 32 17 och
363 1083 106 19 Haukivuori
482 1084 73 18 socknar
566 1084 73 23 belägna
651 1085 45 23 kärr,
709 1085 54 17 mätte
776 1084 23 23 pä
807 1084 114 18 statsverkets

232 1110 96 19 bekostnad
348 1112 106 18 undersökas
472 1113 28 17 för
518 1114 96 17 utredande
633 1114 18 16 af
669 1114 40 17 dess
728 1113 130 22 odlingsbarhet
876 1114 45 16 samt

231 1140 91 17 eventuelt
332 1140 57 18 förses
402 1142 40 17 med
454 1142 64 22 nödiga
529 1142 138 22 afloppskanaler
678 1142 28 17 för
718 1141 119 23 torrläggning
861 1155 3 4 .
889 1155 4 5 .
917 1155 4 4 .

299 1168 179 24 Järnvägsutskottets
494 1170 107 18 betänkande
614 1170 33 18 N:o
660 1170 11 17 2
683 1170 5 17 i
701 1170 94 22 anledning
807 1170 19 17 af
837 1170 84 18 särskilda

230 1196 27 18 till
278 1196 102 24 Höglofliga
399 1198 78 18 Ständen
494 1198 99 18 inlemnade
611 1199 94 22 petitioner
722 1198 90 23 angående
819 1198 101 23 järnvägs-

230 1221 108 32 byggnader
395 1241 31 3 ör
452 1241 32 4 rr
510 1241 31 4 rr
567 1241 32 4 rr
666 1241 48 4 rr
742 1240 32 4 rr
826 1240 36 4 Re
887 1241 32 4 ks

368 1255 69 23 Bilaga:
449 1255 60 18 Karta
517 1256 50 18 öfver
575 1256 170 18 Storfurstendömet
752 1255 75 18 Finland
835 1256 41 17 med
884 1256 35 17 fär-

448 1284 39 23 diga
499 1284 33 18 och
543 1284 100 23 föreslagna
654 1284 207 23 järnvägssträckningar.

367 1312 84 18 Finlands
464 1313 83 17 Ständers
558 1313 120 23 underdåniga
690 1313 79 23 petition.

298 1340 96 19 Allmänna
411 1341 181 18 Petitionsutskottets
610 1342 110 17 betänkande
738 1341 35 19 N:o
786 1342 8 17 1
807 1342 6 16 i
825 1341 95 23 anledning

228 1368 20 18 af
266 1374 22 12 en
306 1369 28 17 till
351 1369 131 19 Presteståndet
499 1370 88 19 inlemnad
603 1371 73 22 petition
688 1371 91 46 ki
792 1366 75 55 kyrkors
879 1370 39 46 för:

228 1397 64 18 seende
303 1398 42 17 med
358 1400 162 21 värmeapparater
534 1413 4 4 .
563 1413 4 4 .
709 1413 3 4 .
912 1412 4 5 .

368 1426 78 19 Rättelse
459 1427 26 18 till
497 1433 68 12 samma
577 1408 115 47 betänkande.

937 1010 30 14 bet.

971 1143 17 17 1.

968 1398 19 19 3.
