1056 1734
286 142 272 23 Petitionsbetänkande
573 143 42 21 N:o
630 143 21 21 2.
790 143 25 20 41

86 200 39 21 har
148 200 49 21 med
220 200 114 27 anledning
350 200 22 22 af
386 206 24 15 en
427 200 24 21 af
465 200 122 22 Ständerna
602 200 35 20 vid
655 199 54 22 1888
726 200 35 20 års
776 199 70 21 landt-

86 234 41 27 dag
150 234 61 28 gjord
233 234 134 28 underdånig
393 234 107 26 anhällan,
523 236 32 19 att
578 234 87 22 teknisk
688 233 158 27 undersökning

88 269 65 21 måtte
168 269 128 21 verkställas
311 268 33 22 för
356 269 101 27 jernvägs
472 269 90 21 ledande
578 268 59 22 öfver
647 268 154 26 vattendragen
812 267 34 21 vid

87 303 86 27 Nyslott
194 303 38 21 och
258 303 144 27 Punkaharju,
418 303 122 21 dåvarande
559 302 184 28 öfveringeniören
759 302 35 21 vid
810 297 37 26 Öf-

87 337 140 27 verstyrelsen
251 337 33 21 för
306 339 50 25 väg-
380 337 38 21 och
434 337 235 27 vattenbyggnaderna,
687 336 39 22 Th.
745 336 102 27 Tallqvist

88 372 22 20 år
141 372 55 21 1890
225 372 45 21 dels
297 372 95 26 -okulärt,
419 372 46 21 dels
491 372 161 21 instrumentalt
678 370 118 22 undersökt
821 376 25 15 en

88 406 50 21 linie
154 406 47 21 från
216 406 136 22 Pieksämäki
368 406 60 21 öfver
443 406 88 27 Nyslott
546 406 39 22 och
601 406 139 26 Punkaharju
755 405 32 21 till
803 404 43 22 Eli-

88 446 112 21 senvaara;
216 441 39 21 och
271 440 93 27 framgår
379 447 26 14 ur
420 441 41 20 den
478 441 60 21 öfver
553 441 157 26 förrättningen
721 440 79 27 afgifna
810 439 36 21 be-

87 475 109 26 rättelsen,
219 477 32 19 att
273 475 143 21 kostnaderna
436 475 33 21 för
485 482 25 14 en
527 475 60 28 längs
603 475 94 21 nämnda
712 474 50 21 linie
776 473 71 28 byggd

90 509 153 28 normalspårig
263 510 89 27 jernväg
374 509 22 22 af
414 510 98 27 omkring
529 510 41 21 186
586 510 35 21 km
637 509 65 27 längd
718 509 82 21 komme
815 510 32 19 att

89 543 57 27 stiga
160 544 33 21 till
208 544 89 27 ungefär
313 544 128 27 13,500,000
457 544 61 21 mark
534 544 51 21 eller
602 544 77 26 72,148
695 544 61 21 mark
766 549 38 21 per
816 543 31 20 ki-

88 578 96 22 lometer.
215 579 46 20 Den
284 579 163 20 instrumentala
469 579 187 26 undersökningen
676 577 125 22 inskränkte
816 577 31 26 sig

88 613 32 21 till
136 613 210 28 sjö-öfvergångarne
368 613 35 21 vid
421 613 88 28 Nyslott
528 613 39 21 och
583 613 138 27 Punkaharju
737 613 47 21 med
800 614 47 19 när-

89 649 55 19 mast
154 647 139 26 tillstötande,
305 648 85 21 svårare
401 649 93 25 terräng.
521 647 151 22 Kostnaderna
683 647 33 21 för
727 653 25 16 en
763 647 85 21 sträcka

89 681 22 21 af
130 682 11 21 7
157 681 36 22 km
208 681 35 22 vid
263 682 36 21 det
317 681 59 22 förra
393 682 74 21 stället
483 682 39 21 och
538 682 23 21 af
571 682 31 27 9,5
618 682 36 21 km
670 682 35 21 vid
721 682 36 21 det
773 687 74 16 senare

89 716 133 21 beräknades
240 716 32 21 till
291 717 112 25 3,054,801
426 717 68 21 mark.
525 717 32 21 På
575 717 170 20 föranstaltande
764 715 22 22 af
803 717 45 19 sär-

90 750 68 21 skilda
180 750 32 21 för
236 750 65 21 saken
320 751 144 21 intresserade
483 751 125 21 kommuner
626 751 40 21 och
685 751 28 26 på
731 751 61 20 deras
812 750 36 21 be-

90 784 91 21 kostnad
199 785 129 21 verkställde
347 785 122 22 sedermera
489 791 27 15 en
535 785 33 21 för
588 785 121 22 ändamålet
720 785 76 21 tillsatt
811 784 37 21 ko-

90 819 50 21 mité
165 819 68 21 under
256 821 86 25 prosten
367 819 120 22 Jalkanens
512 819 184 27 ordförandeskap
722 818 126 22 ekonomisk

90 853 157 27 undersökning
272 854 23 21 af
316 855 85 20 orterna
424 854 37 21 vid
483 854 116 22 omordade
619 853 152 29 jernvägslinie
794 854 55 20 samt

90 888 59 27 afgaf
164 888 32 21 för
212 888 31 21 sin
258 888 137 22 verksamhet
410 889 73 27 tryckt
498 889 143 26 redogörelse,
658 888 149 22 innehållande
823 893 25 15 en

92 922 76 27 mängd
189 923 119 21 statistiska
326 923 57 21 data.

159 957 73 27 Enligt
255 957 142 22 förordnande
420 958 24 20 af
465 958 59 27 Kejs.
548 958 92 21 Senaten
663 956 140 22 verkställdes
826 956 23 20 år

92 992 55 21 1895
162 992 68 21 under
244 992 95 26 ingeniör
354 992 47 21 Uno
417 992 98 28 Gyllings
531 992 183 26 ordförandeskap
726 990 124 22 ekonomisk

91 1026 159 28 undersökning
272 1026 33 21 för
327 1026 137 27 lämpligaste
486 1026 151 27 sträckningen
661 1026 22 21 af
701 1032 26 15 en
740 1026 109 26 jernvägs-

91 1060 51 22 linie
157 1060 47 22 från
218 1061 118 27 Jyväskylä
350 1067 77 21 genom
443 1061 139 22 Leivonmäki
593 1061 38 21 och
643 1061 76 21 Joutsa
730 1060 31 21 till
773 1058 77 28 Kieppi

91 1095 54 21 sund
160 1095 7 21 i
183 1095 142 28 Mäntyharju,
348 1095 110 21 äfvensom
483 1096 33 21 för
539 1102 26 14 en
581 1095 122 27 förgrening
719 1095 46 21 frän
781 1094 70 21 denna

90 1130 56 20 banu
161 1131 45 19 mot
226 1130 62 21 söder
302 1135 76 21 genom
394 1129 82 22 Gustaf
487 1130 74 21 Adolfs
572 1130 79 21 socken
662 1130 39 21 och
712 1129 91 21 Heinola
817 1128 33 21 till

91 1164 81 21 Lahtis.
197 1164 43 21 Och
257 1164 7 21 i
280 1164 153 26 sammanhang
445 1164 88 22 härmed
544 1164 54 27 egde
609 1170 24 15 en
645 1164 76 21 okulär
732 1162 119 27 besigtning

92 1198 22 21 af
128 1198 27 22 de
178 1198 120 28 föreslagna
320 1198 181 28 sträckningarna
523 1205 54 20 rum,
593 1198 88 22 hvarvid
696 1198 65 21 linien
776 1197 75 27 Jyväs-

91 1232 156 28 kylä—Kieppi
266 1233 133 21 beräknades
418 1233 23 21 få
459 1240 28 14 en
506 1233 64 27 längd
586 1233 23 21 af
623 1233 40 21 127
680 1232 39 22 och
735 1232 64 21 linien
814 1231 37 27 Jy-

92 1267 422 27 väskylä—
211 1262 81 37 Joutsa
297 1267 134 27 —Heinola—
439 1262 78 37 Lahtis
533 1267 23 21 af
574 1268 41 21 166
625 1267 43 21 km.
698 1267 74 21 Under
782 1266 69 21 förut-

92 1301 94 27 sättning
202 1301 22 22 af
239 1301 82 22 normal
332 1301 100 27 spårvidd
445 1302 40 21 och
498 1302 186 21 Savolaksbanans
695 1301 99 22 tekniska
805 1306 47 15 nor-

92 1342 44 15 mer
151 1336 7 20 i
174 1335 64 28 öfrigt
252 1341 82 22 uppges
347 1336 7 21 i
369 1336 352 27 undersökningskommissionens
737 1335 115 21 berättelse

92 1370 144 21 kostnaderna
257 1370 33 21 för
313 1370 40 21 den
377 1370 58 22 förra
458 1371 65 21 linien
542 1371 33 21 till
594 1371 115 26 8,128,000
724 1370 61 21 mark
800 1369 52 21 eller

92 1404 78 26 64,000
186 1405 59 20 mark
260 1411 39 20 per
313 1405 43 26 km,
372 1405 38 21 och
425 1405 34 21 för
471 1405 40 21 den
520 1411 75 16 senare
606 1405 65 21 linien
681 1405 32 20 till
726 1403 127 28 11,454,000

92 1439 60 21 mark
169 1439 51 21 eller
236 1439 78 26 89,000
329 1439 61 21 mark
405 1445 40 20 per
460 1439 44 21 km.

161 1489 180 23 Jernvägsutskottets
354 1489 113 18 betänkande
481 1490 36 17 N:o
529 1490 18 17 2.
