1067 1731
239 157 12 19 6
395 156 278 23 Petitionsbetänkande
688 156 45 23 N:o
749 156 22 22 6.

494 225 33 21 att
558 225 202 26 läraretjänsterna
793 225 8 20 i
831 225 64 26 tyska
921 224 38 21 och

420 261 98 26 franska
533 260 97 27 språken
646 260 63 22 såväl
725 261 37 21 vid
772 261 109 20 klassiska
891 261 69 26 lyceer

423 303 48 14 som
496 297 38 21 vid
559 297 190 26 normallyceerna
779 295 67 23 måtte
868 297 92 26 förenas

424 333 38 21 och
484 333 114 26 ombildas,
622 333 37 21 vid
683 333 26 21 de
729 333 67 27 förra
819 333 33 21 till
871 333 88 26 kollega-

423 369 93 26 tjänster
540 369 37 21 och
592 369 38 21 vid
645 369 26 21 de
686 375 78 15 senare
779 369 32 21 till
827 368 133 27 lektorstjän-

423 405 45 20 ster
483 405 9 20 i
507 405 63 26 tyska
586 405 38 21 och
637 405 96 26 franska
749 403 102 28 språken,
867 404 93 21 hvarvid

423 441 9 20 i
444 441 101 26 afseende
556 440 14 21 å
580 441 124 27 kompetens
715 441 37 21 och
763 441 118 21 lönevilkor
892 440 68 21 skulle

422 476 62 27 gälla
499 477 59 20 hvad
573 476 113 27 angående
702 477 75 26 dylika
793 476 92 27 tjänster
901 476 8 21 i
924 476 36 27 lag

424 513 28 20 är
468 512 110 27 stadgadt.

270 581 146 28 Helsingfors,
437 583 119 21 Allmänna
576 583 222 28 petitionsutskottet,
820 583 42 21 den
879 583 28 21 24
928 582 30 22 fe-

210 617 76 22 bruari
305 619 62 21 1897.

270 774 10 20 I
307 774 103 22 ärendets
437 775 135 27 behandling
598 775 66 22 hafva
691 774 102 28 deltagit:
813 774 146 22 ordföranden

210 808 121 29 Melander,
351 810 159 22 ledamöterne:
530 810 95 23 friherre
644 818 42 15 von
702 810 145 27 Willebrand,
864 810 96 22 friherre

210 844 25 22 E.
260 845 153 29 Cedercreutz,
433 846 96 22 friherre
546 853 41 15 von
604 846 121 27 Bonsdorff,
743 846 92 27 Heman,
852 846 108 27 Auvinen,

210 880 135 29 Päivärinta,
369 882 107 28 Andstén,
504 882 118 28 Sundwall,
646 883 109 27 Boisman,
781 882 96 27 Nyberg,
899 881 61 22 Hell-

211 919 75 22 ström,
311 917 105 29 Oittinen,
440 918 72 22 Perho
536 918 39 22 och
590 918 112 22 Jalkanen
718 920 57 20 samt
791 918 169 26 suppleanterne

211 952 25 22 U.
253 953 106 22 Lindelöf
372 954 40 21 och
428 954 125 22 Frenckell.

284 1483 109 19 Allmänna
405 1484 184 18 Petitionsutskottets
602 1483 117 19 betänkande
734 1483 36 18 N:o
783 1483 16 18 4.
