1073 1748
205 171 11 18 2
337 168 84 23 Ständ.
437 169 54 22 Pet.
507 182 27 2 —
550 169 173 23 Petitionsbet.
740 168 43 23 N:o
798 168 36 23 21.

206 241 105 28 tjenster
335 241 42 22 vid
397 241 167 29 gosskolorna
584 241 45 22 och
650 243 35 21 att
704 242 36 22 till
759 241 97 22 sådana
875 241 88 23 befatt-

206 275 92 30 ningar
316 276 143 26 utnämnas,
479 276 91 22 medan
590 276 110 22 kvinnor
719 276 64 22 blott
795 275 33 29 på
842 276 83 29 grund
939 277 24 21 af

206 310 56 22 dem
284 311 128 28 personelt
431 311 145 28 medgifven
596 311 103 28 dispens
718 311 87 22 kunna
825 311 62 22 söka
907 317 56 16 ena-

205 345 85 22 handa
318 345 111 29 tjenster.
468 345 138 29 Undantag
634 346 75 28 göres
729 345 90 23 endast
837 345 39 22 för
895 345 68 22 vissa

205 379 97 23 mindre
322 380 223 29 arvodestjenster,
566 380 36 22 till
621 380 100 23 hvilkas
741 380 124 22 skötande
876 375 87 27 Öfver-

205 414 124 29 styrelsen
348 415 39 21 för
401 414 179 23 skolväsendet
594 415 58 26 kan,
668 415 32 22 då
713 415 250 28 omständigheterna

205 449 92 22 sådant
315 449 139 26 föranleda,
474 449 122 22 förordna
615 449 98 30 kvinlig
731 450 91 25 lärare,
843 456 53 15 som
909 449 53 22 icke

205 483 100 22 erhållit
331 483 162 30 vederbörlig
515 484 103 28 dispens
638 484 57 22 från
715 485 42 21 sitt
776 484 58 26 kön,
854 484 108 22 hvarvid

205 518 64 22 dock
289 513 204 34 Öfverstyrelsen
512 519 47 22 bör
578 525 40 16 om
638 519 79 22 saken
736 519 47 22 hos
798 518 110 23 Senaten
922 525 40 15 an-

204 553 73 22 mäla.
316 553 48 22 Vid
393 553 181 22 seminarierna
602 553 38 22 stå
668 553 64 23 blott
761 560 30 15 en
814 553 40 22 del
872 553 90 22 lärare-

205 588 105 28 tjenster
329 589 84 27 öppna
433 587 38 23 för
488 588 118 27 kvinnor,
620 588 92 22 medan
726 588 43 23 vid
783 588 179 22 fruntimmers-

205 622 119 22 skolorna
337 623 46 22 och
393 622 333 29 fortbildningsläroverken
737 623 110 22 kvinnor
857 624 61 21 utan
928 623 34 21 in-

205 657 158 29 skränkning
383 657 86 22 kunna
489 657 96 22 ansöka
604 657 47 22 och
670 657 78 22 vinna
764 657 196 29 läraretjenster.

273 691 35 22 På
337 692 83 29 grund
449 692 24 22 af
501 692 155 22 förändrade
675 692 227 22 tidsförhållanden
922 699 40 15 an-

204 726 68 22 höllo
302 726 136 22 emellertid
469 727 68 22 1894
566 726 40 23 års
634 726 109 23 Ständer
771 727 8 21 i
803 726 159 29 underdånig

204 761 114 28 petition,
343 762 36 21 att
397 761 26 22 åt
441 761 96 22 kvinna
556 761 76 22 måtte
651 761 109 29 beviljas
779 761 182 22 vidsträcktare

204 796 50 21 rätt
273 796 33 21 än
324 795 124 22 härintills
469 797 35 20 att
522 797 62 21 utan
603 796 91 22 hinder
707 796 26 22 af
746 796 43 22 sitt
802 795 50 22 kön
867 795 94 22 ansöka

204 830 46 22 och
270 831 77 21 vinna
365 830 162 29 läraretjenst
546 830 42 22 vid
608 832 95 21 statens
723 830 85 23 skolor
827 830 46 22 och
892 830 69 22 semi-

204 865 92 22 narier.
334 865 137 22 Affordrad
501 865 131 22 utlåtande
663 865 7 22 i
707 865 87 27 saken,
823 865 138 22 hemstälde

204 894 205 34 Öfverstyrelsen
436 900 39 22 för
502 900 187 26 skolväsendet,
709 900 128 22 huruvida
860 900 21 28 ej
902 900 59 28 peti-

204 934 86 22 tionen
309 934 85 22 kunde
413 934 100 22 bifallas
532 934 108 22 sålunda
654 936 36 20 att
699 934 98 22 kvinna
807 934 154 22 förunnades

204 970 50 21 rätt
282 970 35 21 att
344 970 61 21 utan
433 969 90 22 hinder
551 969 25 22 af
603 969 42 22 sitt
663 969 51 22 kön
734 969 63 22 söka
817 970 64 21 samt
899 968 62 22 efter

204 1003 151 29 skicklighet
373 1004 46 22 och
438 1004 118 28 förtjenst
568 1004 78 22 vinna
659 1004 139 22 befordran
812 1003 36 22 till
857 1003 104 22 lektors-

204 1038 106 29 tjenster
333 1038 43 22 vid
395 1038 108 29 kvinligt
522 1038 162 22 seminarium
704 1039 65 21 samt
788 1038 36 22 till
844 1038 117 22 arvodes-

203 1072 190 29 läraretjenster
413 1072 8 22 i
440 1072 121 22 moderna
581 1072 85 28 språk,
687 1072 126 29 teckning,
834 1072 126 29 kalligrafi

203 1107 47 22 och
270 1107 64 29 sång
352 1107 43 22 vid
413 1107 83 29 lyceer
515 1107 46 22 och
580 1107 231 22 elementarskolor.
844 1107 55 21 Den
917 1114 44 14 un-

204 1142 141 29 derdåniga
371 1142 137 28 petitionen
535 1142 53 22 blef
615 1142 138 22 emellertid
781 1141 100 22 lemnad
900 1142 60 21 utan

204 1176 127 22 afseende.

273 1210 194 23 Ofvanberörda
497 1210 192 30 önskningsmäl
716 1217 41 16 om
785 1210 174 29 utsträckning

204 1246 25 22 af
247 1245 110 22 kvinnas
375 1247 50 20 rätt
445 1247 35 20 att
499 1245 95 22 erhälla
612 1245 228 29 lärarebefattning
856 1245 43 22 vid
913 1246 47 21 sta-

203 1283 55 20 tens
283 1281 120 22 läroverk
421 1281 47 22 har
486 1281 76 21 äfven
581 1281 43 21 vid
642 1280 177 22 innevarande
836 1280 124 28 landidag

202 1315 75 29 gifvit
296 1315 39 28 sig
353 1315 100 28 uttryck
472 1315 36 22 uti
527 1315 34 22 ett
574 1315 67 22 inom
656 1314 218 29 Borgareständet
887 1314 72 21 fram-

203 1350 77 22 stäldt
308 1349 95 30 förslag
431 1349 36 22 till
494 1349 161 29 underdänig
682 1349 107 28 petition
809 1348 95 26 därom,
925 1349 34 22 att

202 1384 97 22 kvinna
318 1384 76 22 måtte
413 1384 107 29 beviljas
540 1390 95 15 samma
654 1384 50 22 rätt
723 1390 55 15 som
797 1389 58 16 man
869 1384 36 21 att
918 1389 41 16 an-

202 1419 63 22 söka
289 1419 46 21 och
354 1419 77 22 vinna
450 1418 160 29 läraretjenst
629 1418 44 22 vid
692 1419 97 22 statens
809 1417 86 22 skolor
913 1417 46 22 och

202 1453 154 22 seminarier.
