<?xml version="1.0" encoding="UTF-8"?>
<alto xmlns="http://www.loc.gov/standards/alto/ns-v3#" xmlns:xlink="http://www.w3.org/1999/xlink" xmlns:xsi="http://www.w3.org/2001/XMLSchema-instance" xsi:schemaLocation="http://www.loc.gov/standards/alto/ns-v3# http://www.loc.gov/alto/v3/alto-3-0.xsd">
	<Description>
		<MeasurementUnit>pixel</MeasurementUnit>
		<sourceImageInformation>
			<fileName>/tmp/tess_5czndi7w_input.PNG</fileName>
		</sourceImageInformation>
		<OCRProcessing ID="OCR_0">
			<ocrProcessingStep>
				<processingSoftware>
					<softwareName>tesseract 5.3.4</softwareName>
				</processingSoftware>
			</ocrProcessingStep>
		</OCRProcessing>
	</Description>
	<Layout>
		<Page WIDTH="1070" HEIGHT="1745" PHYSICAL_IMG_NR="0" ID="page_0">
			<PrintSpace HPOS="0" VPOS="0" WIDTH="1070" HEIGHT="1745">
				<ComposedBlock ID="cblock_0" HPOS="188" VPOS="173" WIDTH="581" HEIGHT="37">
					<TextBlock ID="block_0" HPOS="188" VPOS="173" WIDTH="581" HEIGHT="37">
						<TextLine ID="line_0" HPOS="188" VPOS="173" WIDTH="581" HEIGHT="37">
							<String ID="string_0" HPOS="188" VPOS="173" WIDTH="32" HEIGHT="37" WC="0.96" CONTENT="40"/><SP WIDTH="158" VPOS="173" HPOS="220"/>
							<String ID="string_1" HPOS="378" VPOS="178" WIDTH="279" HEIGHT="24" WC="0.91" CONTENT="Petitionsbetänkande"/><SP WIDTH="15" VPOS="178" HPOS="657"/>
							<String ID="string_2" HPOS="672" VPOS="178" WIDTH="46" HEIGHT="24" WC="0.95" CONTENT="N:o"/><SP WIDTH="15" VPOS="178" HPOS="718"/>
							<String ID="string_3" HPOS="733" VPOS="179" WIDTH="36" HEIGHT="22" WC="0.96" CONTENT="13."/>
						</TextLine>
					</TextBlock>
				</ComposedBlock>
				<ComposedBlock ID="cblock_1" HPOS="561" VPOS="427" WIDTH="320" HEIGHT="83">
					<TextBlock ID="block_1" HPOS="561" VPOS="427" WIDTH="320" HEIGHT="83">
						<TextLine ID="line_1" HPOS="702" VPOS="427" WIDTH="179" HEIGHT="27">
							<String ID="string_4" HPOS="702" VPOS="427" WIDTH="179" HEIGHT="27" WC="0.91" CONTENT="(Öfversättning)."/>
						</TextLine>
						<TextLine ID="line_2" HPOS="561" VPOS="489" WIDTH="26" HEIGHT="21">
							<String ID="string_5" HPOS="561" VPOS="489" WIDTH="26" HEIGHT="21" WC="0.86" CONTENT="I."/>
						</TextLine>
					</TextBlock>
				</ComposedBlock>
				<ComposedBlock ID="cblock_2" HPOS="189" VPOS="551" WIDTH="761" HEIGHT="952">
					<TextBlock ID="block_2" HPOS="192" VPOS="551" WIDTH="758" HEIGHT="370">
						<TextLine ID="line_3" HPOS="262" VPOS="551" WIDTH="688" HEIGHT="28">
							<String ID="string_6" HPOS="262" VPOS="552" WIDTH="44" HEIGHT="20" WC="0.96" CONTENT="Det"/><SP WIDTH="13" VPOS="552" HPOS="306"/>
							<String ID="string_7" HPOS="319" VPOS="551" WIDTH="34" HEIGHT="21" WC="0.96" CONTENT="till"/><SP WIDTH="11" VPOS="551" HPOS="353"/>
							<String ID="string_8" HPOS="364" VPOS="552" WIDTH="171" HEIGHT="26" WC="0.96" CONTENT="handläggning"/><SP WIDTH="11" VPOS="552" HPOS="535"/>
							<String ID="string_9" HPOS="546" VPOS="552" WIDTH="7" HEIGHT="20" WC="0.96" CONTENT="i"/><SP WIDTH="11" VPOS="552" HPOS="553"/>
							<String ID="string_10" HPOS="564" VPOS="552" WIDTH="110" HEIGHT="21" WC="0.93" CONTENT="utskottet"/><SP WIDTH="10" VPOS="552" HPOS="674"/>
							<String ID="string_11" HPOS="684" VPOS="552" WIDTH="141" HEIGHT="27" WC="0.92" CONTENT="hänskjutna"/><SP WIDTH="9" VPOS="552" HPOS="825"/>
							<String ID="string_12" HPOS="834" VPOS="552" WIDTH="116" HEIGHT="27" WC="0.91" CONTENT="petitions-"/>
						</TextLine>
						<TextLine ID="line_4" HPOS="193" VPOS="585" WIDTH="756" HEIGHT="28">
							<String ID="string_13" HPOS="193" VPOS="585" WIDTH="107" HEIGHT="27" WC="0.93" CONTENT="förslaget"/><SP WIDTH="20" VPOS="585" HPOS="300"/>
							<String ID="string_14" HPOS="320" VPOS="586" WIDTH="59" HEIGHT="20" WC="0.91" CONTENT="afser"/><SP WIDTH="22" VPOS="586" HPOS="379"/>
							<String ID="string_15" HPOS="401" VPOS="593" WIDTH="28" HEIGHT="14" WC="0.93" CONTENT="en"/><SP WIDTH="19" VPOS="593" HPOS="429"/>
							<String ID="string_16" HPOS="448" VPOS="586" WIDTH="55" HEIGHT="21" WC="0.92" CONTENT="»fast"/><SP WIDTH="12" VPOS="586" HPOS="503"/>
							<String ID="string_17" HPOS="515" VPOS="586" WIDTH="44" HEIGHT="21" WC="0.93" CONTENT="och"/><SP WIDTH="15" VPOS="586" HPOS="559"/>
							<String ID="string_18" HPOS="574" VPOS="586" WIDTH="169" HEIGHT="21" WC="0.92" CONTENT="beståndande»"/><SP WIDTH="20" VPOS="586" HPOS="743"/>
							<String ID="string_19" HPOS="763" VPOS="586" WIDTH="90" HEIGHT="27" WC="0.96" CONTENT="lösning"/><SP WIDTH="15" VPOS="586" HPOS="853"/>
							<String ID="string_20" HPOS="868" VPOS="586" WIDTH="25" HEIGHT="21" WC="0.96" CONTENT="af"/><SP WIDTH="12" VPOS="586" HPOS="893"/>
							<String ID="string_21" HPOS="905" VPOS="586" WIDTH="44" HEIGHT="22" WC="0.96" CONTENT="den"/>
						</TextLine>
						<TextLine ID="line_5" HPOS="193" VPOS="620" WIDTH="756" HEIGHT="28">
							<String ID="string_22" HPOS="193" VPOS="626" WIDTH="16" HEIGHT="14" WC="0.96" CONTENT="s."/><SP WIDTH="17" VPOS="626" HPOS="209"/>
							<String ID="string_23" HPOS="226" VPOS="620" WIDTH="22" HEIGHT="20" WC="0.93" CONTENT="k."/><SP WIDTH="17" VPOS="620" HPOS="248"/>
							<String ID="string_24" HPOS="265" VPOS="620" WIDTH="155" HEIGHT="27" WC="0.96" CONTENT="språkfrågan."/><SP WIDTH="32" VPOS="620" HPOS="420"/>
							<String ID="string_25" HPOS="452" VPOS="621" WIDTH="45" HEIGHT="21" WC="0.96" CONTENT="Vår"/><SP WIDTH="15" VPOS="621" HPOS="497"/>
							<String ID="string_26" HPOS="512" VPOS="621" WIDTH="69" HEIGHT="21" WC="0.96" CONTENT="tanke"/><SP WIDTH="16" VPOS="621" HPOS="581"/>
							<String ID="string_27" HPOS="597" VPOS="622" WIDTH="25" HEIGHT="19" WC="0.96" CONTENT="är"/><SP WIDTH="15" VPOS="622" HPOS="622"/>
							<String ID="string_28" HPOS="637" VPOS="620" WIDTH="131" HEIGHT="27" WC="0.96" CONTENT="emellertid,"/><SP WIDTH="17" VPOS="620" HPOS="768"/>
							<String ID="string_29" HPOS="785" VPOS="623" WIDTH="32" HEIGHT="19" WC="0.96" CONTENT="att"/><SP WIDTH="15" VPOS="623" HPOS="817"/>
							<String ID="string_30" HPOS="832" VPOS="621" WIDTH="117" HEIGHT="27" WC="0.96" CONTENT="förslagets"/>
						</TextLine>
						<TextLine ID="line_6" HPOS="192" VPOS="654" WIDTH="757" HEIGHT="28">
							<String ID="string_31" HPOS="192" VPOS="654" WIDTH="152" HEIGHT="21" WC="0.91" CONTENT="realiserande"/><SP WIDTH="9" VPOS="654" HPOS="344"/>
							<String ID="string_32" HPOS="353" VPOS="654" WIDTH="125" HEIGHT="28" WC="0.96" CONTENT="ingalunda"/><SP WIDTH="9" VPOS="654" HPOS="478"/>
							<String ID="string_33" HPOS="487" VPOS="655" WIDTH="74" HEIGHT="21" WC="0.96" CONTENT="skulle"/><SP WIDTH="9" VPOS="655" HPOS="561"/>
							<String ID="string_34" HPOS="570" VPOS="655" WIDTH="73" HEIGHT="21" WC="0.96" CONTENT="förmå"/><SP WIDTH="9" VPOS="655" HPOS="643"/>
							<String ID="string_35" HPOS="652" VPOS="655" WIDTH="162" HEIGHT="21" WC="0.96" CONTENT="åstadkomma"/><SP WIDTH="11" VPOS="655" HPOS="814"/>
							<String ID="string_36" HPOS="825" VPOS="655" WIDTH="124" HEIGHT="27" WC="0.96" CONTENT="någonting"/>
						</TextLine>
						<TextLine ID="line_7" HPOS="193" VPOS="688" WIDTH="756" HEIGHT="28">
							<String ID="string_37" HPOS="193" VPOS="688" WIDTH="25" HEIGHT="20" WC="0.93" CONTENT="så"/><SP WIDTH="16" VPOS="688" HPOS="218"/>
							<String ID="string_38" HPOS="234" VPOS="688" WIDTH="128" HEIGHT="22" WC="0.88" CONTENT="storartadt."/><SP WIDTH="23" VPOS="688" HPOS="362"/>
							<String ID="string_39" HPOS="385" VPOS="690" WIDTH="67" HEIGHT="20" WC="0.96" CONTENT="Först"/><SP WIDTH="15" VPOS="690" HPOS="452"/>
							<String ID="string_40" HPOS="467" VPOS="690" WIDTH="44" HEIGHT="20" WC="0.97" CONTENT="och"/><SP WIDTH="16" VPOS="690" HPOS="511"/>
							<String ID="string_41" HPOS="527" VPOS="690" WIDTH="80" HEIGHT="20" WC="0.96" CONTENT="främst"/><SP WIDTH="15" VPOS="690" HPOS="607"/>
							<String ID="string_42" HPOS="622" VPOS="691" WIDTH="26" HEIGHT="19" WC="0.96" CONTENT="är"/><SP WIDTH="15" VPOS="691" HPOS="648"/>
							<String ID="string_43" HPOS="663" VPOS="689" WIDTH="37" HEIGHT="21" WC="0.96" CONTENT="det"/><SP WIDTH="10" VPOS="689" HPOS="700"/>
							<String ID="string_44" HPOS="710" VPOS="689" WIDTH="101" HEIGHT="27" WC="0.96" CONTENT="område,"/><SP WIDTH="10" VPOS="689" HPOS="811"/>
							<String ID="string_45" HPOS="821" VPOS="689" WIDTH="33" HEIGHT="21" WC="0.96" CONTENT="till"/><SP WIDTH="9" VPOS="689" HPOS="854"/>
							<String ID="string_46" HPOS="863" VPOS="690" WIDTH="86" HEIGHT="20" WC="0.96" CONTENT="hvilket"/>
						</TextLine>
						<TextLine ID="line_8" HPOS="192" VPOS="722" WIDTH="757" HEIGHT="28">
							<String ID="string_47" HPOS="192" VPOS="722" WIDTH="177" HEIGHT="27" WC="0.92" CONTENT="petitionärerna"/><SP WIDTH="11" VPOS="722" HPOS="369"/>
							<String ID="string_48" HPOS="380" VPOS="723" WIDTH="54" HEIGHT="27" WC="0.96" CONTENT="vilja"/><SP WIDTH="13" VPOS="723" HPOS="434"/>
							<String ID="string_49" HPOS="447" VPOS="724" WIDTH="127" HEIGHT="20" WC="0.96" CONTENT="inskränka"/><SP WIDTH="11" VPOS="724" HPOS="574"/>
							<String ID="string_50" HPOS="585" VPOS="724" WIDTH="44" HEIGHT="20" WC="0.96" CONTENT="den"/><SP WIDTH="13" VPOS="724" HPOS="629"/>
							<String ID="string_51" HPOS="642" VPOS="724" WIDTH="26" HEIGHT="20" WC="0.28" CONTENT="af"/><SP WIDTH="4" VPOS="724" HPOS="668"/>
							<String ID="string_52" HPOS="672" VPOS="724" WIDTH="52" HEIGHT="20" WC="0.28" CONTENT="dem"/><SP WIDTH="9" VPOS="724" HPOS="724"/>
							<String ID="string_53" HPOS="733" VPOS="724" WIDTH="85" HEIGHT="20" WC="0.93" CONTENT="äskade"/><SP WIDTH="9" VPOS="724" HPOS="818"/>
							<String ID="string_54" HPOS="827" VPOS="723" WIDTH="122" HEIGHT="21" WC="0.92" CONTENT="ständerla-"/>
						</TextLine>
						<TextLine ID="line_9" HPOS="192" VPOS="757" WIDTH="757" HEIGHT="26">
							<String ID="string_55" HPOS="192" VPOS="762" WIDTH="49" HEIGHT="21" WC="0.96" CONTENT="gen,"/><SP WIDTH="16" VPOS="762" HPOS="241"/>
							<String ID="string_56" HPOS="257" VPOS="757" WIDTH="8" HEIGHT="21" WC="0.96" CONTENT="i"/><SP WIDTH="26" VPOS="757" HPOS="265"/>
							<String ID="string_57" HPOS="291" VPOS="758" WIDTH="142" HEIGHT="21" WC="0.96" CONTENT="förhållande"/><SP WIDTH="16" VPOS="758" HPOS="433"/>
							<String ID="string_58" HPOS="449" VPOS="758" WIDTH="34" HEIGHT="20" WC="0.96" CONTENT="till"/><SP WIDTH="24" VPOS="758" HPOS="483"/>
							<String ID="string_59" HPOS="507" VPOS="758" WIDTH="38" HEIGHT="21" WC="0.93" CONTENT="det"/><SP WIDTH="23" VPOS="758" HPOS="545"/>
							<String ID="string_60" HPOS="568" VPOS="758" WIDTH="95" HEIGHT="21" WC="0.92" CONTENT="afsedda"/><SP WIDTH="21" VPOS="758" HPOS="663"/>
							<String ID="string_61" HPOS="684" VPOS="758" WIDTH="132" HEIGHT="21" WC="0.93" CONTENT="ändamålet"/><SP WIDTH="15" VPOS="758" HPOS="816"/>
							<String ID="string_62" HPOS="831" VPOS="758" WIDTH="68" HEIGHT="20" WC="0.92" CONTENT="altför"/><SP WIDTH="14" VPOS="758" HPOS="899"/>
							<String ID="string_63" HPOS="913" VPOS="758" WIDTH="36" HEIGHT="20" WC="0.92" CONTENT="be-"/>
						</TextLine>
						<TextLine ID="line_10" HPOS="192" VPOS="792" WIDTH="757" HEIGHT="26">
							<String ID="string_64" HPOS="192" VPOS="792" WIDTH="115" HEIGHT="26" WC="0.92" CONTENT="gränsadt,"/><SP WIDTH="15" VPOS="792" HPOS="307"/>
							<String ID="string_65" HPOS="322" VPOS="792" WIDTH="44" HEIGHT="21" WC="0.96" CONTENT="och"/><SP WIDTH="16" VPOS="792" HPOS="366"/>
							<String ID="string_66" HPOS="382" VPOS="792" WIDTH="116" HEIGHT="21" WC="0.96" CONTENT="dessutom"/><SP WIDTH="17" VPOS="792" HPOS="498"/>
							<String ID="string_67" HPOS="515" VPOS="792" WIDTH="76" HEIGHT="21" WC="0.96" CONTENT="finnas"/><SP WIDTH="15" VPOS="792" HPOS="591"/>
							<String ID="string_68" HPOS="606" VPOS="792" WIDTH="71" HEIGHT="21" WC="0.96" CONTENT="bland"/><SP WIDTH="8" VPOS="792" HPOS="677"/>
							<String ID="string_69" HPOS="685" VPOS="792" WIDTH="28" HEIGHT="21" WC="0.96" CONTENT="de"/><SP WIDTH="11" VPOS="792" HPOS="713"/>
							<String ID="string_70" HPOS="724" VPOS="792" WIDTH="25" HEIGHT="21" WC="0.96" CONTENT="af"/><SP WIDTH="9" VPOS="792" HPOS="749"/>
							<String ID="string_71" HPOS="758" VPOS="792" WIDTH="53" HEIGHT="21" WC="0.96" CONTENT="dem"/><SP WIDTH="10" VPOS="792" HPOS="811"/>
							<String ID="string_72" HPOS="821" VPOS="792" WIDTH="128" HEIGHT="26" WC="0.96" CONTENT="föreslagna"/>
						</TextLine>
						<TextLine ID="line_11" HPOS="192" VPOS="826" WIDTH="756" HEIGHT="28">
							<String ID="string_73" HPOS="192" VPOS="826" WIDTH="203" HEIGHT="26" WC="0.91" CONTENT="bestämningarna"/><SP WIDTH="15" VPOS="826" HPOS="395"/>
							<String ID="string_74" HPOS="410" VPOS="826" WIDTH="94" HEIGHT="27" WC="0.96" CONTENT="sådana,"/><SP WIDTH="17" VPOS="826" HPOS="504"/>
							<String ID="string_75" HPOS="521" VPOS="834" WIDTH="50" HEIGHT="14" WC="0.97" CONTENT="som"/><SP WIDTH="16" VPOS="834" HPOS="571"/>
							<String ID="string_76" HPOS="587" VPOS="826" WIDTH="7" HEIGHT="21" WC="0.96" CONTENT="i"/><SP WIDTH="13" VPOS="826" HPOS="594"/>
							<String ID="string_77" HPOS="607" VPOS="826" WIDTH="122" HEIGHT="28" WC="0.96" CONTENT="praktiken"/><SP WIDTH="14" VPOS="826" HPOS="729"/>
							<String ID="string_78" HPOS="743" VPOS="826" WIDTH="73" HEIGHT="21" WC="0.96" CONTENT="skulle"/><SP WIDTH="11" VPOS="826" HPOS="816"/>
							<String ID="string_79" HPOS="827" VPOS="826" WIDTH="121" HEIGHT="21" WC="0.96" CONTENT="framkalla"/>
						</TextLine>
						<TextLine ID="line_12" HPOS="192" VPOS="860" WIDTH="756" HEIGHT="27">
							<String ID="string_80" HPOS="192" VPOS="860" WIDTH="173" HEIGHT="27" WC="0.96" CONTENT="förvecklingar,"/><SP WIDTH="24" VPOS="860" HPOS="365"/>
							<String ID="string_81" HPOS="389" VPOS="862" WIDTH="44" HEIGHT="19" WC="0.96" CONTENT="och"/><SP WIDTH="22" VPOS="862" HPOS="433"/>
							<String ID="string_82" HPOS="455" VPOS="861" WIDTH="80" HEIGHT="20" WC="0.96" CONTENT="hvilka"/><SP WIDTH="22" VPOS="861" HPOS="535"/>
							<String ID="string_83" HPOS="557" VPOS="861" WIDTH="67" HEIGHT="20" WC="0.96" CONTENT="äfven"/><SP WIDTH="20" VPOS="861" HPOS="624"/>
							<String ID="string_84" HPOS="644" VPOS="861" WIDTH="35" HEIGHT="20" WC="0.96" CONTENT="för"/><SP WIDTH="15" VPOS="861" HPOS="679"/>
							<String ID="string_85" HPOS="694" VPOS="860" WIDTH="66" HEIGHT="27" WC="0.96" CONTENT="öfrigt"/><SP WIDTH="15" VPOS="860" HPOS="760"/>
							<String ID="string_86" HPOS="775" VPOS="860" WIDTH="122" HEIGHT="27" WC="0.93" CONTENT="uppväcka"/><SP WIDTH="15" VPOS="860" HPOS="897"/>
							<String ID="string_87" HPOS="912" VPOS="860" WIDTH="36" HEIGHT="21" WC="0.91" CONTENT="be-"/>
						</TextLine>
						<TextLine ID="line_13" HPOS="192" VPOS="894" WIDTH="157" HEIGHT="27">
							<String ID="string_88" HPOS="192" VPOS="894" WIDTH="157" HEIGHT="27" WC="0.90" CONTENT="tänkligheter."/>
						</TextLine>
					</TextBlock>
					<TextBlock ID="block_3" HPOS="190" VPOS="929" WIDTH="760" HEIGHT="471">
						<TextLine ID="line_14" HPOS="261" VPOS="929" WIDTH="687" HEIGHT="28">
							<String ID="string_89" HPOS="261" VPOS="929" WIDTH="50" HEIGHT="20" WC="0.96" CONTENT="Den"/><SP WIDTH="21" VPOS="929" HPOS="311"/>
							<String ID="string_90" HPOS="332" VPOS="929" WIDTH="25" HEIGHT="20" WC="0.91" CONTENT="af"/><SP WIDTH="13" VPOS="929" HPOS="357"/>
							<String ID="string_91" HPOS="370" VPOS="929" WIDTH="177" HEIGHT="28" WC="0.91" CONTENT="petitionärerna"/><SP WIDTH="15" VPOS="929" HPOS="547"/>
							<String ID="string_92" HPOS="562" VPOS="929" WIDTH="128" HEIGHT="21" WC="0.92" CONTENT="åstundade"/><SP WIDTH="15" VPOS="929" HPOS="690"/>
							<String ID="string_93" HPOS="705" VPOS="929" WIDTH="159" HEIGHT="26" WC="0.96" CONTENT="anordningen"/><SP WIDTH="15" VPOS="929" HPOS="864"/>
							<String ID="string_94" HPOS="879" VPOS="929" WIDTH="69" HEIGHT="26" WC="0.96" CONTENT="gäller"/>
						</TextLine>
						<TextLine ID="line_15" HPOS="192" VPOS="963" WIDTH="756" HEIGHT="28">
							<String ID="string_95" HPOS="192" VPOS="963" WIDTH="93" HEIGHT="26" WC="0.96" CONTENT="språket"/><SP WIDTH="15" VPOS="963" HPOS="285"/>
							<String ID="string_96" HPOS="300" VPOS="963" WIDTH="7" HEIGHT="20" WC="0.96" CONTENT="i"/><SP WIDTH="15" VPOS="963" HPOS="307"/>
							<String ID="string_97" HPOS="322" VPOS="963" WIDTH="161" HEIGHT="28" WC="0.96" CONTENT="expeditioner,"/><SP WIDTH="10" VPOS="963" HPOS="483"/>
							<String ID="string_98" HPOS="493" VPOS="970" WIDTH="50" HEIGHT="14" WC="0.93" CONTENT="som"/><SP WIDTH="16" VPOS="970" HPOS="543"/>
							<String ID="string_99" HPOS="559" VPOS="963" WIDTH="98" HEIGHT="27" WC="0.92" CONTENT="utgifvas"/><SP WIDTH="16" VPOS="963" HPOS="657"/>
							<String ID="string_100" HPOS="673" VPOS="963" WIDTH="25" HEIGHT="21" WC="0.96" CONTENT="af"/><SP WIDTH="14" VPOS="963" HPOS="698"/>
							<String ID="string_101" HPOS="712" VPOS="963" WIDTH="126" HEIGHT="21" WC="0.96" CONTENT="domstolar"/><SP WIDTH="15" VPOS="963" HPOS="838"/>
							<String ID="string_102" HPOS="853" VPOS="963" WIDTH="44" HEIGHT="21" WC="0.93" CONTENT="och"/><SP WIDTH="13" VPOS="963" HPOS="897"/>
							<String ID="string_103" HPOS="910" VPOS="969" WIDTH="38" HEIGHT="14" WC="0.92" CONTENT="an-"/>
						</TextLine>
						<TextLine ID="line_16" HPOS="192" VPOS="997" WIDTH="755" HEIGHT="28">
							<String ID="string_104" HPOS="192" VPOS="997" WIDTH="41" HEIGHT="20" WC="0.96" CONTENT="dra"/><SP WIDTH="24" VPOS="997" HPOS="233"/>
							<String ID="string_105" HPOS="257" VPOS="997" WIDTH="164" HEIGHT="28" WC="0.96" CONTENT="myndigheter."/><SP WIDTH="33" VPOS="997" HPOS="421"/>
							<String ID="string_106" HPOS="454" VPOS="998" WIDTH="65" HEIGHT="21" WC="0.96" CONTENT="Inom"/><SP WIDTH="23" VPOS="998" HPOS="519"/>
							<String ID="string_107" HPOS="542" VPOS="998" WIDTH="61" HEIGHT="21" WC="0.96" CONTENT="detta"/><SP WIDTH="23" VPOS="998" HPOS="603"/>
							<String ID="string_108" HPOS="626" VPOS="998" WIDTH="142" HEIGHT="26" WC="0.96" CONTENT="begränsade"/><SP WIDTH="16" VPOS="998" HPOS="768"/>
							<String ID="string_109" HPOS="784" VPOS="997" WIDTH="94" HEIGHT="22" WC="0.95" CONTENT="område"/><SP WIDTH="15" VPOS="997" HPOS="878"/>
							<String ID="string_110" HPOS="893" VPOS="997" WIDTH="54" HEIGHT="27" WC="0.95" CONTENT="vilja"/>
						</TextLine>
						<TextLine ID="line_17" HPOS="191" VPOS="1031" WIDTH="756" HEIGHT="28">
							<String ID="string_111" HPOS="191" VPOS="1031" WIDTH="28" HEIGHT="20" WC="0.96" CONTENT="de"/><SP WIDTH="23" VPOS="1031" HPOS="219"/>
							<String ID="string_112" HPOS="242" VPOS="1031" WIDTH="107" HEIGHT="21" WC="0.96" CONTENT="realisera"/><SP WIDTH="21" VPOS="1031" HPOS="349"/>
							<String ID="string_113" HPOS="370" VPOS="1032" WIDTH="118" HEIGHT="27" WC="0.96" CONTENT="principen"/><SP WIDTH="23" VPOS="1032" HPOS="488"/>
							<String ID="string_114" HPOS="511" VPOS="1039" WIDTH="37" HEIGHT="14" WC="0.96" CONTENT="om"/><SP WIDTH="24" VPOS="1039" HPOS="548"/>
							<String ID="string_115" HPOS="572" VPOS="1032" WIDTH="28" HEIGHT="21" WC="0.96" CONTENT="de"/><SP WIDTH="22" VPOS="1032" HPOS="600"/>
							<String ID="string_116" HPOS="622" VPOS="1032" WIDTH="61" HEIGHT="21" WC="0.96" CONTENT="båda"/><SP WIDTH="15" VPOS="1032" HPOS="683"/>
							<String ID="string_117" HPOS="698" VPOS="1031" WIDTH="123" HEIGHT="22" WC="0.96" CONTENT="inhemska"/><SP WIDTH="16" VPOS="1031" HPOS="821"/>
							<String ID="string_118" HPOS="837" VPOS="1031" WIDTH="110" HEIGHT="28" WC="0.96" CONTENT="språkens"/>
						</TextLine>
						<TextLine ID="line_18" HPOS="191" VPOS="1065" WIDTH="759" HEIGHT="28">
							<String ID="string_119" HPOS="191" VPOS="1065" WIDTH="155" HEIGHT="27" WC="0.91" CONTENT="likställighet,"/><SP WIDTH="16" VPOS="1065" HPOS="346"/>
							<String ID="string_120" HPOS="362" VPOS="1073" WIDTH="49" HEIGHT="14" WC="0.95" CONTENT="som"/><SP WIDTH="17" VPOS="1073" HPOS="411"/>
							<String ID="string_121" HPOS="428" VPOS="1066" WIDTH="124" HEIGHT="21" WC="0.96" CONTENT="emellertid"/><SP WIDTH="16" VPOS="1066" HPOS="552"/>
							<String ID="string_122" HPOS="568" VPOS="1066" WIDTH="69" HEIGHT="27" WC="0.93" CONTENT="enligt"/><SP WIDTH="16" VPOS="1066" HPOS="637"/>
							<String ID="string_123" HPOS="653" VPOS="1066" WIDTH="88" HEIGHT="27" WC="0.92" CONTENT="Nådiga"/><SP WIDTH="11" VPOS="1066" HPOS="741"/>
							<String ID="string_124" HPOS="752" VPOS="1065" WIDTH="162" HEIGHT="27" WC="0.96" CONTENT="förordningen"/><SP WIDTH="11" VPOS="1065" HPOS="914"/>
							<String ID="string_125" HPOS="925" VPOS="1066" WIDTH="25" HEIGHT="20" WC="0.96" CONTENT="af"/>
						</TextLine>
						<TextLine ID="line_19" HPOS="191" VPOS="1100" WIDTH="756" HEIGHT="28">
							<String ID="string_126" HPOS="191" VPOS="1100" WIDTH="45" HEIGHT="21" WC="0.96" CONTENT="den"/><SP WIDTH="12" VPOS="1100" HPOS="236"/>
							<String ID="string_127" HPOS="248" VPOS="1101" WIDTH="10" HEIGHT="19" WC="0.96" CONTENT="1"/><SP WIDTH="12" VPOS="1101" HPOS="258"/>
							<String ID="string_128" HPOS="270" VPOS="1100" WIDTH="55" HEIGHT="27" WC="0.95" CONTENT="Aug."/><SP WIDTH="14" VPOS="1100" HPOS="325"/>
							<String ID="string_129" HPOS="339" VPOS="1101" WIDTH="54" HEIGHT="20" WC="0.96" CONTENT="1863"/><SP WIDTH="16" VPOS="1101" HPOS="393"/>
							<String ID="string_130" HPOS="409" VPOS="1101" WIDTH="51" HEIGHT="21" WC="0.96" CONTENT="bort"/><SP WIDTH="15" VPOS="1101" HPOS="460"/>
							<String ID="string_131" HPOS="475" VPOS="1107" WIDTH="55" HEIGHT="14" WC="0.96" CONTENT="vara"/><SP WIDTH="16" VPOS="1107" HPOS="530"/>
							<String ID="string_132" HPOS="546" VPOS="1100" WIDTH="135" HEIGHT="28" WC="0.96" CONTENT="genomförd"/><SP WIDTH="15" VPOS="1100" HPOS="681"/>
							<String ID="string_133" HPOS="696" VPOS="1100" WIDTH="71" HEIGHT="21" WC="0.96" CONTENT="redan"/><SP WIDTH="16" VPOS="1100" HPOS="767"/>
							<String ID="string_134" HPOS="783" VPOS="1100" WIDTH="47" HEIGHT="21" WC="0.96" CONTENT="före"/><SP WIDTH="18" VPOS="1100" HPOS="830"/>
							<String ID="string_135" HPOS="848" VPOS="1100" WIDTH="53" HEIGHT="20" WC="0.96" CONTENT="1883"/><SP WIDTH="9" VPOS="1100" HPOS="901"/>
							<String ID="string_136" HPOS="910" VPOS="1100" WIDTH="37" HEIGHT="21" WC="0.96" CONTENT="års"/>
						</TextLine>
						<TextLine ID="line_20" HPOS="191" VPOS="1134" WIDTH="757" HEIGHT="28">
							<String ID="string_137" HPOS="191" VPOS="1134" WIDTH="92" HEIGHT="27" WC="0.96" CONTENT="utgång,"/><SP WIDTH="17" VPOS="1134" HPOS="283"/>
							<String ID="string_138" HPOS="300" VPOS="1134" WIDTH="97" HEIGHT="21" WC="0.96" CONTENT="sålunda"/><SP WIDTH="11" VPOS="1134" HPOS="397"/>
							<String ID="string_139" HPOS="408" VPOS="1135" WIDTH="116" HEIGHT="27" WC="0.96" CONTENT="nämligen"/><SP WIDTH="11" VPOS="1135" HPOS="524"/>
							<String ID="string_140" HPOS="535" VPOS="1137" WIDTH="32" HEIGHT="19" WC="0.96" CONTENT="att"/><SP WIDTH="13" VPOS="1137" HPOS="567"/>
							<String ID="string_141" HPOS="580" VPOS="1135" WIDTH="88" HEIGHT="21" WC="0.95" CONTENT="landets"/><SP WIDTH="10" VPOS="1135" HPOS="668"/>
							<String ID="string_142" HPOS="678" VPOS="1135" WIDTH="76" HEIGHT="21" WC="0.96" CONTENT="finska"/><SP WIDTH="8" VPOS="1135" HPOS="754"/>
							<String ID="string_143" HPOS="762" VPOS="1134" WIDTH="92" HEIGHT="21" WC="0.93" CONTENT="talande"/><SP WIDTH="8" VPOS="1134" HPOS="854"/>
							<String ID="string_144" HPOS="862" VPOS="1134" WIDTH="86" HEIGHT="20" WC="0.90" CONTENT="befolk-"/>
						</TextLine>
						<TextLine ID="line_21" HPOS="190" VPOS="1168" WIDTH="757" HEIGHT="28">
							<String ID="string_145" HPOS="190" VPOS="1168" WIDTH="57" HEIGHT="27" WC="0.96" CONTENT="ning"/><SP WIDTH="15" VPOS="1168" HPOS="247"/>
							<String ID="string_146" HPOS="262" VPOS="1169" WIDTH="74" HEIGHT="21" WC="0.96" CONTENT="skulle"/><SP WIDTH="15" VPOS="1169" HPOS="336"/>
							<String ID="string_147" HPOS="351" VPOS="1169" WIDTH="39" HEIGHT="21" WC="0.96" CONTENT="vid"/><SP WIDTH="16" VPOS="1169" HPOS="390"/>
							<String ID="string_148" HPOS="406" VPOS="1169" WIDTH="127" HEIGHT="21" WC="0.95" CONTENT="sistnämda"/><SP WIDTH="15" VPOS="1169" HPOS="533"/>
							<String ID="string_149" HPOS="548" VPOS="1169" WIDTH="109" HEIGHT="27" WC="0.96" CONTENT="tidpunkt"/><SP WIDTH="15" VPOS="1169" HPOS="657"/>
							<String ID="string_150" HPOS="672" VPOS="1169" WIDTH="8" HEIGHT="20" WC="0.96" CONTENT="i"/><SP WIDTH="13" VPOS="1169" HPOS="680"/>
							<String ID="string_151" HPOS="693" VPOS="1168" WIDTH="111" HEIGHT="28" WC="0.96" CONTENT="språkligt"/><SP WIDTH="12" VPOS="1168" HPOS="804"/>
							<String ID="string_152" HPOS="816" VPOS="1168" WIDTH="131" HEIGHT="20" WC="0.96" CONTENT="hänseende"/>
						</TextLine>
						<TextLine ID="line_22" HPOS="191" VPOS="1202" WIDTH="757" HEIGHT="28">
							<String ID="string_153" HPOS="191" VPOS="1208" WIDTH="40" HEIGHT="21" WC="0.92" CONTENT="ega"/><SP WIDTH="11" VPOS="1208" HPOS="231"/>
							<String ID="string_154" HPOS="242" VPOS="1209" WIDTH="90" HEIGHT="15" WC="0.96" CONTENT="samma"/><SP WIDTH="10" VPOS="1209" HPOS="332"/>
							<String ID="string_155" HPOS="342" VPOS="1203" WIDTH="166" HEIGHT="27" WC="0.93" CONTENT="rättigheter"/><SP WIDTH="-20" VPOS="1203" HPOS="508"/>
							<String ID="string_156" HPOS="488" VPOS="1198" WIDTH="12" HEIGHT="36" WC="0.92" CONTENT="—"/><SP WIDTH="19" VPOS="1198" HPOS="500"/>
							<String ID="string_157" HPOS="519" VPOS="1203" WIDTH="37" HEIGHT="21" WC="0.90" CONTENT="det"/><SP WIDTH="8" VPOS="1203" HPOS="556"/>
							<String ID="string_158" HPOS="564" VPOS="1210" WIDTH="17" HEIGHT="14" WC="0.90" CONTENT="s."/><SP WIDTH="9" VPOS="1210" HPOS="581"/>
							<String ID="string_159" HPOS="590" VPOS="1203" WIDTH="21" HEIGHT="21" WC="0.93" CONTENT="k."/><SP WIDTH="10" VPOS="1203" HPOS="611"/>
							<String ID="string_160" HPOS="621" VPOS="1203" WIDTH="106" HEIGHT="21" WC="0.96" CONTENT="officiella"/><SP WIDTH="13" VPOS="1203" HPOS="727"/>
							<String ID="string_161" HPOS="740" VPOS="1202" WIDTH="92" HEIGHT="28" WC="0.96" CONTENT="språket"/><SP WIDTH="7" VPOS="1202" HPOS="832"/>
							<String ID="string_162" HPOS="839" VPOS="1202" WIDTH="59" HEIGHT="21" WC="0.91" CONTENT="dock"/><SP WIDTH="9" VPOS="1202" HPOS="898"/>
							<String ID="string_163" HPOS="907" VPOS="1209" WIDTH="41" HEIGHT="13" WC="0.91" CONTENT="un-"/>
						</TextLine>
						<TextLine ID="line_23" HPOS="190" VPOS="1236" WIDTH="757" HEIGHT="28">
							<String ID="string_164" HPOS="190" VPOS="1236" WIDTH="109" HEIGHT="28" WC="0.91" CONTENT="dantaget"/><SP WIDTH="14" VPOS="1236" HPOS="299"/>
							<String ID="string_165" HPOS="313" VPOS="1250" WIDTH="28" HEIGHT="2" WC="0.92" CONTENT="—"/><SP WIDTH="15" VPOS="1250" HPOS="341"/>
							<String ID="string_166" HPOS="356" VPOS="1244" WIDTH="50" HEIGHT="14" WC="0.96" CONTENT="som"/><SP WIDTH="16" VPOS="1244" HPOS="406"/>
							<String ID="string_167" HPOS="422" VPOS="1237" WIDTH="28" HEIGHT="21" WC="0.96" CONTENT="de"/><SP WIDTH="16" VPOS="1237" HPOS="450"/>
							<String ID="string_168" HPOS="466" VPOS="1238" WIDTH="98" HEIGHT="20" WC="0.96" CONTENT="svenska"/><SP WIDTH="16" VPOS="1238" HPOS="564"/>
							<String ID="string_169" HPOS="580" VPOS="1238" WIDTH="91" HEIGHT="20" WC="0.93" CONTENT="talande"/><SP WIDTH="16" VPOS="1238" HPOS="671"/>
							<String ID="string_170" HPOS="687" VPOS="1237" WIDTH="182" HEIGHT="26" WC="0.92" CONTENT="medborgarena"/><SP WIDTH="11" VPOS="1237" HPOS="869"/>
							<String ID="string_171" HPOS="880" VPOS="1236" WIDTH="7" HEIGHT="20" WC="0.95" CONTENT="i"/><SP WIDTH="11" VPOS="1236" HPOS="887"/>
							<String ID="string_172" HPOS="898" VPOS="1236" WIDTH="49" HEIGHT="21" WC="0.96" CONTENT="vårt"/>
						</TextLine>
						<TextLine ID="line_24" HPOS="190" VPOS="1270" WIDTH="756" HEIGHT="28">
							<String ID="string_173" HPOS="190" VPOS="1271" WIDTH="62" HEIGHT="21" WC="0.96" CONTENT="land."/><SP WIDTH="24" VPOS="1271" HPOS="252"/>
							<String ID="string_174" HPOS="276" VPOS="1271" WIDTH="43" HEIGHT="21" WC="0.94" CONTENT="Det"/><SP WIDTH="7" VPOS="1271" HPOS="319"/>
							<String ID="string_175" HPOS="326" VPOS="1271" WIDTH="78" HEIGHT="21" WC="0.94" CONTENT="kunde"/><SP WIDTH="10" VPOS="1271" HPOS="404"/>
							<String ID="string_176" HPOS="414" VPOS="1272" WIDTH="97" HEIGHT="20" WC="0.96" CONTENT="sålunda"/><SP WIDTH="6" VPOS="1272" HPOS="511"/>
							<String ID="string_177" HPOS="517" VPOS="1272" WIDTH="109" HEIGHT="26" WC="0.94" CONTENT="förefalla,"/><SP WIDTH="10" VPOS="1272" HPOS="626"/>
							<String ID="string_178" HPOS="636" VPOS="1278" WIDTH="50" HEIGHT="14" WC="0.95" CONTENT="som"/><SP WIDTH="16" VPOS="1278" HPOS="686"/>
							<String ID="string_179" HPOS="702" VPOS="1278" WIDTH="39" HEIGHT="14" WC="0.96" CONTENT="om"/><SP WIDTH="8" VPOS="1278" HPOS="741"/>
							<String ID="string_180" HPOS="749" VPOS="1278" WIDTH="45" HEIGHT="20" WC="0.95" CONTENT="nya"/><SP WIDTH="12" VPOS="1278" HPOS="794"/>
							<String ID="string_181" HPOS="806" VPOS="1270" WIDTH="140" HEIGHT="27" WC="0.95" CONTENT="stadganden"/>
						</TextLine>
						<TextLine ID="line_25" HPOS="190" VPOS="1304" WIDTH="756" HEIGHT="29">
							<String ID="string_182" HPOS="190" VPOS="1305" WIDTH="99" HEIGHT="20" WC="0.93" CONTENT="rörande"/><SP WIDTH="16" VPOS="1305" HPOS="289"/>
							<String ID="string_183" HPOS="305" VPOS="1305" WIDTH="235" HEIGHT="28" WC="0.92" CONTENT="expeditionsspråket"/><SP WIDTH="16" VPOS="1305" HPOS="540"/>
							<String ID="string_184" HPOS="556" VPOS="1306" WIDTH="19" HEIGHT="26" WC="0.96" CONTENT="ej"/><SP WIDTH="16" VPOS="1306" HPOS="575"/>
							<String ID="string_185" HPOS="591" VPOS="1312" WIDTH="54" HEIGHT="14" WC="0.96" CONTENT="vore"/><SP WIDTH="16" VPOS="1312" HPOS="645"/>
							<String ID="string_186" HPOS="661" VPOS="1306" WIDTH="25" HEIGHT="20" WC="0.96" CONTENT="af"/><SP WIDTH="12" VPOS="1306" HPOS="686"/>
							<String ID="string_187" HPOS="698" VPOS="1305" WIDTH="76" HEIGHT="21" WC="0.96" CONTENT="nöden"/><SP WIDTH="14" VPOS="1305" HPOS="774"/>
							<String ID="string_188" HPOS="788" VPOS="1305" WIDTH="35" HEIGHT="20" WC="0.93" CONTENT="för"/><SP WIDTH="11" VPOS="1305" HPOS="823"/>
							<String ID="string_189" HPOS="834" VPOS="1304" WIDTH="112" HEIGHT="21" WC="0.92" CONTENT="ernående"/>
						</TextLine>
						<TextLine ID="line_26" HPOS="190" VPOS="1339" WIDTH="757" HEIGHT="28">
							<String ID="string_190" HPOS="190" VPOS="1339" WIDTH="26" HEIGHT="20" WC="0.96" CONTENT="af"/><SP WIDTH="9" VPOS="1339" HPOS="216"/>
							<String ID="string_191" HPOS="225" VPOS="1339" WIDTH="130" HEIGHT="27" WC="0.96" CONTENT="jämlikhet,"/><SP WIDTH="19" VPOS="1339" HPOS="355"/>
							<String ID="string_192" HPOS="374" VPOS="1342" WIDTH="24" HEIGHT="25" WC="0.96" CONTENT="ty"/><SP WIDTH="15" VPOS="1342" HPOS="398"/>
							<String ID="string_193" HPOS="413" VPOS="1340" WIDTH="7" HEIGHT="20" WC="0.96" CONTENT="i"/><SP WIDTH="16" VPOS="1340" HPOS="420"/>
							<String ID="string_194" HPOS="436" VPOS="1342" WIDTH="93" HEIGHT="19" WC="0.96" CONTENT="motsatt"/><SP WIDTH="15" VPOS="1342" HPOS="529"/>
							<String ID="string_195" HPOS="544" VPOS="1340" WIDTH="39" HEIGHT="20" WC="0.96" CONTENT="fall"/><SP WIDTH="16" VPOS="1340" HPOS="583"/>
							<String ID="string_196" HPOS="599" VPOS="1341" WIDTH="25" HEIGHT="19" WC="0.95" CONTENT="är"/><SP WIDTH="15" VPOS="1341" HPOS="624"/>
							<String ID="string_197" HPOS="639" VPOS="1339" WIDTH="38" HEIGHT="21" WC="0.95" CONTENT="det"/><SP WIDTH="15" VPOS="1339" HPOS="677"/>
							<String ID="string_198" HPOS="692" VPOS="1339" WIDTH="137" HEIGHT="28" WC="0.96" CONTENT="uppenbart,"/><SP WIDTH="15" VPOS="1339" HPOS="829"/>
							<String ID="string_199" HPOS="844" VPOS="1340" WIDTH="33" HEIGHT="19" WC="0.96" CONTENT="att"/><SP WIDTH="15" VPOS="1340" HPOS="877"/>
							<String ID="string_200" HPOS="892" VPOS="1345" WIDTH="55" HEIGHT="20" WC="0.96" CONTENT="nyss"/>
						</TextLine>
						<TextLine ID="line_27" HPOS="190" VPOS="1373" WIDTH="595" HEIGHT="27">
							<String ID="string_201" HPOS="190" VPOS="1373" WIDTH="98" HEIGHT="21" WC="0.93" CONTENT="anförda"/><SP WIDTH="15" VPOS="1373" HPOS="288"/>
							<String ID="string_202" HPOS="303" VPOS="1373" WIDTH="191" HEIGHT="27" WC="0.91" CONTENT="tidsbestämning"/><SP WIDTH="15" VPOS="1373" HPOS="494"/>
							<String ID="string_203" HPOS="509" VPOS="1373" WIDTH="50" HEIGHT="22" WC="0.96" CONTENT="icke"/><SP WIDTH="15" VPOS="1373" HPOS="559"/>
							<String ID="string_204" HPOS="574" VPOS="1373" WIDTH="74" HEIGHT="21" WC="0.96" CONTENT="blifvit"/><SP WIDTH="15" VPOS="1373" HPOS="648"/>
							<String ID="string_205" HPOS="663" VPOS="1373" WIDTH="122" HEIGHT="26" WC="0.95" CONTENT="iakttagen."/>
						</TextLine>
					</TextBlock>
					<TextBlock ID="block_4" HPOS="189" VPOS="1407" WIDTH="758" HEIGHT="96">
						<TextLine ID="line_28" HPOS="260" VPOS="1407" WIDTH="687" HEIGHT="28">
							<String ID="string_206" HPOS="260" VPOS="1407" WIDTH="10" HEIGHT="21" WC="0.90" CONTENT="I"/><SP WIDTH="23" VPOS="1407" HPOS="270"/>
							<String ID="string_207" HPOS="293" VPOS="1407" WIDTH="124" HEIGHT="28" WC="0.92" CONTENT="petitionen"/><SP WIDTH="24" VPOS="1407" HPOS="417"/>
							<String ID="string_208" HPOS="441" VPOS="1408" WIDTH="102" HEIGHT="27" WC="0.96" CONTENT="påpekas"/><SP WIDTH="22" VPOS="1408" HPOS="543"/>
							<String ID="string_209" HPOS="565" VPOS="1408" WIDTH="53" HEIGHT="21" WC="0.95" CONTENT="med"/><SP WIDTH="23" VPOS="1408" HPOS="618"/>
							<String ID="string_210" HPOS="641" VPOS="1407" WIDTH="106" HEIGHT="22" WC="0.93" CONTENT="afseende"/><SP WIDTH="16" VPOS="1407" HPOS="747"/>
							<String ID="string_211" HPOS="763" VPOS="1407" WIDTH="58" HEIGHT="20" WC="0.92" CONTENT="härå"/><SP WIDTH="15" VPOS="1407" HPOS="821"/>
							<String ID="string_212" HPOS="836" VPOS="1408" WIDTH="32" HEIGHT="19" WC="0.97" CONTENT="att"/><SP WIDTH="15" VPOS="1408" HPOS="868"/>
							<String ID="string_213" HPOS="883" VPOS="1407" WIDTH="64" HEIGHT="20" WC="0.96" CONTENT="ännu"/>
						</TextLine>
						<TextLine ID="line_29" HPOS="189" VPOS="1441" WIDTH="757" HEIGHT="28">
							<String ID="string_214" HPOS="189" VPOS="1441" WIDTH="45" HEIGHT="21" WC="0.96" CONTENT="den"/><SP WIDTH="22" VPOS="1441" HPOS="234"/>
							<String ID="string_215" HPOS="256" VPOS="1441" WIDTH="45" HEIGHT="27" WC="0.96" CONTENT="dag"/><SP WIDTH="21" VPOS="1441" HPOS="301"/>
							<String ID="string_216" HPOS="322" VPOS="1448" WIDTH="50" HEIGHT="15" WC="0.96" CONTENT="som"/><SP WIDTH="24" VPOS="1448" HPOS="372"/>
							<String ID="string_217" HPOS="396" VPOS="1443" WIDTH="25" HEIGHT="20" WC="0.96" CONTENT="är"/><SP WIDTH="18" VPOS="1443" HPOS="421"/>
							<String ID="string_218" HPOS="439" VPOS="1443" WIDTH="69" HEIGHT="26" WC="0.96" CONTENT="högre"/><SP WIDTH="23" VPOS="1443" HPOS="508"/>
							<String ID="string_219" HPOS="531" VPOS="1442" WIDTH="127" HEIGHT="21" WC="0.96" CONTENT="domstolar"/><SP WIDTH="15" VPOS="1442" HPOS="658"/>
							<String ID="string_220" HPOS="673" VPOS="1442" WIDTH="44" HEIGHT="21" WC="0.96" CONTENT="och"/><SP WIDTH="16" VPOS="1442" HPOS="717"/>
							<String ID="string_221" HPOS="733" VPOS="1441" WIDTH="159" HEIGHT="28" WC="0.96" CONTENT="myndigheter"/><SP WIDTH="15" VPOS="1441" HPOS="892"/>
							<String ID="string_222" HPOS="907" VPOS="1441" WIDTH="39" HEIGHT="20" WC="0.96" CONTENT="äro"/>
						</TextLine>
						<TextLine ID="line_30" HPOS="189" VPOS="1474" WIDTH="757" HEIGHT="29">
							<String ID="string_223" HPOS="189" VPOS="1475" WIDTH="99" HEIGHT="27" WC="0.91" CONTENT="fritagna"/><SP WIDTH="23" VPOS="1475" HPOS="288"/>
							<String ID="string_224" HPOS="311" VPOS="1476" WIDTH="50" HEIGHT="21" WC="0.96" CONTENT="från"/><SP WIDTH="20" VPOS="1476" HPOS="361"/>
							<String ID="string_225" HPOS="381" VPOS="1476" WIDTH="129" HEIGHT="27" WC="0.96" CONTENT="skyldighet"/><SP WIDTH="23" VPOS="1476" HPOS="510"/>
							<String ID="string_226" HPOS="533" VPOS="1478" WIDTH="32" HEIGHT="19" WC="0.92" CONTENT="att"/><SP WIDTH="23" VPOS="1478" HPOS="565"/>
							<String ID="string_227" HPOS="588" VPOS="1476" WIDTH="85" HEIGHT="27" WC="0.92" CONTENT="utgifva"/><SP WIDTH="20" VPOS="1476" HPOS="673"/>
							<String ID="string_228" HPOS="693" VPOS="1475" WIDTH="75" HEIGHT="21" WC="0.96" CONTENT="finska"/><SP WIDTH="17" VPOS="1475" HPOS="768"/>
							<String ID="string_229" HPOS="785" VPOS="1474" WIDTH="161" HEIGHT="28" WC="0.96" CONTENT="expeditioner."/>
						</TextLine>
					</TextBlock>
				</ComposedBlock>
			</PrintSpace>
		</Page>
	</Layout>
</alto>
