1067 1739
388 127 169 27 Motionsförslag.

94 190 55 21 Ridd.
165 195 17 17 o.
198 190 67 22 Adeln.
782 189 34 22 N:o
831 189 20 21 3.

179 484 50 19 Till
250 484 148 25 Höglofliga
416 484 186 26 Ridderskapet
621 484 44 20 och
682 483 85 20 Adeln.

164 541 47 20 Den
230 541 123 25 ömsesidiga
375 540 146 27 försäkringen
536 544 43 16 mot
593 541 132 20 brandskada
740 542 26 24 pä
781 540 70 20 landet

96 570 37 19 har
148 570 68 26 gamla
232 577 49 12 anor
297 570 5 18 i
319 570 34 19 det
368 570 68 19 finska
455 570 115 20 samhället.
600 570 73 20 Redan
691 570 52 19 1734
760 570 33 19 års
808 569 43 25 lag-

96 598 82 20 stiftare
201 599 122 26 sysselsatte
346 598 33 26 sig
400 599 47 19 med
469 598 80 26 frågan.
578 599 11 19 I
613 600 11 19 6
647 600 11 24 $
677 600 27 18 24
722 598 48 26 kap.
785 598 25 20 B.
826 598 25 19 B.

96 628 92 25 stadgas,
203 628 63 19 bland
281 630 71 17 annat:
371 627 23 25 ,I
409 627 72 26 hvarje
496 628 94 19 landsort
605 628 54 19 skall
674 628 11 19 &
700 627 78 26 tingen,
790 627 7 19 i
808 627 43 19 Ko-

94 663 95 19 nungens
211 656 247 26 Befallningshafvandes
480 660 94 20 närvaro,
597 656 153 20 häradsboarne
765 656 86 20 emellan

95 685 96 26 förening
213 685 113 26 upprättad
347 692 50 12 vara
416 685 53 19 huru
484 685 84 26 mycket
583 685 32 19 för
630 685 61 19 hvart
707 685 37 19 och
760 687 30 17 ett
804 687 48 23 nytt

95 714 46 24 hus,
158 715 11 19 &
184 714 44 20 helt
250 714 93 19 hemman
367 714 49 20 eller
439 714 86 24 mindre,
541 714 8 19 i
563 714 115 20 brandstod
693 714 68 25 gifvas
777 714 74 19 skall*.

95 742 41 20 Det
159 746 23 16 är
204 743 109 25 antagligt,
337 745 30 17 att
389 750 47 12 man
451 750 74 18 genom
541 743 57 20 detta
613 743 150 25 lagstadgande
777 742 75 20 främst

95 772 49 19 ville
159 772 114 26 förebygga
289 771 160 20 eventualiteten
464 774 31 17 att
511 774 30 17 ett
557 772 100 24 hemman,
673 772 62 19 hvars
746 772 105 25 &byggna-

96 800 36 20 der
154 800 70 20 blifvit
246 807 73 19 genom
337 800 75 20 vädeld
427 800 110 24 förstörda,
554 800 67 20 skulle
636 800 33 20 till
684 800 52 25 följd
751 800 24 20 af
787 800 65 20 &bons

96 829 119 25 därigenom
230 830 84 18 iräkade
329 829 134 20 ekonomiska
474 830 101 19 obeständ
585 829 32 19 för
627 830 84 19 kortare
721 829 50 19 eller
780 829 72 25 längre

96 858 31 19 tid
141 858 51 20 råka
207 858 7 19 i
230 858 90 20 ödesmäl
336 860 54 18 samt
405 858 132 20 statskassan
551 858 66 20 under
627 865 77 13 samma
714 858 31 19 tid
755 858 26 25 gå
791 858 61 19 miste

96 894 32 12 om
144 887 69 25 dylikt
228 887 94 19 hemman
336 887 74 25 päförd
423 887 114 25 jordskatt.
562 887 48 19 Men
624 887 90 19 förvisso
729 886 60 26 afsäg
804 894 48 12 man

97 916 38 19 ock
150 916 47 19 med
213 916 66 20 denna
293 916 109 19 föreskrift
420 918 31 17 att
467 916 65 26 skapa
547 922 55 13 mera
617 916 142 25 betryggande
774 915 77 19 förhäl-

96 944 75 20 landen
186 945 47 19 med
248 945 81 25 hänsyn
343 944 33 20 till
389 944 136 26 jordegarens
541 944 94 20 enskilda
650 944 101 20 ekonomi.
773 944 79 20 Hvilka

96 976 26 16 än
137 973 228 26 bevokelsegrunderna
379 974 33 18 mä
427 974 64 19 hafva
505 974 61 24 varit,
583 974 42 19 står
641 974 35 19 det
691 973 53 20 dock
758 972 49 25 fast,
821 975 31 17 att

96 1002 25 19 de
136 1003 27 25 pä
178 1002 131 20 omförmäldt
325 1004 42 18 sätt
376 1002 106 26 påbjudna
492 1002 223 26 häradsföreningarna
724 1004 43 17 mot
776 1002 76 19 brand-

96 1031 66 19 skada
184 1031 65 19 under
271 1031 25 19 de
313 1031 106 25 primitiva
433 1030 151 25 förhällanden,
599 1030 231 26 försäkringsväsendet
845 1030 7 19 i

96 1060 57 19 äldre
168 1060 54 19 tider
236 1060 113 24 företedde,
365 1059 57 26 gjort
437 1060 71 19 landet
523 1060 38 19 och
576 1060 206 25 landtbefolkningen
792 1060 59 24 bety-

96 1088 67 20 dande
178 1088 93 26 tjenster.
295 1088 47 20 Den
357 1089 27 19 20
401 1088 91 20 Oktober
510 1089 52 19 1857
579 1089 76 19 erhölls
665 1088 114 20 emellertid
789 1088 63 25 nådig

96 1117 134 20 stadfästelse
246 1118 11 19 &
272 1118 135 25 reglementet
421 1117 33 19 för
469 1120 31 17 ett
514 1118 62 24 bolag
586 1117 33 20 för
628 1117 118 25 försäkring
756 1119 42 17 mot
809 1117 43 19 eld-

97 1146 66 19 skada
186 1146 22 20 af
229 1146 122 26 byggnader
366 1146 38 20 och
419 1146 133 26 lösegendom
567 1147 26 25 pä
608 1146 77 20 landet.
715 1146 44 20 Och
775 1145 31 20 för
822 1148 30 17 att

95 1174 119 20 underlätta
229 1175 90 19 inträdet
334 1175 7 19 i
357 1175 58 19 detta
430 1175 63 25 bolag
506 1175 109 25 godkände
625 1175 115 19 Ständerna
749 1174 37 20 vid
799 1175 53 19 1863

97 1204 84 20 —1864
198 1204 33 19 års
246 1204 100 25 landtdag
361 1210 25 13 en
402 1204 6 19 i
424 1204 75 19 sådant
514 1204 55 25 syfte
584 1204 102 25 framlagd
701 1203 63 25 nådig
777 1210 74 19 propo-

96 1232 70 24 sition,
186 1232 105 20 hvarefter
313 1232 60 20 Hans
388 1232 120 26 Kejserliga
523 1232 98 26 Majestät
637 1232 40 20 den
693 1233 11 19 4
720 1232 60 26 April
798 1232 54 20 1864

95 1261 112 20 utfärdade
229 1268 25 12 en
275 1261 64 25 nådig
361 1261 122 26 förordning
505 1261 8 19 i
528 1264 75 22 ämnet,
623 1261 62 20 hvars
705 1261 10 26 $
733 1262 9 18 1
759 1261 92 25 stadgar,

96 1290 64 19 bland
175 1292 71 18 annat:
265 1290 267 25 ,Hemmansinnehafvare,
551 1297 42 13 som
609 1290 68 26 ingått
691 1290 6 18 i
713 1290 35 19 det
763 1290 33 19 till
810 1289 42 20 för-

96 1318 86 26 säkring
204 1321 42 17 mot
264 1318 100 20 eldskada
383 1319 23 19 af
419 1319 122 25 byggnader
557 1319 37 19 och
609 1318 131 26 lösegendom
755 1319 12 19 å
781 1318 71 20 landet

96 1347 103 20 inrättade
214 1348 103 18 allmänna
332 1348 67 25 bolag,
415 1354 49 13 vare
480 1347 90 20 derefter
584 1347 98 20 frikallad
697 1347 46 20 från
759 1346 93 26 skyldig-

96 1376 62 20 heten
174 1379 37 21 att,
229 1376 83 26 jemlikt
333 1377 11 19 4
360 1376 39 20 och
415 1377 11 19 5
443 1376 22 26 $$
482 1377 27 19 24
525 1376 47 26 kap.
588 1376 24 20 B.
628 1376 25 20 B.
668 1376 114 20 brandstod
797 1376 55 19 inom

97 1404 87 20 häradet
200 1405 49 19 eller
264 1405 90 19 socknen
369 1405 69 19 betala
454 1405 38 19 och
502 1404 69 26 njuter
582 1405 18 25 ej
611 1405 65 19 heller
686 1407 42 17 rätt
739 1407 30 17 att
777 1404 75 20 brand-

98 1434 48 18 stod
162 1434 91 19 derifrån
267 1434 66 19 utfäa*.
