1075 1750
191 207 86 25 sjöarna
292 207 40 19 och
348 208 101 22 flodarna,
467 208 40 19 och
519 209 23 18 är
553 208 89 20 sålunda
652 208 31 20 till
694 208 85 19 arealen
790 208 153 19 vidsträcktare

191 238 26 18 än
234 237 101 25 Nylands,
355 238 44 19 abo
417 238 40 19 och
473 238 143 25 Björneborgs
633 239 55 18 samt
704 238 133 19 Tavastehus
853 238 35 18 län
904 238 39 19 till-

191 268 168 24 sammantagna.
392 267 166 25 Befolkningens
580 268 57 20 antal
660 268 83 24 uppgår
763 268 33 19 för
811 268 132 19 närvarande

191 297 31 19 till
237 297 66 25 något
324 297 61 19 öfver
403 300 78 20 10,000
497 303 107 19 personer.
638 298 155 24 Vägalängden
809 297 47 20 från
872 297 72 19 Kittilä

191 327 30 19 till
237 328 107 18 närmaste
361 327 53 25 gård
430 328 6 19 i
452 328 82 25 Utsjoki
551 328 23 18 är
586 329 34 21 39,
632 328 31 19 till
674 328 108 19 närmaste
794 327 53 25 gård
858 327 10 19 i.
875 327 68 19 Enon-

191 357 54 19 tekis
271 358 26 18 30
322 357 40 19 och
384 357 30 26 till
432 358 107 19 närmaste
556 357 54 25 gård
626 358 6 18 i
648 357 121 25 Sodankylä
786 358 26 18 23
829 357 41 19 mil.
904 357 39 19 En-

192 387 54 19 samt
268 386 121 25 Sodankylä
405 388 79 18 socken
499 387 39 19 har
554 393 26 13 en
596 387 58 19 areal
670 388 24 18 af
710 389 78 21 19,064
805 386 138 20 kvadratkilo-

191 417 67 19 meter
274 417 23 19 är
313 416 90 20 sålunda
419 418 68 18 större
504 418 26 18 än
546 417 48 19 hela
611 417 133 19 Tavastehus
761 416 40 20 län.
834 416 71 20 Redan
922 416 24 19 af

192 447 57 19 detta
265 447 57 19 inser
338 452 49 14 man
403 448 30 19 att
449 447 36 20 det
501 448 23 19 är
540 447 86 20 alldeles
644 447 95 26 omöjligt
751 448 30 19 att
792 447 46 19 från
850 446 25 20 så
885 447 60 24 långt

192 477 97 24 aflägsna
305 477 56 19 orter
383 477 72 19 färdas
472 477 30 20 till
518 477 77 23 läkare,
613 477 27 20 då
656 483 49 14 man
721 477 122 24 ytterligare
861 478 60 23 tager
938 477 6 18 i

191 507 138 19 betraktande
352 507 114 19 frånvaron
487 507 24 19 af
524 507 134 24 landsvägar.
692 507 31 20 De
740 507 61 25 sjuka
818 506 21 20 få
855 506 89 20 sålunda

191 536 57 19 lefva
273 537 51 19 eller
347 537 26 19 dö
389 537 7 19 i
413 537 104 19 afsaknad
541 537 23 19 af
585 537 136 25 läkarehjelp.
755 536 78 25 Många
849 536 96 25 sorgliga

192 566 114 20 händelser
322 567 65 19 hafva
403 567 99 25 inträffat,
519 567 34 19 vid
569 567 71 20 hvilka
656 566 158 20 läkarebistånd
830 566 67 20 skulle
909 572 34 14 va-

192 596 27 20 rit
235 597 139 24 ovilkorligen
390 597 135 25 nödvändigt.
938 593 2 2 |

263 626 8 20 I
287 628 29 18 ett
332 626 77 20 sådant
425 627 83 19 distrikt
524 628 22 18 är
562 627 36 19 det
614 627 32 19 för
662 633 27 13 en
700 627 55 19 enda
766 626 71 20 läkare
849 626 94 19 fullkom-

192 656 39 24 ligt
247 656 95 26 omöjligt
359 657 30 19 att
405 656 27 25 på
449 658 30 18 ett
495 657 182 19 tillfredställande
689 658 43 18 sätt
743 656 122 20 handhafva
875 656 68 19 helso-

192 686 40 19 och
248 686 135 26 sjukvården,
400 686 67 25 något
482 692 45 14 som
543 687 108 19 bekräftas
668 687 64 19 äfven
749 686 24 20 af
787 686 92 25 följande
893 686 51 19 hän-

192 716 70 20 delse:
287 716 23 19 år
336 718 55 18 1895
416 717 85 24 spridde
523 717 34 24 sig
573 717 6 19 i
596 716 120 25 Sodankylä
732 716 78 25 syfilis;
828 716 5 19 i
850 716 52 19 brist
917 715 28 25 på

192 746 71 19 läkare
280 746 45 19 blef
339 746 125 25 sjukdomen
479 747 6 19 i
503 746 79 20 tillfälle
600 747 30 19 att
645 747 90 19 utbreda
751 746 34 24 sig
797 746 5 19 i
814 746 66 19 sådan
892 746 52 24 grad

193 776 30 19 att
240 777 27 19 22
285 782 101 18 personer
401 776 69 20 måste
487 776 77 20 sändas
581 776 30 20 till
628 776 113 26 sjukhuset
757 776 6 19 i
775 776 128 22 Rovaniemi,
915 776 29 18 dit

191 806 71 24 vägen
278 806 62 24 utgör
360 807 24 18 12
401 806 42 19 mil.
468 806 63 20 Detta
548 806 66 24 ådrog
630 806 40 19 den
687 806 78 24 fattiga
775 806 127 18 kommunen
913 806 30 18 ut-

192 836 70 24 gifter,
286 835 127 25 uppgående
430 836 30 19 till
475 842 45 13 mer
536 837 26 18 än
578 839 63 16 tusen
658 836 64 19 mark.
755 836 55 19 Mest
827 835 116 25 trängande

192 866 23 18 är
231 865 101 19 behofvet
348 866 24 18 af
386 871 26 13 en
429 866 89 19 särskild
535 866 71 19 läkare
618 866 34 19 för
662 866 69 19 Enare
744 866 40 18 och
796 865 80 25 Utsjoki
888 865 55 19 kom-

191 900 81 18 muner,
295 895 71 19 hvilka
382 895 65 19 hafva
463 896 40 18 den
519 896 85 24 längsta
619 896 70 24 vägen
706 896 30 18 till
752 896 78 18 läkare.
863 894 36 20 Dit
914 894 29 19 öf-

191 925 97 19 verföras
304 925 44 19 ofta
365 925 47 19 från
428 926 65 24 ryska
509 926 58 18 sidan
584 926 130 24 epidemiska
732 925 128 25 sjukdomar,
874 924 69 19 hvilka

192 954 30 20 till
246 954 51 26 följd
322 955 23 19 af
367 955 80 19 bristen
471 955 27 25 på
521 955 70 19 läkare
613 955 21 19 få
656 956 71 24 sprida
743 956 35 23 sig
794 954 39 19 och
849 954 95 19 medföra

192 984 66 20 ofärd.
293 984 5 19 I
322 985 69 19 färskt
413 985 70 19 minne
501 985 37 19 hos
555 985 143 19 innevånarne
715 985 40 19 här
771 984 44 20 står
832 985 56 18 ännu
904 984 41 19 den

192 1014 155 24 tyfusepidemi,
365 1020 46 13 som
428 1014 51 20 åren
497 1016 53 18 1891
568 1015 40 19 och
627 1016 54 18 1892
699 1014 76 20 rasade
792 1014 6 19 i
810 1014 68 25 sagda
888 1014 56 18 kom-

192 1050 80 14 muner.
305 1040 67 23 Äfven
397 1045 41 18 den
463 1045 46 19 kom
529 1044 46 20 från
592 1045 64 24 ryska
671 1044 66 20 sidan.
772 1044 34 19 Uti
822 1044 123 19 densamma

192 1074 125 25 insjuknade
334 1074 5 18 i
356 1074 91 19 nämnda
464 1074 121 20 kommuner
601 1074 60 20 öfver
678 1076 26 17 50
721 1079 109 19 personer,
843 1073 24 19 af
875 1073 70 19 hvilka

194 1106 9 16 7
222 1104 74 18 afledo.
323 1103 39 20 Vid
379 1104 42 19 min
438 1104 71 19 afresa
519 1104 29 19 hit
559 1104 51 19 sade
621 1104 204 24 provincialläkaren
837 1104 33 23 sig
881 1103 64 19 hafva

193 1133 83 19 erhållit
292 1133 138 19 meddelande
449 1134 47 19 från
512 1134 81 25 Utsjoki
611 1135 30 18 att
657 1134 66 24 syfilis
740 1134 55 18 hade
811 1133 134 24 importerats

192 1163 30 19 dit
238 1162 47 20 från
302 1163 77 24 Norge.
405 1163 41 20 För
463 1164 84 19 läkaren
564 1164 62 19 fanns
642 1163 90 20 sålunda
749 1163 19 25 ej
786 1169 70 13 annan
871 1163 72 24 utväg,

192 1193 27 19 än
236 1194 30 18 att
282 1193 87 24 begifva
385 1193 34 25 sig
435 1194 41 19 den
493 1195 26 18 30
537 1191 10 21 å
566 1195 26 18 35
609 1194 35 19 mil
660 1193 65 25 långa
741 1194 71 23 vägen
824 1193 35 19 dit.
884 1189 61 22 Ännu

192 1223 119 24 sorgligare
336 1224 29 22 är,
390 1229 33 13 om
447 1223 70 24 dylika
538 1223 152 20 meddelanden
706 1223 85 19 inträffa
807 1223 66 18 under
889 1227 56 14 men-

192 1252 94 19 förestid.
319 1252 33 19 Då
372 1253 42 18 kan
430 1253 86 19 läkaren
531 1253 46 19 icke
594 1253 82 19 komma
693 1253 55 19 fram
765 1252 39 20 och
821 1252 125 25 sjukdomen

193 1282 33 20 får
241 1288 50 13 rasa
307 1282 144 20 obehindradt.

264 1312 75 19 Hvilka
362 1312 141 25 svårigheter,
528 1318 45 14 som
595 1313 69 19 kunna
680 1312 117 20 förefinnas
814 1311 63 20 äfven
893 1311 6 19 i
916 1311 29 19 af-

193 1342 79 19 seende
296 1342 12 19 å
332 1342 40 19 den
389 1343 96 19 enskilda
500 1342 134 25 sjukvården,
652 1342 95 24 framgår
763 1341 65 20 bland
844 1343 65 17 annat
925 1341 23 19 af

193 1372 93 24 följande
302 1372 164 24 omständighet.
499 1372 70 19 Under
585 1372 97 20 sistlidna
697 1372 70 19 vinter
784 1371 124 25 insjuknade
921 1376 25 14 en

192 1407 78 19 person
287 1402 6 19 i
310 1402 67 18 Enare
395 1402 5 18 i
417 1402 63 24 tyfus.
513 1402 79 19 Läkare
616 1402 169 19 efterskickades
803 1401 48 19 från
866 1400 79 23 Kittilä,

192 1436 49 14 men
257 1431 43 19 han
316 1431 53 19 hade
387 1431 26 20 då
429 1432 68 19 blifvit
513 1432 108 19 afhämtad
636 1432 31 19 till
683 1432 41 19 den
741 1432 131 23 aflägsnaste
885 1430 61 20 delen

194 1461 23 19 af
224 1460 126 24 Sodankylä.
363 1461 68 19 Budet
439 1462 41 18 fick
489 1462 54 19 eftor
551 1461 35 20 två
596 1462 77 19 veckor
682 1461 116 19 återvända
808 1462 50 18 utan
867 1460 78 19 läkare.
