<?xml version="1.0" encoding="UTF-8"?>
<alto xmlns="http://www.loc.gov/standards/alto/ns-v3#" xmlns:xlink="http://www.w3.org/1999/xlink" xmlns:xsi="http://www.w3.org/2001/XMLSchema-instance" xsi:schemaLocation="http://www.loc.gov/standards/alto/ns-v3# http://www.loc.gov/alto/v3/alto-3-0.xsd">
	<Description>
		<MeasurementUnit>pixel</MeasurementUnit>
		<sourceImageInformation>
			<fileName>/tmp/tess_uz1am6dk_input.PNG</fileName>
		</sourceImageInformation>
		<OCRProcessing ID="OCR_0">
			<ocrProcessingStep>
				<processingSoftware>
					<softwareName>tesseract 5.3.4</softwareName>
				</processingSoftware>
			</ocrProcessingStep>
		</OCRProcessing>
	</Description>
	<Layout>
		<Page WIDTH="1092" HEIGHT="1745" PHYSICAL_IMG_NR="0" ID="page_0">
			<PrintSpace HPOS="0" VPOS="0" WIDTH="1092" HEIGHT="1745">
				<ComposedBlock ID="cblock_0" HPOS="230" VPOS="185" WIDTH="568" HEIGHT="24">
					<TextBlock ID="block_0" HPOS="230" VPOS="185" WIDTH="568" HEIGHT="24">
						<TextLine ID="line_0" HPOS="230" VPOS="185" WIDTH="568" HEIGHT="24">
							<String ID="string_0" HPOS="230" VPOS="186" WIDTH="14" HEIGHT="20" WC="0.96" CONTENT="6"/><SP WIDTH="181" VPOS="186" HPOS="244"/>
							<String ID="string_1" HPOS="425" VPOS="186" WIDTH="261" HEIGHT="23" WC="0.91" CONTENT="Motionsbetänkande"/><SP WIDTH="16" VPOS="186" HPOS="686"/>
							<String ID="string_2" HPOS="702" VPOS="187" WIDTH="42" HEIGHT="22" WC="0.96" CONTENT="N:o"/><SP WIDTH="16" VPOS="187" HPOS="744"/>
							<String ID="string_3" HPOS="760" VPOS="185" WIDTH="38" HEIGHT="22" WC="0.96" CONTENT="10."/>
						</TextLine>
					</TextBlock>
				</ComposedBlock>
				<ComposedBlock ID="cblock_1" HPOS="230" VPOS="245" WIDTH="769" HEIGHT="1265">
					<TextBlock ID="block_1" HPOS="230" VPOS="245" WIDTH="762" HEIGHT="238">
						<TextLine ID="line_1" HPOS="231" VPOS="245" WIDTH="760" HEIGHT="26">
							<String ID="string_4" HPOS="231" VPOS="255" WIDTH="51" HEIGHT="14" WC="0.96" CONTENT="som"/><SP WIDTH="21" VPOS="255" HPOS="282"/>
							<String ID="string_5" HPOS="303" VPOS="250" WIDTH="102" HEIGHT="20" WC="0.96" CONTENT="närmast"/><SP WIDTH="15" VPOS="250" HPOS="405"/>
							<String ID="string_6" HPOS="420" VPOS="250" WIDTH="43" HEIGHT="20" WC="0.96" CONTENT="har"/><SP WIDTH="14" VPOS="250" HPOS="463"/>
							<String ID="string_7" HPOS="477" VPOS="250" WIDTH="107" HEIGHT="21" WC="0.93" CONTENT="afseende"/><SP WIDTH="17" VPOS="250" HPOS="584"/>
							<String ID="string_8" HPOS="601" VPOS="250" WIDTH="13" HEIGHT="21" WC="0.93" CONTENT="å"/><SP WIDTH="16" VPOS="250" HPOS="614"/>
							<String ID="string_9" HPOS="630" VPOS="249" WIDTH="175" HEIGHT="22" WC="0.96" CONTENT="förhållandena"/><SP WIDTH="16" VPOS="249" HPOS="805"/>
							<String ID="string_10" HPOS="821" VPOS="249" WIDTH="7" HEIGHT="21" WC="0.96" CONTENT="i"/><SP WIDTH="17" VPOS="249" HPOS="828"/>
							<String ID="string_11" HPOS="845" VPOS="245" WIDTH="146" HEIGHT="25" WC="0.96" CONTENT="Österbotten"/>
						</TextLine>
						<TextLine ID="line_2" HPOS="231" VPOS="277" WIDTH="760" HEIGHT="34">
							<String ID="string_12" HPOS="231" VPOS="283" WIDTH="45" HEIGHT="20" WC="0.96" CONTENT="och"/><SP WIDTH="15" VPOS="283" HPOS="276"/>
							<String ID="string_13" HPOS="291" VPOS="283" WIDTH="30" HEIGHT="27" WC="0.96" CONTENT="på"/><SP WIDTH="10" VPOS="283" HPOS="321"/>
							<String ID="string_14" HPOS="331" VPOS="277" WIDTH="81" HEIGHT="33" WC="0.96" CONTENT="Åland,"/><SP WIDTH="16" VPOS="277" HPOS="412"/>
							<String ID="string_15" HPOS="428" VPOS="284" WIDTH="46" HEIGHT="20" WC="0.96" CONTENT="kan"/><SP WIDTH="17" VPOS="284" HPOS="474"/>
							<String ID="string_16" HPOS="491" VPOS="284" WIDTH="88" HEIGHT="21" WC="0.96" CONTENT="således"/><SP WIDTH="16" VPOS="284" HPOS="579"/>
							<String ID="string_17" HPOS="595" VPOS="291" WIDTH="29" HEIGHT="14" WC="0.96" CONTENT="en"/><SP WIDTH="8" VPOS="291" HPOS="624"/>
							<String ID="string_18" HPOS="632" VPOS="284" WIDTH="135" HEIGHT="26" WC="0.96" CONTENT="minskning"/><SP WIDTH="13" VPOS="284" HPOS="767"/>
							<String ID="string_19" HPOS="780" VPOS="284" WIDTH="6" HEIGHT="20" WC="0.96" CONTENT="i"/><SP WIDTH="12" VPOS="284" HPOS="786"/>
							<String ID="string_20" HPOS="798" VPOS="283" WIDTH="193" HEIGHT="28" WC="0.91" CONTENT="prestaflöningen"/>
						</TextLine>
						<TextLine ID="line_3" HPOS="230" VPOS="317" WIDTH="762" HEIGHT="28">
							<String ID="string_21" HPOS="230" VPOS="323" WIDTH="42" HEIGHT="21" WC="0.92" CONTENT="ega"/><SP WIDTH="15" VPOS="323" HPOS="272"/>
							<String ID="string_22" HPOS="287" VPOS="324" WIDTH="58" HEIGHT="14" WC="0.96" CONTENT="rum."/><SP WIDTH="31" VPOS="324" HPOS="345"/>
							<String ID="string_23" HPOS="376" VPOS="318" WIDTH="84" HEIGHT="21" WC="0.96" CONTENT="Likaså"/><SP WIDTH="19" VPOS="318" HPOS="460"/>
							<String ID="string_24" HPOS="479" VPOS="319" WIDTH="46" HEIGHT="20" WC="0.96" CONTENT="kan"/><SP WIDTH="16" VPOS="319" HPOS="525"/>
							<String ID="string_25" HPOS="541" VPOS="326" WIDTH="29" HEIGHT="13" WC="0.96" CONTENT="en"/><SP WIDTH="15" VPOS="326" HPOS="570"/>
							<String ID="string_26" HPOS="585" VPOS="319" WIDTH="123" HEIGHT="20" WC="0.96" CONTENT="reduktion"/><SP WIDTH="20" VPOS="319" HPOS="708"/>
							<String ID="string_27" HPOS="728" VPOS="319" WIDTH="24" HEIGHT="20" WC="0.93" CONTENT="af"/><SP WIDTH="13" VPOS="319" HPOS="752"/>
							<String ID="string_28" HPOS="765" VPOS="318" WIDTH="131" HEIGHT="27" WC="0.92" CONTENT="aflöningen"/><SP WIDTH="16" VPOS="318" HPOS="896"/>
							<String ID="string_29" HPOS="912" VPOS="317" WIDTH="80" HEIGHT="27" WC="0.93" CONTENT="ifråga-"/>
						</TextLine>
						<TextLine ID="line_4" HPOS="231" VPOS="351" WIDTH="761" HEIGHT="28">
							<String ID="string_30" HPOS="231" VPOS="352" WIDTH="97" HEIGHT="21" WC="0.95" CONTENT="komma"/><SP WIDTH="23" VPOS="352" HPOS="328"/>
							<String ID="string_31" HPOS="351" VPOS="353" WIDTH="68" HEIGHT="26" WC="0.93" CONTENT="enligt"/><SP WIDTH="24" VPOS="353" HPOS="419"/>
							<String ID="string_32" HPOS="443" VPOS="353" WIDTH="135" HEIGHT="26" WC="0.92" CONTENT="stadgandet"/><SP WIDTH="20" VPOS="353" HPOS="578"/>
							<String ID="string_33" HPOS="598" VPOS="353" WIDTH="7" HEIGHT="20" WC="0.96" CONTENT="i"/><SP WIDTH="19" VPOS="353" HPOS="605"/>
							<String ID="string_34" HPOS="624" VPOS="354" WIDTH="13" HEIGHT="25" WC="0.67" CONTENT="&amp;"/><SP WIDTH="18" VPOS="354" HPOS="637"/>
							<String ID="string_35" HPOS="655" VPOS="354" WIDTH="13" HEIGHT="19" WC="0.96" CONTENT="6"/><SP WIDTH="19" VPOS="354" HPOS="668"/>
							<String ID="string_36" HPOS="687" VPOS="353" WIDTH="25" HEIGHT="21" WC="0.96" CONTENT="af"/><SP WIDTH="20" VPOS="353" HPOS="712"/>
							<String ID="string_37" HPOS="732" VPOS="352" WIDTH="171" HEIGHT="27" WC="0.93" CONTENT="förordningen,"/><SP WIDTH="23" VPOS="352" HPOS="903"/>
							<String ID="string_38" HPOS="926" VPOS="351" WIDTH="66" HEIGHT="22" WC="0.92" CONTENT="hvari"/>
						</TextLine>
						<TextLine ID="line_5" HPOS="232" VPOS="386" WIDTH="760" HEIGHT="27">
							<String ID="string_39" HPOS="232" VPOS="386" WIDTH="98" HEIGHT="27" WC="0.92" CONTENT="antydes"/><SP WIDTH="25" VPOS="386" HPOS="330"/>
							<String ID="string_40" HPOS="355" VPOS="387" WIDTH="146" HEIGHT="26" WC="0.91" CONTENT="möjligheten"/><SP WIDTH="24" VPOS="387" HPOS="501"/>
							<String ID="string_41" HPOS="525" VPOS="387" WIDTH="25" HEIGHT="21" WC="0.96" CONTENT="af"/><SP WIDTH="19" VPOS="387" HPOS="550"/>
							<String ID="string_42" HPOS="569" VPOS="390" WIDTH="32" HEIGHT="18" WC="0.96" CONTENT="att"/><SP WIDTH="21" VPOS="390" HPOS="601"/>
							<String ID="string_43" HPOS="622" VPOS="387" WIDTH="37" HEIGHT="21" WC="0.96" CONTENT="det"/><SP WIDTH="21" VPOS="387" HPOS="659"/>
							<String ID="string_44" HPOS="680" VPOS="394" WIDTH="27" HEIGHT="14" WC="0.96" CONTENT="en"/><SP WIDTH="23" VPOS="394" HPOS="707"/>
							<String ID="string_45" HPOS="730" VPOS="387" WIDTH="134" HEIGHT="26" WC="0.93" CONTENT="församling"/><SP WIDTH="16" VPOS="387" HPOS="864"/>
							<String ID="string_46" HPOS="880" VPOS="386" WIDTH="112" HEIGHT="27" WC="0.92" CONTENT="beviljade"/>
						</TextLine>
						<TextLine ID="line_6" HPOS="231" VPOS="421" WIDTH="761" HEIGHT="28">
							<String ID="string_47" HPOS="231" VPOS="421" WIDTH="163" HEIGHT="26" WC="0.92" CONTENT="statsbidraget"/><SP WIDTH="24" VPOS="421" HPOS="394"/>
							<String ID="string_48" HPOS="418" VPOS="421" WIDTH="34" HEIGHT="21" WC="0.93" CONTENT="till"/><SP WIDTH="25" VPOS="421" HPOS="452"/>
							<String ID="string_49" HPOS="477" VPOS="422" WIDTH="179" HEIGHT="27" WC="0.92" CONTENT="presterskapets"/><SP WIDTH="26" VPOS="422" HPOS="656"/>
							<String ID="string_50" HPOS="682" VPOS="421" WIDTH="122" HEIGHT="21" WC="0.93" CONTENT="aflönande"/><SP WIDTH="26" VPOS="421" HPOS="804"/>
							<String ID="string_51" HPOS="830" VPOS="421" WIDTH="47" HEIGHT="20" WC="0.96" CONTENT="kan"/><SP WIDTH="29" VPOS="421" HPOS="877"/>
							<String ID="string_52" HPOS="906" VPOS="421" WIDTH="35" HEIGHT="20" WC="0.91" CONTENT="til"/><SP WIDTH="23" VPOS="421" HPOS="941"/>
							<String ID="string_53" HPOS="964" VPOS="427" WIDTH="28" HEIGHT="13" WC="0.96" CONTENT="en"/>
						</TextLine>
						<TextLine ID="line_7" HPOS="232" VPOS="455" WIDTH="391" HEIGHT="28">
							<String ID="string_54" HPOS="232" VPOS="461" WIDTH="79" HEIGHT="14" WC="0.97" CONTENT="annan"/><SP WIDTH="16" VPOS="461" HPOS="311"/>
							<String ID="string_55" HPOS="327" VPOS="455" WIDTH="134" HEIGHT="27" WC="0.93" CONTENT="församling"/><SP WIDTH="15" VPOS="455" HPOS="461"/>
							<String ID="string_56" HPOS="476" VPOS="456" WIDTH="147" HEIGHT="27" WC="0.92" CONTENT="öfverflyttas."/>
						</TextLine>
					</TextBlock>
					<TextBlock ID="block_2" HPOS="232" VPOS="488" WIDTH="764" HEIGHT="438">
						<TextLine ID="line_8" HPOS="304" VPOS="488" WIDTH="692" HEIGHT="30">
							<String ID="string_57" HPOS="304" VPOS="490" WIDTH="120" HEIGHT="20" WC="0.91" CONTENT="Huruvida"/><SP WIDTH="23" VPOS="490" HPOS="424"/>
							<String ID="string_58" HPOS="447" VPOS="490" WIDTH="104" HEIGHT="21" WC="0.96" CONTENT="däremot"/><SP WIDTH="22" VPOS="490" HPOS="551"/>
							<String ID="string_59" HPOS="573" VPOS="498" WIDTH="28" HEIGHT="13" WC="0.93" CONTENT="en"/><SP WIDTH="25" VPOS="498" HPOS="601"/>
							<String ID="string_60" HPOS="626" VPOS="490" WIDTH="131" HEIGHT="28" WC="0.92" CONTENT="förhöjning"/><SP WIDTH="23" VPOS="490" HPOS="757"/>
							<String ID="string_61" HPOS="780" VPOS="490" WIDTH="55" HEIGHT="20" WC="0.93" CONTENT="eller"/><SP WIDTH="15" VPOS="490" HPOS="835"/>
							<String ID="string_62" HPOS="850" VPOS="489" WIDTH="99" HEIGHT="27" WC="0.92" CONTENT="stegring"/><SP WIDTH="22" VPOS="489" HPOS="949"/>
							<String ID="string_63" HPOS="971" VPOS="488" WIDTH="25" HEIGHT="21" WC="0.96" CONTENT="af"/>
						</TextLine>
						<TextLine ID="line_9" HPOS="233" VPOS="524" WIDTH="760" HEIGHT="28">
							<String ID="string_64" HPOS="233" VPOS="524" WIDTH="161" HEIGHT="27" WC="0.91" CONTENT="lönebeloppet"/><SP WIDTH="15" VPOS="524" HPOS="394"/>
							<String ID="string_65" HPOS="409" VPOS="524" WIDTH="34" HEIGHT="21" WC="0.92" CONTENT="fär"/><SP WIDTH="16" VPOS="524" HPOS="443"/>
							<String ID="string_66" HPOS="459" VPOS="530" WIDTH="39" HEIGHT="22" WC="0.92" CONTENT="ega"/><SP WIDTH="16" VPOS="530" HPOS="498"/>
							<String ID="string_67" HPOS="514" VPOS="532" WIDTH="52" HEIGHT="14" WC="0.96" CONTENT="rum"/><SP WIDTH="17" VPOS="532" HPOS="566"/>
							<String ID="string_68" HPOS="583" VPOS="526" WIDTH="26" HEIGHT="20" WC="0.92" CONTENT="är"/><SP WIDTH="14" VPOS="526" HPOS="609"/>
							<String ID="string_69" HPOS="623" VPOS="526" WIDTH="49" HEIGHT="20" WC="0.91" CONTENT="icke"/><SP WIDTH="9" VPOS="526" HPOS="672"/>
							<String ID="string_70" HPOS="681" VPOS="525" WIDTH="47" HEIGHT="21" WC="0.96" CONTENT="lika"/><SP WIDTH="8" VPOS="525" HPOS="728"/>
							<String ID="string_71" HPOS="736" VPOS="525" WIDTH="65" HEIGHT="21" WC="0.93" CONTENT="klart."/><SP WIDTH="18" VPOS="525" HPOS="801"/>
							<String ID="string_72" HPOS="819" VPOS="524" WIDTH="174" HEIGHT="26" WC="0.92" CONTENT="Förordningen"/>
						</TextLine>
						<TextLine ID="line_10" HPOS="232" VPOS="558" WIDTH="761" HEIGHT="28">
							<String ID="string_73" HPOS="232" VPOS="558" WIDTH="132" HEIGHT="20" WC="0.91" CONTENT="innehäller"/><SP WIDTH="15" VPOS="558" HPOS="364"/>
							<String ID="string_74" HPOS="379" VPOS="558" WIDTH="49" HEIGHT="21" WC="0.92" CONTENT="icke"/><SP WIDTH="16" VPOS="558" HPOS="428"/>
							<String ID="string_75" HPOS="444" VPOS="559" WIDTH="69" HEIGHT="27" WC="0.92" CONTENT="nägot"/><SP WIDTH="10" VPOS="559" HPOS="513"/>
							<String ID="string_76" HPOS="523" VPOS="560" WIDTH="133" HEIGHT="26" WC="0.93" CONTENT="uttryckligt"/><SP WIDTH="11" VPOS="560" HPOS="656"/>
							<String ID="string_77" HPOS="667" VPOS="559" WIDTH="82" HEIGHT="21" WC="0.90" CONTENT="förbud"/><SP WIDTH="9" VPOS="559" HPOS="749"/>
							<String ID="string_78" HPOS="758" VPOS="561" WIDTH="49" HEIGHT="18" WC="0.96" CONTENT="mot"/><SP WIDTH="11" VPOS="561" HPOS="807"/>
							<String ID="string_79" HPOS="818" VPOS="565" WIDTH="28" HEIGHT="14" WC="0.93" CONTENT="en"/><SP WIDTH="9" VPOS="565" HPOS="846"/>
							<String ID="string_80" HPOS="855" VPOS="558" WIDTH="138" HEIGHT="27" WC="0.92" CONTENT="förhöjning,"/>
						</TextLine>
						<TextLine ID="line_11" HPOS="232" VPOS="592" WIDTH="761" HEIGHT="29">
							<String ID="string_81" HPOS="232" VPOS="598" WIDTH="54" HEIGHT="14" WC="0.95" CONTENT="men"/><SP WIDTH="25" VPOS="598" HPOS="286"/>
							<String ID="string_82" HPOS="311" VPOS="592" WIDTH="29" HEIGHT="20" WC="0.93" CONTENT="dä"/><SP WIDTH="23" VPOS="592" HPOS="340"/>
							<String ID="string_83" HPOS="363" VPOS="593" WIDTH="75" HEIGHT="26" WC="0.93" CONTENT="nägon"/><SP WIDTH="25" VPOS="593" HPOS="438"/>
							<String ID="string_84" HPOS="463" VPOS="600" WIDTH="77" HEIGHT="14" WC="0.92" CONTENT="annan"/><SP WIDTH="23" VPOS="600" HPOS="540"/>
							<String ID="string_85" HPOS="563" VPOS="594" WIDTH="133" HEIGHT="27" WC="0.92" CONTENT="förhöjning"/><SP WIDTH="16" VPOS="594" HPOS="696"/>
							<String ID="string_86" HPOS="712" VPOS="596" WIDTH="29" HEIGHT="18" WC="0.97" CONTENT="än"/><SP WIDTH="16" VPOS="596" HPOS="741"/>
							<String ID="string_87" HPOS="757" VPOS="594" WIDTH="44" HEIGHT="20" WC="0.96" CONTENT="den"/><SP WIDTH="17" VPOS="594" HPOS="801"/>
							<String ID="string_88" HPOS="818" VPOS="600" WIDTH="51" HEIGHT="14" WC="0.91" CONTENT="som"/><SP WIDTH="16" VPOS="600" HPOS="869"/>
							<String ID="string_89" HPOS="885" VPOS="592" WIDTH="108" HEIGHT="28" WC="0.91" CONTENT="möjligen"/>
						</TextLine>
						<TextLine ID="line_12" HPOS="232" VPOS="626" WIDTH="761" HEIGHT="28">
							<String ID="string_90" HPOS="232" VPOS="626" WIDTH="97" HEIGHT="27" WC="0.95" CONTENT="beviljas"/><SP WIDTH="23" VPOS="626" HPOS="329"/>
							<String ID="string_91" HPOS="352" VPOS="627" WIDTH="69" HEIGHT="27" WC="0.93" CONTENT="enligt"/><SP WIDTH="20" VPOS="627" HPOS="421"/>
							<String ID="string_92" HPOS="441" VPOS="628" WIDTH="13" HEIGHT="26" WC="0.85" CONTENT="$"/><SP WIDTH="19" VPOS="628" HPOS="454"/>
							<String ID="string_93" HPOS="473" VPOS="629" WIDTH="12" HEIGHT="19" WC="0.93" CONTENT="6"/><SP WIDTH="16" VPOS="629" HPOS="485"/>
							<String ID="string_94" HPOS="501" VPOS="628" WIDTH="50" HEIGHT="21" WC="0.93" CONTENT="icke"/><SP WIDTH="16" VPOS="628" HPOS="551"/>
							<String ID="string_95" HPOS="567" VPOS="628" WIDTH="138" HEIGHT="26" WC="0.91" CONTENT="förutsättes,"/><SP WIDTH="17" VPOS="628" HPOS="705"/>
							<String ID="string_96" HPOS="722" VPOS="628" WIDTH="25" HEIGHT="21" WC="0.96" CONTENT="sä"/><SP WIDTH="15" VPOS="628" HPOS="747"/>
							<String ID="string_97" HPOS="762" VPOS="628" WIDTH="47" HEIGHT="20" WC="0.96" CONTENT="kan"/><SP WIDTH="16" VPOS="628" HPOS="809"/>
							<String ID="string_98" HPOS="825" VPOS="628" WIDTH="43" HEIGHT="26" WC="0.93" CONTENT="väl,"/><SP WIDTH="18" VPOS="628" HPOS="868"/>
							<String ID="string_99" HPOS="886" VPOS="626" WIDTH="107" HEIGHT="22" WC="0.96" CONTENT="särskildt"/>
						</TextLine>
						<TextLine ID="line_13" HPOS="233" VPOS="660" WIDTH="761" HEIGHT="28">
							<String ID="string_100" HPOS="233" VPOS="660" WIDTH="54" HEIGHT="21" WC="0.95" CONTENT="med"/><SP WIDTH="26" VPOS="660" HPOS="287"/>
							<String ID="string_101" HPOS="313" VPOS="661" WIDTH="91" HEIGHT="27" WC="0.95" CONTENT="hänsyn"/><SP WIDTH="16" VPOS="661" HPOS="404"/>
							<String ID="string_102" HPOS="420" VPOS="662" WIDTH="33" HEIGHT="20" WC="0.93" CONTENT="till"/><SP WIDTH="16" VPOS="662" HPOS="453"/>
							<String ID="string_103" HPOS="469" VPOS="662" WIDTH="62" HEIGHT="21" WC="0.92" CONTENT="hvad"/><SP WIDTH="16" VPOS="662" HPOS="531"/>
							<String ID="string_104" HPOS="547" VPOS="663" WIDTH="43" HEIGHT="20" WC="0.92" CONTENT="här"/><SP WIDTH="16" VPOS="663" HPOS="590"/>
							<String ID="string_105" HPOS="606" VPOS="663" WIDTH="68" HEIGHT="20" WC="0.91" CONTENT="ofvan"/><SP WIDTH="16" VPOS="663" HPOS="674"/>
							<String ID="string_106" HPOS="690" VPOS="662" WIDTH="146" HEIGHT="26" WC="0.91" CONTENT="framhällits,"/><SP WIDTH="16" VPOS="662" HPOS="836"/>
							<String ID="string_107" HPOS="852" VPOS="668" WIDTH="28" HEIGHT="14" WC="0.93" CONTENT="en"/><SP WIDTH="16" VPOS="668" HPOS="880"/>
							<String ID="string_108" HPOS="896" VPOS="661" WIDTH="98" HEIGHT="26" WC="0.93" CONTENT="stegring"/>
						</TextLine>
						<TextLine ID="line_14" HPOS="233" VPOS="694" WIDTH="761" HEIGHT="30">
							<String ID="string_109" HPOS="233" VPOS="694" WIDTH="51" HEIGHT="21" WC="0.92" CONTENT="icke"/><SP WIDTH="31" VPOS="694" HPOS="284"/>
							<String ID="string_110" HPOS="315" VPOS="695" WIDTH="173" HEIGHT="28" WC="0.60" CONTENT="ifrägakomma,"/><SP WIDTH="25" VPOS="695" HPOS="488"/>
							<String ID="string_111" HPOS="513" VPOS="696" WIDTH="77" HEIGHT="21" WC="0.96" CONTENT="därest"/><SP WIDTH="26" VPOS="696" HPOS="590"/>
							<String ID="string_112" HPOS="616" VPOS="697" WIDTH="18" HEIGHT="27" WC="0.93" CONTENT="ej"/><SP WIDTH="30" VPOS="697" HPOS="634"/>
							<String ID="string_113" HPOS="664" VPOS="696" WIDTH="330" HEIGHT="26" WC="0.91" CONTENT="församlingsmedlemmarna"/>
						</TextLine>
						<TextLine ID="line_15" HPOS="234" VPOS="728" WIDTH="760" HEIGHT="30">
							<String ID="string_114" HPOS="234" VPOS="728" WIDTH="71" HEIGHT="27" WC="0.96" CONTENT="åtagit"/><SP WIDTH="16" VPOS="728" HPOS="305"/>
							<String ID="string_115" HPOS="321" VPOS="729" WIDTH="33" HEIGHT="27" WC="0.96" CONTENT="sig"/><SP WIDTH="15" VPOS="729" HPOS="354"/>
							<String ID="string_116" HPOS="369" VPOS="736" WIDTH="28" HEIGHT="14" WC="0.96" CONTENT="en"/><SP WIDTH="17" VPOS="736" HPOS="397"/>
							<String ID="string_117" HPOS="414" VPOS="730" WIDTH="78" HEIGHT="21" WC="0.95" CONTENT="sådan."/><SP WIDTH="17" VPOS="730" HPOS="492"/>
							<String ID="string_118" HPOS="509" VPOS="731" WIDTH="44" HEIGHT="20" WC="0.95" CONTENT="Till"/><SP WIDTH="16" VPOS="731" HPOS="553"/>
							<String ID="string_119" HPOS="569" VPOS="731" WIDTH="56" HEIGHT="27" WC="0.96" CONTENT="följd"/><SP WIDTH="17" VPOS="731" HPOS="625"/>
							<String ID="string_120" HPOS="642" VPOS="731" WIDTH="68" HEIGHT="20" WC="0.96" CONTENT="däraf"/><SP WIDTH="12" VPOS="731" HPOS="710"/>
							<String ID="string_121" HPOS="722" VPOS="733" WIDTH="32" HEIGHT="18" WC="0.94" CONTENT="att"/><SP WIDTH="8" VPOS="733" HPOS="754"/>
							<String ID="string_122" HPOS="762" VPOS="730" WIDTH="164" HEIGHT="26" WC="0.94" CONTENT="församlingen"/><SP WIDTH="9" VPOS="730" HPOS="926"/>
							<String ID="string_123" HPOS="935" VPOS="729" WIDTH="59" HEIGHT="21" WC="0.96" CONTENT="skall"/>
						</TextLine>
						<TextLine ID="line_16" HPOS="235" VPOS="763" WIDTH="760" HEIGHT="29">
							<String ID="string_124" HPOS="235" VPOS="763" WIDTH="53" HEIGHT="21" WC="0.94" CONTENT="med"/><SP WIDTH="23" VPOS="763" HPOS="288"/>
							<String ID="string_125" HPOS="311" VPOS="764" WIDTH="86" HEIGHT="20" WC="0.94" CONTENT="hälften"/><SP WIDTH="24" VPOS="764" HPOS="397"/>
							<String ID="string_126" HPOS="421" VPOS="764" WIDTH="89" HEIGHT="28" WC="0.96" CONTENT="deltaga"/><SP WIDTH="16" VPOS="764" HPOS="510"/>
							<String ID="string_127" HPOS="526" VPOS="765" WIDTH="6" HEIGHT="20" WC="0.96" CONTENT="i"/><SP WIDTH="16" VPOS="765" HPOS="532"/>
							<String ID="string_128" HPOS="548" VPOS="765" WIDTH="156" HEIGHT="21" WC="0.96" CONTENT="kostnaderna"/><SP WIDTH="16" VPOS="765" HPOS="704"/>
							<String ID="string_129" HPOS="720" VPOS="765" WIDTH="34" HEIGHT="20" WC="0.93" CONTENT="för"/><SP WIDTH="16" VPOS="765" HPOS="754"/>
							<String ID="string_130" HPOS="770" VPOS="764" WIDTH="137" HEIGHT="27" WC="0.92" CONTENT="uppbörden"/><SP WIDTH="15" VPOS="764" HPOS="907"/>
							<String ID="string_131" HPOS="922" VPOS="764" WIDTH="22" HEIGHT="26" WC="0.90" CONTENT="(8"/><SP WIDTH="17" VPOS="764" HPOS="944"/>
							<String ID="string_132" HPOS="961" VPOS="764" WIDTH="34" HEIGHT="26" WC="0.95" CONTENT="13)"/>
						</TextLine>
						<TextLine ID="line_17" HPOS="234" VPOS="798" WIDTH="761" HEIGHT="28">
							<String ID="string_133" HPOS="234" VPOS="798" WIDTH="45" HEIGHT="20" WC="0.92" CONTENT="och"/><SP WIDTH="22" VPOS="798" HPOS="279"/>
							<String ID="string_134" HPOS="301" VPOS="798" WIDTH="167" HEIGHT="28" WC="0.92" CONTENT="presterskapet"/><SP WIDTH="20" VPOS="798" HPOS="468"/>
							<String ID="string_135" HPOS="488" VPOS="800" WIDTH="132" HEIGHT="26" WC="0.37" CONTENT="berättigais"/><SP WIDTH="22" VPOS="800" HPOS="620"/>
							<String ID="string_136" HPOS="642" VPOS="802" WIDTH="32" HEIGHT="18" WC="0.96" CONTENT="att"/><SP WIDTH="22" VPOS="802" HPOS="674"/>
							<String ID="string_137" HPOS="696" VPOS="799" WIDTH="106" HEIGHT="27" WC="0.96" CONTENT="uppbära"/><SP WIDTH="21" VPOS="799" HPOS="802"/>
							<String ID="string_138" HPOS="823" VPOS="799" WIDTH="64" HEIGHT="20" WC="0.96" CONTENT="lösen"/><SP WIDTH="17" VPOS="799" HPOS="887"/>
							<String ID="string_139" HPOS="904" VPOS="798" WIDTH="43" HEIGHT="21" WC="0.93" CONTENT="och"/><SP WIDTH="16" VPOS="798" HPOS="947"/>
							<String ID="string_140" HPOS="963" VPOS="804" WIDTH="32" HEIGHT="14" WC="0.92" CONTENT="er-"/>
						</TextLine>
						<TextLine ID="line_18" HPOS="237" VPOS="832" WIDTH="759" HEIGHT="29">
							<String ID="string_141" HPOS="237" VPOS="832" WIDTH="101" HEIGHT="26" WC="0.96" CONTENT="sättning"/><SP WIDTH="30" VPOS="832" HPOS="338"/>
							<String ID="string_142" HPOS="368" VPOS="832" WIDTH="35" HEIGHT="21" WC="0.96" CONTENT="för"/><SP WIDTH="29" VPOS="832" HPOS="403"/>
							<String ID="string_143" HPOS="432" VPOS="834" WIDTH="113" HEIGHT="20" WC="0.94" CONTENT="särskilda"/><SP WIDTH="30" VPOS="834" HPOS="545"/>
							<String ID="string_144" HPOS="575" VPOS="834" WIDTH="157" HEIGHT="27" WC="0.96" CONTENT="expeditioner"/><SP WIDTH="29" VPOS="834" HPOS="732"/>
							<String ID="string_145" HPOS="761" VPOS="833" WIDTH="45" HEIGHT="21" WC="0.96" CONTENT="och"/><SP WIDTH="28" VPOS="833" HPOS="806"/>
							<String ID="string_146" HPOS="834" VPOS="832" WIDTH="162" HEIGHT="26" WC="0.78" CONTENT="förrättningar"/>
						</TextLine>
						<TextLine ID="line_19" HPOS="234" VPOS="866" WIDTH="761" HEIGHT="28">
							<String ID="string_147" HPOS="234" VPOS="866" WIDTH="21" HEIGHT="25" WC="0.91" CONTENT="($"/><SP WIDTH="24" VPOS="866" HPOS="255"/>
							<String ID="string_148" HPOS="279" VPOS="867" WIDTH="34" HEIGHT="26" WC="0.95" CONTENT="11)"/><SP WIDTH="22" VPOS="867" HPOS="313"/>
							<String ID="string_149" HPOS="335" VPOS="867" WIDTH="42" HEIGHT="20" WC="0.96" CONTENT="har"/><SP WIDTH="22" VPOS="867" HPOS="377"/>
							<String ID="string_150" HPOS="399" VPOS="867" WIDTH="60" HEIGHT="21" WC="0.95" CONTENT="dock"/><SP WIDTH="23" VPOS="867" HPOS="459"/>
							<String ID="string_151" HPOS="482" VPOS="868" WIDTH="84" HEIGHT="20" WC="0.95" CONTENT="faktisk"/><SP WIDTH="16" VPOS="868" HPOS="566"/>
							<String ID="string_152" HPOS="582" VPOS="868" WIDTH="7" HEIGHT="20" WC="0.96" CONTENT="i"/><SP WIDTH="16" VPOS="868" HPOS="589"/>
							<String ID="string_153" HPOS="605" VPOS="868" WIDTH="76" HEIGHT="26" WC="0.96" CONTENT="regeln"/><SP WIDTH="23" VPOS="868" HPOS="681"/>
							<String ID="string_154" HPOS="704" VPOS="875" WIDTH="27" HEIGHT="13" WC="0.96" CONTENT="en"/><SP WIDTH="26" VPOS="875" HPOS="731"/>
							<String ID="string_155" HPOS="757" VPOS="867" WIDTH="91" HEIGHT="20" WC="0.96" CONTENT="mindre"/><SP WIDTH="16" VPOS="867" HPOS="848"/>
							<String ID="string_156" HPOS="864" VPOS="866" WIDTH="131" HEIGHT="27" WC="0.96" CONTENT="förhöjning"/>
						</TextLine>
						<TextLine ID="line_20" HPOS="234" VPOS="902" WIDTH="109" HEIGHT="24">
							<String ID="string_157" HPOS="234" VPOS="902" WIDTH="36" HEIGHT="24" WC="0.95" CONTENT="egt"/><SP WIDTH="16" VPOS="902" HPOS="270"/>
							<String ID="string_158" HPOS="286" VPOS="907" WIDTH="57" HEIGHT="14" WC="0.95" CONTENT="rum."/>
						</TextLine>
					</TextBlock>
					<TextBlock ID="block_3" HPOS="234" VPOS="935" WIDTH="762" HEIGHT="166">
						<TextLine ID="line_21" HPOS="306" VPOS="935" WIDTH="689" HEIGHT="27">
							<String ID="string_159" HPOS="306" VPOS="935" WIDTH="184" HEIGHT="27" WC="0.91" CONTENT="Författningens"/><SP WIDTH="23" VPOS="935" HPOS="490"/>
							<String ID="string_160" HPOS="513" VPOS="936" WIDTH="110" HEIGHT="21" WC="0.96" CONTENT="ändamål"/><SP WIDTH="24" VPOS="936" HPOS="623"/>
							<String ID="string_161" HPOS="647" VPOS="936" WIDTH="71" HEIGHT="21" WC="0.96" CONTENT="måste"/><SP WIDTH="23" VPOS="936" HPOS="718"/>
							<String ID="string_162" HPOS="741" VPOS="935" WIDTH="79" HEIGHT="21" WC="0.96" CONTENT="därför"/><SP WIDTH="15" VPOS="935" HPOS="820"/>
							<String ID="string_163" HPOS="835" VPOS="935" WIDTH="53" HEIGHT="20" WC="0.96" CONTENT="med"/><SP WIDTH="15" VPOS="935" HPOS="888"/>
							<String ID="string_164" HPOS="903" VPOS="935" WIDTH="92" HEIGHT="26" WC="0.95" CONTENT="hänsyn"/>
						</TextLine>
						<TextLine ID="line_22" HPOS="234" VPOS="969" WIDTH="762" HEIGHT="28">
							<String ID="string_165" HPOS="234" VPOS="969" WIDTH="33" HEIGHT="20" WC="0.95" CONTENT="till"/><SP WIDTH="24" VPOS="969" HPOS="267"/>
							<String ID="string_166" HPOS="291" VPOS="969" WIDTH="62" HEIGHT="21" WC="0.96" CONTENT="hvad"/><SP WIDTH="24" VPOS="969" HPOS="353"/>
							<String ID="string_167" HPOS="377" VPOS="970" WIDTH="68" HEIGHT="21" WC="0.95" CONTENT="ofvan"/><SP WIDTH="25" VPOS="970" HPOS="445"/>
							<String ID="string_168" HPOS="470" VPOS="971" WIDTH="87" HEIGHT="20" WC="0.96" CONTENT="anförts"/><SP WIDTH="22" VPOS="971" HPOS="557"/>
							<String ID="string_169" HPOS="579" VPOS="977" WIDTH="56" HEIGHT="14" WC="0.95" CONTENT="vara"/><SP WIDTH="23" VPOS="977" HPOS="635"/>
							<String ID="string_170" HPOS="658" VPOS="977" WIDTH="27" HEIGHT="14" WC="0.94" CONTENT="en"/><SP WIDTH="23" VPOS="977" HPOS="685"/>
							<String ID="string_171" HPOS="708" VPOS="970" WIDTH="112" HEIGHT="27" WC="0.94" CONTENT="reglering"/><SP WIDTH="22" VPOS="970" HPOS="820"/>
							<String ID="string_172" HPOS="842" VPOS="969" WIDTH="25" HEIGHT="20" WC="0.93" CONTENT="af"/><SP WIDTH="13" VPOS="969" HPOS="867"/>
							<String ID="string_173" HPOS="880" VPOS="970" WIDTH="66" HEIGHT="19" WC="0.96" CONTENT="sättet"/><SP WIDTH="15" VPOS="970" HPOS="946"/>
							<String ID="string_174" HPOS="961" VPOS="969" WIDTH="35" HEIGHT="20" WC="0.96" CONTENT="för"/>
						</TextLine>
						<TextLine ID="line_23" HPOS="236" VPOS="1003" WIDTH="759" HEIGHT="28">
							<String ID="string_175" HPOS="236" VPOS="1003" WIDTH="144" HEIGHT="27" WC="0.90" CONTENT="aflöningens"/><SP WIDTH="16" VPOS="1003" HPOS="380"/>
							<String ID="string_176" HPOS="396" VPOS="1005" WIDTH="125" HEIGHT="26" WC="0.93" CONTENT="utgörande"/><SP WIDTH="16" VPOS="1005" HPOS="521"/>
							<String ID="string_177" HPOS="537" VPOS="1005" WIDTH="10" HEIGHT="20" WC="0.93" CONTENT="å"/><SP WIDTH="12" VPOS="1005" HPOS="547"/>
							<String ID="string_178" HPOS="559" VPOS="1012" WIDTH="49" HEIGHT="19" WC="0.95" CONTENT="ena,"/><SP WIDTH="10" VPOS="1012" HPOS="608"/>
							<String ID="string_179" HPOS="618" VPOS="1005" WIDTH="44" HEIGHT="21" WC="0.92" CONTENT="och"/><SP WIDTH="8" VPOS="1005" HPOS="662"/>
							<String ID="string_180" HPOS="670" VPOS="1005" WIDTH="80" HEIGHT="20" WC="0.91" CONTENT="lönens"/><SP WIDTH="10" VPOS="1005" HPOS="750"/>
							<String ID="string_181" HPOS="760" VPOS="1003" WIDTH="130" HEIGHT="26" WC="0.96" CONTENT="fördelning"/><SP WIDTH="8" VPOS="1003" HPOS="890"/>
							<String ID="string_182" HPOS="898" VPOS="1003" WIDTH="97" HEIGHT="20" WC="0.95" CONTENT="emellan"/>
						</TextLine>
						<TextLine ID="line_24" HPOS="235" VPOS="1037" WIDTH="761" HEIGHT="29">
							<String ID="string_183" HPOS="235" VPOS="1037" WIDTH="154" HEIGHT="28" WC="0.91" CONTENT="löntagarene,"/><SP WIDTH="17" VPOS="1037" HPOS="389"/>
							<String ID="string_184" HPOS="406" VPOS="1039" WIDTH="29" HEIGHT="27" WC="0.96" CONTENT="på"/><SP WIDTH="16" VPOS="1039" HPOS="435"/>
							<String ID="string_185" HPOS="451" VPOS="1039" WIDTH="43" HEIGHT="21" WC="0.96" CONTENT="den"/><SP WIDTH="17" VPOS="1039" HPOS="494"/>
							<String ID="string_186" HPOS="511" VPOS="1040" WIDTH="72" HEIGHT="20" WC="0.96" CONTENT="andra"/><SP WIDTH="17" VPOS="1040" HPOS="583"/>
							<String ID="string_187" HPOS="600" VPOS="1039" WIDTH="73" HEIGHT="26" WC="0.96" CONTENT="sidan,"/><SP WIDTH="17" VPOS="1039" HPOS="673"/>
							<String ID="string_188" HPOS="690" VPOS="1039" WIDTH="69" HEIGHT="21" WC="0.96" CONTENT="likväl"/><SP WIDTH="9" VPOS="1039" HPOS="759"/>
							<String ID="string_189" HPOS="768" VPOS="1038" WIDTH="54" HEIGHT="21" WC="0.96" CONTENT="med"/><SP WIDTH="12" VPOS="1038" HPOS="822"/>
							<String ID="string_190" HPOS="834" VPOS="1038" WIDTH="28" HEIGHT="20" WC="0.93" CONTENT="de"/><SP WIDTH="14" VPOS="1038" HPOS="862"/>
							<String ID="string_191" HPOS="876" VPOS="1037" WIDTH="120" HEIGHT="21" WC="0.92" CONTENT="modifika-"/>
						</TextLine>
						<TextLine ID="line_25" HPOS="234" VPOS="1071" WIDTH="622" HEIGHT="30">
							<String ID="string_192" HPOS="234" VPOS="1071" WIDTH="81" HEIGHT="27" WC="0.96" CONTENT="tioner,"/><SP WIDTH="17" VPOS="1071" HPOS="315"/>
							<String ID="string_193" HPOS="332" VPOS="1079" WIDTH="50" HEIGHT="14" WC="0.96" CONTENT="som"/><SP WIDTH="16" VPOS="1079" HPOS="382"/>
							<String ID="string_194" HPOS="398" VPOS="1073" WIDTH="68" HEIGHT="21" WC="0.93" CONTENT="ofvan"/><SP WIDTH="14" VPOS="1073" HPOS="466"/>
							<String ID="string_195" HPOS="480" VPOS="1074" WIDTH="101" HEIGHT="27" WC="0.91" CONTENT="antydda"/><SP WIDTH="17" VPOS="1074" HPOS="581"/>
							<String ID="string_196" HPOS="598" VPOS="1074" WIDTH="117" HEIGHT="26" WC="0.96" CONTENT="undantag"/><SP WIDTH="16" VPOS="1074" HPOS="715"/>
							<String ID="string_197" HPOS="731" VPOS="1072" WIDTH="125" HEIGHT="22" WC="0.96" CONTENT="föranleda."/>
						</TextLine>
					</TextBlock>
					<TextBlock ID="block_4" HPOS="234" VPOS="1105" WIDTH="763" HEIGHT="201">
						<TextLine ID="line_26" HPOS="305" VPOS="1105" WIDTH="691" HEIGHT="30">
							<String ID="string_198" HPOS="305" VPOS="1107" WIDTH="46" HEIGHT="20" WC="0.96" CONTENT="För"/><SP WIDTH="15" VPOS="1107" HPOS="351"/>
							<String ID="string_199" HPOS="366" VPOS="1110" WIDTH="31" HEIGHT="18" WC="0.96" CONTENT="att"/><SP WIDTH="16" VPOS="1110" HPOS="397"/>
							<String ID="string_200" HPOS="413" VPOS="1108" WIDTH="79" HEIGHT="20" WC="0.96" CONTENT="kunna"/><SP WIDTH="16" VPOS="1108" HPOS="492"/>
							<String ID="string_201" HPOS="508" VPOS="1108" WIDTH="99" HEIGHT="21" WC="0.96" CONTENT="bedöma"/><SP WIDTH="16" VPOS="1108" HPOS="607"/>
							<String ID="string_202" HPOS="623" VPOS="1108" WIDTH="37" HEIGHT="21" WC="0.96" CONTENT="det"/><SP WIDTH="16" VPOS="1108" HPOS="660"/>
							<String ID="string_203" HPOS="676" VPOS="1110" WIDTH="50" HEIGHT="24" WC="0.96" CONTENT="sätt,"/><SP WIDTH="16" VPOS="1110" HPOS="726"/>
							<String ID="string_204" HPOS="742" VPOS="1108" WIDTH="30" HEIGHT="27" WC="0.96" CONTENT="på"/><SP WIDTH="11" VPOS="1108" HPOS="772"/>
							<String ID="string_205" HPOS="783" VPOS="1106" WIDTH="89" HEIGHT="22" WC="0.93" CONTENT="hvilket"/><SP WIDTH="11" VPOS="1106" HPOS="872"/>
							<String ID="string_206" HPOS="883" VPOS="1105" WIDTH="113" HEIGHT="21" WC="0.92" CONTENT="föreskrif-"/>
						</TextLine>
						<TextLine ID="line_27" HPOS="234" VPOS="1140" WIDTH="763" HEIGHT="29">
							<String ID="string_207" HPOS="234" VPOS="1142" WIDTH="65" HEIGHT="19" WC="0.95" CONTENT="terna"/><SP WIDTH="24" VPOS="1142" HPOS="299"/>
							<String ID="string_208" HPOS="323" VPOS="1141" WIDTH="8" HEIGHT="20" WC="0.95" CONTENT="i"/><SP WIDTH="25" VPOS="1141" HPOS="331"/>
							<String ID="string_209" HPOS="356" VPOS="1142" WIDTH="53" HEIGHT="20" WC="0.96" CONTENT="1886"/><SP WIDTH="24" VPOS="1142" HPOS="409"/>
							<String ID="string_210" HPOS="433" VPOS="1142" WIDTH="36" HEIGHT="21" WC="0.96" CONTENT="års"/><SP WIDTH="24" VPOS="1142" HPOS="469"/>
							<String ID="string_211" HPOS="493" VPOS="1143" WIDTH="134" HEIGHT="26" WC="0.96" CONTENT="förordning"/><SP WIDTH="24" VPOS="1143" HPOS="627"/>
							<String ID="string_212" HPOS="651" VPOS="1142" WIDTH="37" HEIGHT="21" WC="0.88" CONTENT="vid"/><SP WIDTH="24" VPOS="1142" HPOS="688"/>
							<String ID="string_213" HPOS="712" VPOS="1141" WIDTH="132" HEIGHT="22" WC="0.88" CONTENT="verkstälda"/><SP WIDTH="16" VPOS="1141" HPOS="844"/>
							<String ID="string_214" HPOS="860" VPOS="1140" WIDTH="137" HEIGHT="26" WC="0.96" CONTENT="regleringar"/>
						</TextLine>
						<TextLine ID="line_28" HPOS="235" VPOS="1174" WIDTH="761" HEIGHT="29">
							<String ID="string_215" HPOS="235" VPOS="1175" WIDTH="134" HEIGHT="27" WC="0.95" CONTENT="tillämpats,"/><SP WIDTH="17" VPOS="1175" HPOS="369"/>
							<String ID="string_216" HPOS="386" VPOS="1176" WIDTH="42" HEIGHT="21" WC="0.96" CONTENT="har"/><SP WIDTH="15" VPOS="1176" HPOS="428"/>
							<String ID="string_217" HPOS="443" VPOS="1177" WIDTH="109" HEIGHT="21" WC="0.96" CONTENT="utskottet"/><SP WIDTH="15" VPOS="1177" HPOS="552"/>
							<String ID="string_218" HPOS="567" VPOS="1179" WIDTH="75" HEIGHT="18" WC="0.93" CONTENT="ansett"/><SP WIDTH="15" VPOS="1179" HPOS="642"/>
							<String ID="string_219" HPOS="657" VPOS="1176" WIDTH="79" HEIGHT="27" WC="0.91" CONTENT="nödigt"/><SP WIDTH="14" VPOS="1176" HPOS="736"/>
							<String ID="string_220" HPOS="750" VPOS="1178" WIDTH="53" HEIGHT="24" WC="0.96" CONTENT="taga"/><SP WIDTH="13" VPOS="1178" HPOS="803"/>
							<String ID="string_221" HPOS="816" VPOS="1174" WIDTH="132" HEIGHT="21" WC="0.96" CONTENT="kännedom"/><SP WIDTH="9" VPOS="1174" HPOS="948"/>
							<String ID="string_222" HPOS="957" VPOS="1181" WIDTH="39" HEIGHT="13" WC="0.95" CONTENT="om"/>
						</TextLine>
						<TextLine ID="line_29" HPOS="234" VPOS="1208" WIDTH="761" HEIGHT="29">
							<String ID="string_223" HPOS="234" VPOS="1209" WIDTH="19" HEIGHT="27" WC="0.96" CONTENT="ej"/><SP WIDTH="18" VPOS="1209" HPOS="253"/>
							<String ID="string_224" HPOS="271" VPOS="1210" WIDTH="90" HEIGHT="20" WC="0.96" CONTENT="mindre"/><SP WIDTH="21" VPOS="1210" HPOS="361"/>
							<String ID="string_225" HPOS="382" VPOS="1210" WIDTH="27" HEIGHT="21" WC="0.96" CONTENT="de"/><SP WIDTH="16" VPOS="1210" HPOS="409"/>
							<String ID="string_226" HPOS="425" VPOS="1210" WIDTH="38" HEIGHT="21" WC="0.96" CONTENT="vid"/><SP WIDTH="17" VPOS="1210" HPOS="463"/>
							<String ID="string_227" HPOS="480" VPOS="1211" WIDTH="113" HEIGHT="21" WC="0.93" CONTENT="särskilda"/><SP WIDTH="16" VPOS="1211" HPOS="593"/>
							<String ID="string_228" HPOS="609" VPOS="1210" WIDTH="221" HEIGHT="27" WC="0.91" CONTENT="regleringsförslags"/><SP WIDTH="17" VPOS="1210" HPOS="830"/>
							<String ID="string_229" HPOS="847" VPOS="1208" WIDTH="148" HEIGHT="28" WC="0.92" CONTENT="uppgörande"/>
						</TextLine>
						<TextLine ID="line_30" HPOS="234" VPOS="1242" WIDTH="762" HEIGHT="28">
							<String ID="string_230" HPOS="234" VPOS="1244" WIDTH="7" HEIGHT="20" WC="0.96" CONTENT="i"/><SP WIDTH="17" VPOS="1244" HPOS="241"/>
							<String ID="string_231" HPOS="258" VPOS="1244" WIDTH="62" HEIGHT="20" WC="0.96" CONTENT="olika"/><SP WIDTH="15" VPOS="1244" HPOS="320"/>
							<String ID="string_232" HPOS="335" VPOS="1244" WIDTH="64" HEIGHT="21" WC="0.96" CONTENT="delar"/><SP WIDTH="14" VPOS="1244" HPOS="399"/>
							<String ID="string_233" HPOS="413" VPOS="1245" WIDTH="26" HEIGHT="20" WC="0.96" CONTENT="af"/><SP WIDTH="12" VPOS="1245" HPOS="439"/>
							<String ID="string_234" HPOS="451" VPOS="1246" WIDTH="77" HEIGHT="20" WC="0.96" CONTENT="landet"/><SP WIDTH="14" VPOS="1246" HPOS="528"/>
							<String ID="string_235" HPOS="542" VPOS="1246" WIDTH="123" HEIGHT="20" WC="0.96" CONTENT="tillkomna"/><SP WIDTH="16" VPOS="1246" HPOS="665"/>
							<String ID="string_236" HPOS="681" VPOS="1244" WIDTH="139" HEIGHT="26" WC="0.96" CONTENT="handlingar"/><SP WIDTH="11" VPOS="1244" HPOS="820"/>
							<String ID="string_237" HPOS="831" VPOS="1244" WIDTH="30" HEIGHT="20" WC="0.96" CONTENT="än"/><SP WIDTH="12" VPOS="1244" HPOS="861"/>
							<String ID="string_238" HPOS="873" VPOS="1242" WIDTH="123" HEIGHT="28" WC="0.95" CONTENT="Kejserliga"/>
						</TextLine>
						<TextLine ID="line_31" HPOS="235" VPOS="1278" WIDTH="651" HEIGHT="28">
							<String ID="string_239" HPOS="235" VPOS="1278" WIDTH="112" HEIGHT="21" WC="0.91" CONTENT="Senatens"/><SP WIDTH="15" VPOS="1278" HPOS="347"/>
							<String ID="string_240" HPOS="362" VPOS="1280" WIDTH="74" HEIGHT="26" WC="0.96" CONTENT="utslag"/><SP WIDTH="15" VPOS="1280" HPOS="436"/>
							<String ID="string_241" HPOS="451" VPOS="1280" WIDTH="97" HEIGHT="20" WC="0.96" CONTENT="rörande"/><SP WIDTH="17" VPOS="1280" HPOS="548"/>
							<String ID="string_242" HPOS="565" VPOS="1286" WIDTH="90" HEIGHT="14" WC="0.93" CONTENT="samma"/><SP WIDTH="15" VPOS="1286" HPOS="655"/>
							<String ID="string_243" HPOS="670" VPOS="1278" WIDTH="216" HEIGHT="28" WC="0.91" CONTENT="regleringsförslag."/>
						</TextLine>
					</TextBlock>
					<TextBlock ID="block_5" HPOS="234" VPOS="1310" WIDTH="765" HEIGHT="200">
						<TextLine ID="line_32" HPOS="305" VPOS="1310" WIDTH="691" HEIGHT="31">
							<String ID="string_244" HPOS="305" VPOS="1313" WIDTH="62" HEIGHT="20" WC="0.96" CONTENT="Efter"/><SP WIDTH="22" VPOS="1313" HPOS="367"/>
							<String ID="string_245" HPOS="389" VPOS="1313" WIDTH="38" HEIGHT="20" WC="0.96" CONTENT="det"/><SP WIDTH="25" VPOS="1313" HPOS="427"/>
							<String ID="string_246" HPOS="452" VPOS="1313" WIDTH="123" HEIGHT="28" WC="0.95" CONTENT="Kejserliga"/><SP WIDTH="23" VPOS="1313" HPOS="575"/>
							<String ID="string_247" HPOS="598" VPOS="1313" WIDTH="97" HEIGHT="21" WC="0.96" CONTENT="Senaten"/><SP WIDTH="23" VPOS="1313" HPOS="695"/>
							<String ID="string_248" HPOS="718" VPOS="1313" WIDTH="6" HEIGHT="20" WC="0.92" CONTENT="i"/><SP WIDTH="21" VPOS="1313" HPOS="724"/>
							<String ID="string_249" HPOS="745" VPOS="1311" WIDTH="156" HEIGHT="22" WC="0.92" CONTENT="cirkulärbref"/><SP WIDTH="13" VPOS="1311" HPOS="901"/>
							<String ID="string_250" HPOS="914" VPOS="1311" WIDTH="25" HEIGHT="20" WC="0.96" CONTENT="af"/><SP WIDTH="12" VPOS="1311" HPOS="939"/>
							<String ID="string_251" HPOS="951" VPOS="1310" WIDTH="45" HEIGHT="21" WC="0.95" CONTENT="den"/>
						</TextLine>
						<TextLine ID="line_33" HPOS="235" VPOS="1345" WIDTH="762" HEIGHT="29">
							<String ID="string_252" HPOS="235" VPOS="1347" WIDTH="28" HEIGHT="19" WC="0.96" CONTENT="24"/><SP WIDTH="17" VPOS="1347" HPOS="263"/>
							<String ID="string_253" HPOS="280" VPOS="1347" WIDTH="111" HEIGHT="20" WC="0.96" CONTENT="Februari"/><SP WIDTH="18" VPOS="1347" HPOS="391"/>
							<String ID="string_254" HPOS="409" VPOS="1348" WIDTH="60" HEIGHT="26" WC="0.96" CONTENT="1887,"/><SP WIDTH="20" VPOS="1348" HPOS="469"/>
							<String ID="string_255" HPOS="489" VPOS="1348" WIDTH="86" HEIGHT="20" WC="0.96" CONTENT="hvilket"/><SP WIDTH="15" VPOS="1348" HPOS="575"/>
							<String ID="string_256" HPOS="590" VPOS="1347" WIDTH="66" HEIGHT="26" WC="0.96" CONTENT="ingår"/><SP WIDTH="15" VPOS="1347" HPOS="656"/>
							<String ID="string_257" HPOS="671" VPOS="1347" WIDTH="6" HEIGHT="21" WC="0.96" CONTENT="i"/><SP WIDTH="16" VPOS="1347" HPOS="677"/>
							<String ID="string_258" HPOS="693" VPOS="1346" WIDTH="113" HEIGHT="21" WC="0.96" CONTENT="Finlands"/><SP WIDTH="17" VPOS="1346" HPOS="806"/>
							<String ID="string_259" HPOS="823" VPOS="1345" WIDTH="119" HEIGHT="20" WC="0.93" CONTENT="allmänna"/><SP WIDTH="13" VPOS="1345" HPOS="942"/>
							<String ID="string_260" HPOS="955" VPOS="1345" WIDTH="42" HEIGHT="20" WC="0.90" CONTENT="för-"/>
						</TextLine>
						<TextLine ID="line_34" HPOS="237" VPOS="1379" WIDTH="761" HEIGHT="28">
							<String ID="string_261" HPOS="237" VPOS="1380" WIDTH="217" HEIGHT="27" WC="0.91" CONTENT="fattningssamling,"/><SP WIDTH="21" VPOS="1380" HPOS="454"/>
							<String ID="string_262" HPOS="475" VPOS="1384" WIDTH="68" HEIGHT="18" WC="0.96" CONTENT="utsett"/><SP WIDTH="22" VPOS="1384" HPOS="543"/>
							<String ID="string_263" HPOS="565" VPOS="1381" WIDTH="139" HEIGHT="21" WC="0.96" CONTENT="ordförande"/><SP WIDTH="22" VPOS="1381" HPOS="704"/>
							<String ID="string_264" HPOS="726" VPOS="1381" WIDTH="7" HEIGHT="20" WC="0.96" CONTENT="i"/><SP WIDTH="25" VPOS="1381" HPOS="733"/>
							<String ID="string_265" HPOS="758" VPOS="1381" WIDTH="29" HEIGHT="20" WC="0.96" CONTENT="de"/><SP WIDTH="27" VPOS="1381" HPOS="787"/>
							<String ID="string_266" HPOS="814" VPOS="1379" WIDTH="75" HEIGHT="21" WC="0.92" CONTENT="skilda"/><SP WIDTH="27" VPOS="1379" HPOS="889"/>
							<String ID="string_267" HPOS="916" VPOS="1379" WIDTH="82" HEIGHT="20" WC="0.91" CONTENT="länens"/>
						</TextLine>
						<TextLine ID="line_35" HPOS="239" VPOS="1413" WIDTH="759" HEIGHT="29">
							<String ID="string_268" HPOS="239" VPOS="1415" WIDTH="236" HEIGHT="26" WC="0.91" CONTENT="regleringskomiteer"/><SP WIDTH="16" VPOS="1415" HPOS="475"/>
							<String ID="string_269" HPOS="491" VPOS="1416" WIDTH="42" HEIGHT="21" WC="0.96" CONTENT="och"/><SP WIDTH="16" VPOS="1416" HPOS="533"/>
							<String ID="string_270" HPOS="549" VPOS="1415" WIDTH="116" HEIGHT="21" WC="0.96" CONTENT="meddelat"/><SP WIDTH="15" VPOS="1415" HPOS="665"/>
							<String ID="string_271" HPOS="680" VPOS="1415" WIDTH="69" HEIGHT="27" WC="0.96" CONTENT="några"/><SP WIDTH="15" VPOS="1415" HPOS="749"/>
							<String ID="string_272" HPOS="764" VPOS="1415" WIDTH="109" HEIGHT="20" WC="0.91" CONTENT="närmare"/><SP WIDTH="11" VPOS="1415" HPOS="873"/>
							<String ID="string_273" HPOS="884" VPOS="1413" WIDTH="114" HEIGHT="20" WC="0.91" CONTENT="föreskrif-"/>
						</TextLine>
						<TextLine ID="line_36" HPOS="234" VPOS="1447" WIDTH="764" HEIGHT="30">
							<String ID="string_274" HPOS="234" VPOS="1451" WIDTH="41" HEIGHT="24" WC="0.96" CONTENT="ter,"/><SP WIDTH="22" VPOS="1451" HPOS="275"/>
							<String ID="string_275" HPOS="297" VPOS="1456" WIDTH="50" HEIGHT="14" WC="0.96" CONTENT="som"/><SP WIDTH="23" VPOS="1456" HPOS="347"/>
							<String ID="string_276" HPOS="370" VPOS="1450" WIDTH="73" HEIGHT="20" WC="0.96" CONTENT="skulle"/><SP WIDTH="16" VPOS="1450" HPOS="443"/>
							<String ID="string_277" HPOS="459" VPOS="1450" WIDTH="112" HEIGHT="26" WC="0.96" CONTENT="iakttagas"/><SP WIDTH="15" VPOS="1450" HPOS="571"/>
							<String ID="string_278" HPOS="586" VPOS="1449" WIDTH="39" HEIGHT="21" WC="0.95" CONTENT="vid"/><SP WIDTH="16" VPOS="1449" HPOS="625"/>
							<String ID="string_279" HPOS="641" VPOS="1449" WIDTH="176" HEIGHT="28" WC="0.96" CONTENT="tillämpningen"/><SP WIDTH="9" VPOS="1449" HPOS="817"/>
							<String ID="string_280" HPOS="826" VPOS="1447" WIDTH="26" HEIGHT="21" WC="0.93" CONTENT="af"/><SP WIDTH="6" VPOS="1447" HPOS="852"/>
							<String ID="string_281" HPOS="858" VPOS="1447" WIDTH="140" HEIGHT="21" WC="0.90" CONTENT="bestämnin-"/>
						</TextLine>
						<TextLine ID="line_37" HPOS="234" VPOS="1481" WIDTH="765" HEIGHT="29">
							<String ID="string_282" HPOS="234" VPOS="1488" WIDTH="72" HEIGHT="21" WC="0.96" CONTENT="garna"/><SP WIDTH="16" VPOS="1488" HPOS="306"/>
							<String ID="string_283" HPOS="322" VPOS="1483" WIDTH="6" HEIGHT="20" WC="0.95" CONTENT="i"/><SP WIDTH="19" VPOS="1483" HPOS="328"/>
							<String ID="string_284" HPOS="347" VPOS="1485" WIDTH="54" HEIGHT="19" WC="0.96" CONTENT="1886"/><SP WIDTH="16" VPOS="1485" HPOS="401"/>
							<String ID="string_285" HPOS="417" VPOS="1484" WIDTH="36" HEIGHT="21" WC="0.96" CONTENT="års"/><SP WIDTH="16" VPOS="1484" HPOS="453"/>
							<String ID="string_286" HPOS="469" VPOS="1484" WIDTH="141" HEIGHT="26" WC="0.96" CONTENT="förordning,"/><SP WIDTH="11" VPOS="1484" HPOS="610"/>
							<String ID="string_287" HPOS="621" VPOS="1486" WIDTH="59" HEIGHT="18" WC="0.93" CONTENT="samt"/><SP WIDTH="11" VPOS="1486" HPOS="680"/>
							<String ID="string_288" HPOS="691" VPOS="1482" WIDTH="210" HEIGHT="27" WC="0.92" CONTENT="regleringsförslag"/><SP WIDTH="11" VPOS="1482" HPOS="901"/>
							<String ID="string_289" HPOS="912" VPOS="1481" WIDTH="7" HEIGHT="20" WC="0.96" CONTENT="i"/><SP WIDTH="9" VPOS="1481" HPOS="919"/>
							<String ID="string_290" HPOS="928" VPOS="1481" WIDTH="71" HEIGHT="26" WC="0.96" CONTENT="några"/>
						</TextLine>
					</TextBlock>
				</ComposedBlock>
				<ComposedBlock ID="cblock_2" HPOS="305" VPOS="1527" WIDTH="506" HEIGHT="24">
					<TextBlock ID="block_6" HPOS="305" VPOS="1527" WIDTH="506" HEIGHT="24">
						<TextLine ID="line_38" HPOS="305" VPOS="1527" WIDTH="506" HEIGHT="24">
							<String ID="string_291" HPOS="305" VPOS="1529" WIDTH="50" HEIGHT="22" WC="0.87" CONTENT="Lag-"/><SP WIDTH="13" VPOS="1529" HPOS="355"/>
							<String ID="string_292" HPOS="368" VPOS="1529" WIDTH="33" HEIGHT="17" WC="0.93" CONTENT="och"/><SP WIDTH="12" VPOS="1529" HPOS="401"/>
							<String ID="string_293" HPOS="413" VPOS="1529" WIDTH="183" HEIGHT="18" WC="0.87" CONTENT="Ekonomiutskottets"/><SP WIDTH="13" VPOS="1529" HPOS="596"/>
							<String ID="string_294" HPOS="609" VPOS="1529" WIDTH="110" HEIGHT="17" WC="0.95" CONTENT="betänkande"/><SP WIDTH="12" VPOS="1529" HPOS="719"/>
							<String ID="string_295" HPOS="731" VPOS="1528" WIDTH="36" HEIGHT="18" WC="0.96" CONTENT="N:o"/><SP WIDTH="14" VPOS="1528" HPOS="767"/>
							<String ID="string_296" HPOS="781" VPOS="1527" WIDTH="30" HEIGHT="18" WC="0.96" CONTENT="16."/>
						</TextLine>
					</TextBlock>
				</ComposedBlock>
			</PrintSpace>
		</Page>
	</Layout>
</alto>
