1067 1739
234 173 76 23 Ständ.
326 173 47 22 Pet.
390 186 26 2 —
433 172 153 22 Petitionsbet.
602 172 38 22 N:o
656 171 20 23 2.
815 173 26 19 15

84 240 135 25 densamma,
240 239 59 21 helst
321 238 162 28 minskningen
504 238 8 21 i
534 238 101 21 intrader
655 238 137 21 ätminstone
807 237 35 22 till

84 276 76 26 nägon
182 274 36 21 del
237 274 56 21 skall
308 276 118 26 uppvägas
442 272 26 22 af
481 273 43 21 den
540 272 72 22 ökade
627 272 90 26 rörelse,
735 280 49 14 som
799 272 42 21 till-

84 308 104 22 komsten
210 308 25 21 af
256 308 74 21 denna
347 315 46 21 nya
406 307 98 29 järnväg
519 306 169 29 otvifvelaktigt
703 307 91 21 komme
809 310 32 18 att

84 342 84 22 tillföra
182 342 63 22 förut
259 342 118 28 befintliga
391 342 78 21 banor.

154 377 127 22 Ständerna
303 376 132 22 meddelade
457 376 167 28 upplysningar
639 376 202 28 vidhandengitva,

86 414 32 19 att
132 412 52 20 med
199 419 28 13 en
243 411 108 29 spärvidd
366 411 25 21 af
405 413 26 19 75
448 410 129 22 centimeter
593 411 44 21 den
652 410 34 22 till
701 418 29 14 en
739 410 70 29 längd
820 411 26 21 af

86 448 26 19 82
128 446 117 21 kilometer
256 446 120 28 planlagda
386 446 76 20 banan
476 445 100 22 Lovisa—
585 441 116 37 Vesijärvi
712 446 90 21 komme
810 448 33 18 att

86 480 7 21 i
112 480 138 29 anläggning
272 480 66 22 kosta
353 482 115 23 3,150,000
483 480 69 25 mark,
569 482 58 19 samt
642 482 32 19 att
690 480 71 28 enligt
776 479 67 29 gjord

86 515 126 29 beräkning
227 518 32 18 ett
274 515 127 21 öfverskott
416 514 160 22 motsvarande
591 516 11 19 3
612 515 28 27 %/,
656 516 12 19 å
684 514 161 28 anlägenings-

86 550 109 28 kapitalet
214 550 89 20 komme
318 552 32 18 att
366 549 86 28 ärligen
468 549 96 21 erhällas
580 550 73 20 säsom
669 548 175 29 exploatations-

87 584 67 22 vinst.
177 584 79 22 Under
271 584 111 21 förbehäll
398 586 32 18 att
446 586 73 19 staten
534 583 8 21 i
557 584 91 28 bolaget
662 584 94 20 tecknar
772 583 72 21 aktier

87 618 34 22 till
143 621 33 19 ett
193 618 82 29 belopp
291 618 25 21 af
330 620 91 24 750,000
436 618 65 21 mark
516 618 53 21 eller
584 618 188 21 subventionerar
787 617 57 22 före-

87 656 62 26 taget
171 653 52 21 med
245 660 28 14 en
294 653 160 21 motsvarande
470 660 92 18 summa,
578 653 41 21 har
635 652 84 22 Lovisa
734 652 51 21 stad
800 652 45 21 för-

88 688 82 21 bundit
185 688 35 28 sig
234 687 20 29 ej
271 687 87 22 mindre
374 690 32 19 att
421 687 83 22 teckna
514 687 185 28 aktier
592 683 10 37 i
613 687 84 28 bolaget
707 687 35 22 för
752 689 92 23 500,000

89 723 69 25 mark,
182 725 29 18 än
233 723 43 20 ock
295 725 39 22 att,
350 729 36 14 om
402 723 24 20 sä
441 722 126 28 päfordras,
583 721 35 22 för
634 721 173 22 underlättande
822 721 26 21 af

90 760 31 19 ett
141 757 38 21 län
202 764 36 14 om
257 757 58 20 ända
334 757 34 20 till
384 758 113 23 1,550,000
512 756 64 21 mark
591 758 119 26 garantera
724 756 73 21 länets
813 757 34 19 är-

89 792 45 28 liga
149 794 65 19 ränta
230 791 42 21 och
288 791 166 28 amorteringen
470 791 51 21 med
536 793 32 18 ett
583 790 83 29 belopp
682 791 25 20 af
720 791 68 28 högst
799 790 46 27 49/,

90 826 52 21 eller
166 827 77 24 62,000
262 825 64 21 mark
342 825 91 28 årligen.
464 825 36 21 Då
516 825 44 21 den
574 825 99 28 begärda
688 824 159 22 subventions-

90 867 103 14 summan
208 862 67 26 utgör
290 859 58 22 blott
363 861 54 24 23,62
425 861 28 25 9/,
469 859 23 21 af
502 859 38 21 det
550 859 128 21 beräknade
686 859 160 28 anläggnings-

90 895 115 28 kapitalet,
220 894 60 21 hälla
295 894 127 21 Ständerna
437 894 55 25 före,
509 893 67 22 äfven
590 893 52 21 med
656 894 90 27 hänsyn
761 893 35 22 till
810 893 39 21 ba-

90 936 57 14 nans
172 929 69 21 ofvan
263 928 134 21 framhällna
411 928 123 29 betydelse,
551 931 32 18 att
598 928 137 21 subvention
751 928 43 21 och
810 935 37 14 an-

90 962 219 29 läggningskostnad
324 962 9 21 i
348 963 61 20 detta
427 962 40 21 fall
486 964 34 19 stä
534 962 8 21 i
557 962 93 29 lämplig
664 962 137 29 proportion
813 962 35 21 till

91 997 135 26 hvarandra,
242 997 43 22 och
300 997 23 21 fä
338 997 62 28 förty
415 997 164 28 underdänigst
588 997 42 21 hos
639 997 72 21 Eders
719 997 129 28 Kejserliga

92 1031 106 28 Majestät
212 1031 98 22 anhälla:

368 1113 38 26 att,
420 1113 38 26 för
473 1113 42 22 den
529 1113 103 21 händelse
646 1114 27 20 ett
683 1113 120 26 aktiebolag
812 1113 39 26 för

300 1147 114 27 byggande
429 1147 38 21 och
483 1147 147 26 trafikerande
640 1147 28 27 af
674 1153 27 15 en
711 1146 139 27 smalspårig

296 1180 100 28 järnväg
417 1181 57 27 frän
492 1181 80 22 Lovisa
586 1181 64 21 stads
664 1182 56 25 yttre
734 1181 70 21 hamn
818 1181 34 20 till

305 1214 109 28 Vesijärvi
428 1214 35 29 sjö
470 1216 50 27 före
529 1215 201 22 nästinstundande
741 1215 108 26 landtdag

300 1250 98 22 kommer
413 1250 33 22 till
460 1249 72 27 stånd,
548 1250 57 22 detta
620 1250 70 27 bolag,
702 1249 32 28 pä
746 1250 28 27 af
779 1249 73 22 Eders

301 1283 126 29 Kejserliga
451 1284 105 28 Majestät
580 1286 108 20 närmare
711 1284 140 27 föreskrifna

301 1319 70 21 vilkor
394 1319 37 21 och
451 1318 114 28 förbehåll,
588 1318 66 22 måtte
676 1319 29 27 af
723 1318 130 22 statsverket

302 1352 176 23 subventioneras
494 1354 48 21 med
558 1353 92 27 750,000
664 1352 74 22 mark.
