1073 1748
184 162 15 20 4
371 161 281 23 Petitionsbetänkande
667 161 46 23 N:o
728 160 38 22 26.

185 233 50 22 med
258 233 49 28 den,
331 240 47 15 som
393 234 38 21 vid
446 233 137 28 föregående
599 233 107 28 landtdag
722 233 113 22 omfattats
852 233 25 22 af
889 233 52 22 Rid-

185 269 121 27 derskapet
322 269 40 22 och
377 269 78 22 Adeln.

256 305 33 22 Af
302 305 282 28 landtdagshandlingarna
601 305 98 28 framgår
715 305 125 22 emellertid
851 307 34 20 att
895 305 46 22 lan-

185 340 49 23 dets
258 343 187 26 representanter,
462 343 57 20 trots
536 341 35 22 sin
588 341 116 22 afvisande
719 341 108 28 hållning,
844 341 98 28 godkänt

185 376 116 27 principen
317 379 32 19 att
362 376 149 28 förtjänstfull
522 377 148 22 skönlitterär
681 376 262 23 författareverksamhet

185 413 69 21 måtte
272 412 87 22 komma
374 413 8 21 i
397 413 130 27 åtnjutande
544 413 25 21 af
583 413 121 22 understöd
720 412 50 22 från
786 414 85 21 statens
888 412 53 26 sida,

185 454 46 16 som
255 447 68 23 äfven
347 450 33 20 att
395 449 62 21 detta
472 449 123 22 understöd
610 449 51 22 icke
677 449 68 21 måtte
761 448 87 22 utdelas
863 449 8 21 i
887 448 55 21 form

185 483 25 22 af
221 490 17 15 s.
255 485 23 22 k.
295 484 180 28 författargager,
492 488 53 18 utan
561 485 7 21 i
586 485 93 21 främsta
695 486 94 21 rummet
805 484 71 22 såsom
892 490 48 21 pre-

186 520 54 22 mier
264 520 35 22 för
322 520 88 28 färdiga
433 521 98 22 arbeten.
564 521 116 22 Utskottet
696 521 79 21 ställer
791 520 35 27 sig
841 521 47 20 helt
903 520 40 21 och

186 556 71 22 hållet
275 557 29 26 på
320 557 71 22 denna
407 557 144 27 ståndpunkt.
583 557 31 21 På
630 557 72 27 grund
719 556 66 22 häraf
799 563 36 15 ser
851 555 35 28 sig
902 556 39 22 Ut-

185 592 86 22 skottet
294 593 37 22 väl
347 593 120 22 föranlåtet
483 595 34 20 att
531 593 51 22 icke
598 593 92 22 omfatta
707 592 214 27 petitionsförslaget
935 592 8 21 i

186 628 43 22 den
253 628 63 28 form,
341 629 148 26 petitionären
512 629 68 27 gifvit
602 629 127 26 detsamma,
758 635 49 15 men
831 628 40 22 vill
887 628 55 21 dock

186 664 144 28 understödja
346 665 50 22 dess
413 665 145 28 hufvudsyfte
574 672 78 21 genom
669 667 33 20 att
713 665 8 21 i
732 665 77 21 stället
819 664 124 22 framställa

186 702 32 20 ett
238 701 93 28 positivt
349 700 85 29 förslag
453 702 35 21 till
504 702 136 26 premiering
656 700 25 22 af
695 701 160 21 skönlitterära
870 700 69 22 alster

257 736 117 23 Utskottet
397 738 40 21 har
456 738 80 21 härvid
553 739 101 25 nogsamt
671 737 92 21 beaktat
778 738 33 20 att
827 736 116 22 skönlitte-

185 775 93 19 raturen
301 773 120 27 ingalunda
443 774 20 20 h
487 780 18 15 o.
530 774 21 20 h.
574 774 78 21 saknat
676 775 148 25 uppmuntran
839 772 51 22 från
906 772 38 22 det

186 808 123 22 allmännas
333 809 53 21 sida.
418 809 77 22 Under
518 811 78 20 senast
619 808 104 23 förflutna
739 808 148 27 finansperiod
903 808 40 21 har

185 844 128 27 Kejserliga
337 844 95 22 Senaten
456 845 97 22 tilldelat
576 845 94 22 skalden
693 845 23 21 J.
741 844 27 22 H.
784 844 77 22 Erkko
880 845 63 25 1,000

185 880 63 21 mark
265 887 46 14 som
328 881 143 22 erkännande
487 881 35 22 för
533 881 55 22 hans
598 881 136 22 dramatiska
743 880 105 22 diktverk
858 897 10 10 ,,
872 880 68 21 Aino"

185 916 40 21 och
239 933 9 10 ,
252 916 120 27 Kullervo"
383 919 55 19 samt
447 917 24 21 åt
479 917 53 22 herr
543 918 75 21 Teuvo
629 917 106 25 Pakkala,
744 916 72 22 såsom
825 918 115 25 uppmunt-

185 958 41 15 ran
249 951 36 22 för
309 952 56 22 hans
388 952 269 27 författareverksamhet,
675 954 66 26 2,000
761 952 68 21 mark.
861 951 82 22 Härtill

186 987 87 22 komma
296 988 30 31 de
347 989 102 27 premier,
471 995 47 15 som
534 989 97 21 utdelats
647 988 26 21 af
686 988 86 22 Finska
787 988 40 21 och
844 987 100 22 Svenska

186 1023 249 28 litteratursällskapen,
449 1025 77 21 hvilka
542 1025 110 22 hvardera
669 1025 86 26 åtnjuta
771 1024 80 27 anslag
866 1023 25 22 af
903 1023 40 21 all-

186 1061 80 20 männa
288 1060 78 27 medel,
383 1060 38 22 det
437 1060 134 28 föregående
587 1061 125 26 sällskapet
730 1062 78 23 10,000
825 1059 63 22 mark
903 1059 40 22 och

185 1096 39 21 det
240 1102 80 16 senare
337 1098 63 24 8,000
417 1097 63 21 mark
495 1097 95 27 årligen.
614 1097 97 21 Sålunda
727 1096 41 21 har
784 1095 159 28 Finskaflitte-

184 1131 191 27 ratursällskapet
390 1132 70 22 under
471 1132 181 27 treärsperioden
666 1133 147 21 1894—1896
824 1130 119 28 premierat

184 1167 88 27 orginal
288 1167 171 22 skönlitteratur
478 1168 49 21 med
546 1169 64 26 1,800
626 1168 70 26 mark,
713 1166 82 23 hvaraf
812 1168 55 20 1000
880 1166 63 22 mark

186 1202 84 27 utgjort
285 1202 26 22 af
325 1202 124 23 Ständerna
465 1204 106 21 anvisade
588 1204 71 21 medel
671 1210 26 15 ur
707 1203 158 27 Längmanska
875 1204 67 20 testa-

185 1238 162 22 mentsfonden.
382 1239 77 21 Andra
482 1238 87 23 hälften
595 1239 25 21 af
643 1240 38 20 det
707 1238 107 23 anvisade
840 1238 103 26 beloppet

187 1273 73 27 utgafs
285 1280 46 16 som
354 1275 83 26 premie
457 1274 34 22 för
507 1277 33 19 ott
564 1275 167 27 vetenskapligt
755 1274 82 22 arbete.
868 1273 75 22 Under

185 1315 83 15 samma
293 1309 32 21 tid
349 1310 40 21 har
405 1310 102 22 Svenska
522 1310 240 26 litteratursällskapet
778 1309 35 22 för
829 1308 114 22 enahanda

185 1344 103 22 ändamål
312 1345 90 27 utgifvit
419 1348 66 25 2,000
502 1346 63 22 mark
582 1352 56 21 egna
654 1346 72 22 medel
742 1346 40 21 och
799 1345 66 27 2,000
881 1345 62 21 mark

185 1386 27 16 ur
228 1380 157 28 Längmanska
401 1380 87 23 fonden.

258 1416 46 22 För
325 1416 156 28 jämförelsens
498 1417 60 21 skull
575 1418 34 20 mä
624 1419 93 20 nämnas
733 1419 35 19 att
783 1416 42 22 den
841 1416 102 22 sceniska

185 1452 96 22 konsten
303 1452 70 22 under
393 1458 81 16 samma
490 1452 152 28 treärsperiod
658 1452 97 28 hugnats
771 1452 49 22 med
837 1458 106 15 samman-

259 1499 109 19 Allmänna
379 1500 183 23 petitionsutskottets
576 1500 117 18 betänkande
706 1500 38 18 N:o
757 1500 28 18 16.
