1073 1742
80 597 62 18 Punkt
154 598 14 17 2

76 632 57 12 mom.
146 632 14 12 ec.

81 1248 63 18 Punkt
156 1249 14 17 2

81 1282 57 13 mom.
150 1277 17 18 d.

190 186 29 20 58
391 186 282 25 Petitionsbetänkande
688 188 43 23 N:o
741 188 36 22 13.

189 248 156 28 tionsspräket
355 250 64 22 stälts
435 251 30 27 pä
480 258 91 14 samma
587 251 145 28 ständpunkt
747 258 51 14 som
814 251 28 21 de
850 252 104 26 myndig-

190 283 64 21 heter
269 284 63 21 inom
349 284 44 22 den
409 285 72 27 lägsta
496 291 112 22 gruppen,
621 286 34 20 till
668 286 93 21 hvilkas
772 286 181 21 ämbetsdistrikt

190 318 58 20 höra
276 318 53 21 flere
357 319 144 21 kommuner.
542 320 8 20 I
582 322 127 19 momentet
737 320 75 21 finnes
837 320 115 28 uttryckli-

190 357 43 21 gen
252 352 97 22 uttaladt
361 355 32 19 att
405 354 135 26 stadgandet
555 354 71 26 gäller
637 348 172 38 ifrågavarande
820 354 133 28 myndighe-

189 388 34 19 ter
245 387 88 27 endast,
349 387 30 21 då
401 388 28 20 de
453 388 77 21 såsom
546 388 72 21 första
633 388 90 22 instans
738 388 131 27 handlägga
883 389 70 26 något

190 421 91 21 ärende.
313 421 104 22 Orsaken
433 422 76 21 därtill
525 424 33 25 är,
574 430 51 14 som
641 424 89 20 enhvar
746 423 40 21 lätt
801 423 68 26 inser,
885 423 44 21 den
945 423 6 20 i

190 455 59 27 3:dje
272 456 103 27 punkten
399 456 25 21 af
443 457 50 21 vårt
515 457 86 27 förslag
616 457 91 21 införda
723 457 182 27 bestämningen,
921 459 32 19 att

190 490 38 21 det
251 490 76 28 språk,
351 491 87 27 hvarpå
460 491 44 21 den
526 492 26 20 af
564 492 61 26 lägre
641 492 136 27 myndighet
795 491 34 21 till
845 492 107 26 sakegare

190 524 121 22 utfärdade
332 525 160 27 expeditionen
515 527 27 19 är
565 526 102 26 affattad,
683 526 67 21 äfven
768 526 59 20 skall
843 526 25 20 af
883 526 69 26 högre

190 559 136 27 myndighet
342 560 114 26 begagnas
472 560 7 20 i
494 560 132 28 expedition
642 560 98 21 rörande
757 566 90 15 samma
862 560 89 21 ärende.

260 594 62 20 2:dra
346 594 103 27 punkten
472 601 70 14 mom.
567 601 18 14 c.
605 595 85 20 uttalar
713 594 45 21 den
782 594 7 21 i
805 594 41 21 vär
860 601 32 14 nu
908 594 44 27 gäl-

191 627 68 21 lande
283 628 140 27 lagstiftning
445 628 103 22 erkända
563 628 160 28 grundsatsen,
739 631 33 18 att
787 628 94 27 enhvar,
897 631 53 18 utan

191 662 107 21 afseende
318 662 14 21 ä
347 662 28 22 de
391 662 179 28 bestämningar,
586 670 51 14 som
653 663 7 21 i
676 663 67 27 öfrigt
759 663 60 26 gälla
834 662 117 28 angående

192 696 203 28 myndigheternas
419 697 222 27 expeditionsspråk,
665 698 26 20 är
714 697 127 26 berättigad
856 699 32 19 att
903 697 48 21 utfå

191 730 89 22 honom
301 731 176 21 tillkommande
501 731 132 28 expedition
656 732 30 26 på
702 731 143 21 hvilketdera
861 731 92 28 språket

191 765 48 20 han
263 765 54 27 själf
336 766 91 20 önskar.
459 766 38 20 Ett
519 766 83 20 sådant
625 765 126 27 stadgande
774 766 26 20 är
823 766 82 26 egnadt
921 768 31 18 att

191 799 144 27 fullständigt
350 802 78 25 trygga
443 800 44 20 den
503 800 117 21 enskildes
636 800 117 27 språkliga
769 799 135 27 rättigheter.

262 834 9 20 I
287 834 88 26 Nådiga
390 834 163 27 förordningen
567 834 25 20 af
600 834 45 20 den
660 835 27 20 29
702 834 127 21 December
842 834 54 20 1883
911 834 13 26 $
941 834 9 20 1

191 867 93 27 stadgas
300 868 35 21 för
349 868 44 21 den
409 868 117 26 händelse,
542 870 33 19 att
590 868 53 21 flere
667 867 176 28 anhängiggjort
863 874 89 14 samma

191 902 92 26 ärende,
291 904 32 19 att
329 902 231 28 kommunalspråket
566 903 43 20 bör
616 902 120 21 användas
744 909 51 14 som
803 902 150 27 expeditions-

192 936 77 27 språk,
278 936 94 21 såframt
377 936 19 28 ej
405 937 108 20 samfäldt
519 937 46 20 alla
572 937 34 26 de,
615 943 50 14 som
672 936 280 27 anhängiggjortärendet,

191 970 58 21 äska
265 971 38 20 det
318 971 73 21 andra
406 971 98 27 språket.
529 971 103 20 Sålunda
648 971 47 20 kan
711 977 28 14 en
755 970 60 21 enda
831 970 121 27 sakägares

192 1005 132 27 skiljaktiga
343 1005 103 27 yrkande
465 1005 98 21 rörande
579 1005 38 21 det
633 1005 76 27 språk,
726 1011 51 14 som
794 1004 58 21 skall
868 1005 85 20 använ-

191 1039 43 21 das
250 1039 78 21 såsom
343 1039 221 28 expeditionsspråk,
581 1039 121 21 kullhäfva
717 1039 46 20 alla
779 1038 28 21 de
820 1038 73 21 andra
903 1038 50 21 sak-

192 1074 111 25 ägarenas
326 1073 115 27 enhälliga
463 1073 91 21 önskan
577 1073 7 21 i
607 1073 62 21 detta
687 1073 115 25 afseende,
824 1073 65 20 äfven
913 1079 39 14 om

192 1107 68 21 dessa
275 1114 54 14 vore
344 1108 60 20 huru
421 1107 83 27 många
517 1115 51 14 som
584 1107 65 21 helst.
671 1108 35 20 En
719 1107 66 27 dylik
793 1107 115 20 föreskrift
919 1113 34 20 sy-

191 1148 42 14 nes
249 1141 19 28 ej
285 1148 54 15 vara
355 1141 250 22 öfverensstämmande
622 1141 53 21 med
690 1141 141 28 billigheten.
855 1141 98 20 Förden-

192 1175 62 21 skull
270 1176 69 20 hafva
355 1176 22 20 vi
392 1176 7 20 i
415 1175 52 22 dess
483 1176 64 21 ställe
563 1175 115 27 föreslagit
694 1178 32 18 att
749 1175 96 21 flertalet
860 1175 93 26 sakäga-

191 1216 36 15 res
253 1210 104 27 yrkande
380 1210 7 21 i
403 1210 135 21 förenämda
553 1210 107 21 afseende
676 1210 59 21 skall
752 1216 55 14 vara
823 1209 128 27 afgörande.

265 1244 34 21 Då
315 1244 37 21 det
367 1244 74 21 blifvit
457 1244 118 27 uppstäldt
590 1251 50 14 som
648 1245 65 26 regel,
725 1246 34 19 att
769 1243 38 21 det
817 1243 76 28 språk,
903 1249 50 15 som

192 1278 120 21 användes
328 1278 25 21 af
358 1278 103 26 flertalet
473 1278 33 21 till
524 1280 32 19 ett
573 1278 183 21 ämbetsdistrikt
771 1277 104 21 hörande
891 1277 63 21 kom-

192 1319 91 20 muner,
299 1313 58 20 skall
373 1312 129 21 bestämma
520 1312 125 21 distriktets
664 1313 120 20 allmänna
803 1311 151 28 expeditions-

193 1347 78 27 språk,
297 1347 44 20 blir
368 1347 70 26 något
463 1346 125 27 stadgande
612 1347 25 20 af
657 1346 78 21 nöden
760 1346 69 21 äfven
853 1345 34 21 för
909 1345 44 21 den

192 1381 119 26 händelse,
334 1383 33 19 att
389 1381 84 21 antalet
495 1381 140 21 kommuner
654 1381 53 20 med
723 1380 77 21 skilda
816 1380 69 27 språk
900 1386 53 15 vore

192 1415 76 27 precis
291 1415 46 21 lika
360 1417 62 20 stort.
453 1415 27 21 Vi
503 1415 30 20 ha
556 1417 75 19 ansett
653 1415 38 21 det
713 1421 55 14 vara
798 1414 103 27 redigast,
923 1416 32 19 att

192 1449 166 27 myndigheten
381 1449 7 20 i
412 1449 82 21 sådant
515 1449 40 21 fall
578 1449 35 21 får
635 1449 55 27 själf
709 1449 87 26 afgöra,
813 1447 141 22 hvilketdera
