1075 1753
190 164 15 21 4
373 161 281 24 Petitionsbetänkande
669 161 46 23 N:o
730 161 40 22 30.

191 235 49 22 med
256 235 39 22 det
310 234 84 27 förslag
410 235 35 21 till
462 241 30 20 ny
507 234 236 27 rättegångsordning,
760 240 46 15 som
816 233 26 22 af
850 233 97 22 komitén

191 271 149 26 utarbetades,
356 270 67 23 äfven
438 273 54 24 taga
507 271 8 20 i
532 270 168 28 öfvervägande
715 269 79 28 frågan
805 276 35 15 om
850 270 97 22 revision

191 306 25 21 af
237 307 27 21 de
284 306 7 21 i
313 306 214 27 rättegångsbalken
550 306 25 21 af
591 307 57 20 1734
663 306 38 21 års
716 306 38 27 lag
769 305 179 22 förekommande

191 342 157 26 edsformulär;
365 342 40 21 och
420 342 50 22 blef
484 342 155 27 kyrkomötets
656 341 161 22 ofvannämnda
828 341 120 22 skrifvelse

189 378 71 27 jemte
277 378 44 22 alla
336 378 7 21 i
360 378 93 22 ärendet
468 378 116 21 tillkomna
601 377 133 28 handlingar
750 376 60 28 förty
826 378 68 27 sagda
909 378 38 20 ko-

192 414 52 21 mité
260 414 102 22 tillstäld.

264 450 180 22 Petitionärerne
466 450 83 22 föreslå
573 456 30 15 nu
627 452 33 20 att
683 450 125 22 Ständerna
826 450 53 22 ville
896 450 51 26 ingå

191 486 36 22 till
250 486 63 22 Hans
337 486 129 27 Kejserliga
489 486 107 27 Majestät
619 486 49 22 med
685 492 82 16 samma
783 486 103 21 anhällan
902 492 46 15 som

191 522 25 21 af
230 522 72 27 tredje
317 522 111 21 allmänna
443 522 143 27 kyrkomötet
601 522 68 22 redan
680 521 130 28 framstälts,
821 522 40 21 och
872 521 77 22 anföra

192 558 73 21 såsom
285 558 49 21 stöd
357 557 77 22 härför
458 557 66 21 bland
544 560 75 24 annat,
636 559 33 20 att
684 557 81 27 frågan
780 564 34 14 om
830 557 95 27 ändring
941 557 7 21 i

192 594 43 22 den
254 594 107 27 religiösa
378 594 64 21 delen
459 593 25 21 af
497 594 27 21 de
540 600 30 15 nu
587 594 102 22 använda
704 593 175 22 edsformulären
895 600 53 15 vore

193 630 41 21 allt
257 628 36 23 för
317 629 72 28 vigtig
412 629 36 22 för
470 631 32 20 att
518 630 134 27 uppskjutas
668 630 47 21 tills
732 629 42 22 den
790 629 108 27 påtänkta
913 636 34 15 re-

191 665 86 22 formen
301 665 24 22 af
339 665 41 22 vår
395 665 229 28 rättegångsordning
640 665 73 22 hunne
729 665 70 22 blifva
814 665 134 28 genomförd.

192 701 78 21 Ehuru
291 701 115 21 Utskottet
428 701 120 27 ingalunda
564 701 41 22 vill
621 701 99 21 bestrida
736 701 77 27 vigten
828 701 26 21 af
866 701 81 27 ifråga-

191 736 100 22 varande
307 737 102 27 ändring,
426 737 45 21 kan
486 737 119 21 Utskottet
621 737 56 21 dock
691 737 51 21 icke
758 736 99 22 erkänna
868 738 33 20 att
911 737 36 21 be-

192 772 78 22 hofvet
293 772 65 22 deraf
378 779 52 16 vore
454 774 25 20 så
495 773 130 27 trängande,
642 776 33 18 att
691 773 126 22 densamma
832 773 68 21 borde
916 772 31 22 fö-

191 809 55 27 regå
270 809 43 22 den
329 811 62 19 snart
407 809 141 22 förestående
567 809 183 27 omarbetningen
766 808 25 22 af
804 808 143 23 edsformulä-

191 850 41 16 ren
256 844 8 22 i
286 844 71 28 öfriga
374 845 66 21 delar.
472 845 117 21 Utskottet
605 851 67 15 anser
687 844 77 23 derför
776 846 34 20 att
825 844 123 28 ändringen

191 880 25 22 af
230 880 187 22 edsformulärens
433 880 106 28 religiösa
556 881 36 21 del
603 881 128 27 lämpligast
744 880 74 22 kunde
830 881 39 21 och
880 880 68 22 borde

192 916 103 27 vidtagas
319 916 8 22 i
343 916 157 28 sammanhang
516 916 50 22 med
580 916 127 22 revisionen
723 916 25 22 af
762 916 64 22 dessa
842 916 106 22 formulär

192 952 7 20 i
216 952 65 21 deras
297 952 83 28 helhet,
394 952 41 22 och
446 952 28 22 då
484 952 142 28 Regeringen
637 952 68 22 redan
716 952 96 27 vidtagit
822 952 80 27 åtgärd
913 952 35 22 för

191 993 27 16 en
236 988 70 21 sådan
321 987 133 28 fullständig
469 988 106 26 revision,
592 988 94 22 hvarvid
702 988 28 22 de
741 988 25 21 af
774 988 173 26 petitionärerne

192 1023 93 21 anförda
308 1024 139 26 synpunkter
463 1026 53 19 utan
531 1024 82 22 tvifvel
628 1024 86 22 komma
730 1025 34 20 att
778 1026 64 25 tagas
858 1024 8 21 i
881 1024 66 22 beak-

197 1059 69 21 tande
288 1059 65 22 äfven
378 1061 52 20 utan
450 1059 68 28 något
533 1059 78 22 vidare
626 1059 105 28 yttrande
748 1058 50 23 från
815 1059 135 22 Ständernas

193 1094 55 27 sida,
261 1094 36 21 får
313 1095 115 22 Utskottet
444 1095 113 22 vördsamt
574 1095 95 22 föreslå:

480 1169 32 20 att
525 1168 151 26 förevarande
687 1168 94 27 petition
796 1167 45 22 icke
854 1167 39 22 må
900 1167 48 27 för-

409 1203 79 22 anleda
504 1203 33 22 till
552 1202 75 28 någon
643 1202 82 28 åtgärd
739 1202 57 28 från
809 1203 140 22 Ständernas

409 1239 57 21 sida.

266 1327 144 28 Helsingfors
426 1327 42 22 den
487 1329 25 20 13
530 1327 42 28 maj
592 1329 63 20 1897.

267 1499 137 24 Lagutskottets
417 1500 116 19 betänkande
546 1500 37 18 N:o
596 1501 17 17 6.
