1092 1734
228 177 13 19 2
450 175 227 23 Petitionsbetänkande
691 175 36 23 N:o
743 176 19 21 1.

228 237 134 22 framhållna
376 238 114 22 allmänna
506 238 140 28 synpunkter
662 238 42 22 och
714 238 49 22 icke
774 238 72 22 heller
855 238 40 21 vill
905 238 81 21 under-

228 272 74 21 skatta
324 272 134 28 betydelsen
480 272 26 22 af
523 272 43 22 den
581 272 168 29 undersökning
764 272 42 22 och
821 272 28 22 de
865 272 120 22 eventuela

227 306 265 28 torrläggningsarbeten
507 306 13 22 å
534 307 131 22 Linnunsuo
680 307 138 22 vidsträckta
828 306 59 27 kärr,
897 306 89 22 hvilkas

227 340 119 22 utförande
369 340 29 28 på
417 342 85 20 statens
518 340 125 23 bekostnad
659 341 219 29 förslagsställarene
894 340 91 28 påyrka,

227 375 41 21 har
290 375 80 21 främst
392 375 50 22 sökt
465 375 35 22 för
516 376 35 27 sig
566 375 106 29 klargöra
687 376 43 21 den
745 375 114 28 ställning,
874 375 112 27 styrelsen

227 409 89 29 intager
338 409 34 22 till
395 409 79 29 frågan
490 416 36 15 om
542 410 71 22 sanka
627 410 101 22 markers
743 410 156 28 torrläggning
914 410 72 21 under

228 444 138 22 medverkan
384 444 25 22 af
425 444 92 22 kronan.
548 444 47 22 Och
611 444 73 22 såsom
699 444 140 29 upplysande
854 444 7 22 i
877 444 62 22 detta
953 444 32 21 af-

228 479 90 26 seende,
340 479 41 21 har
403 479 111 21 utskottet
536 480 75 20 ansett
633 479 35 29 sig
689 479 56 21 böra
766 478 104 22 meddela
889 478 96 22 hufvud-

227 513 127 27 punkterna
369 513 26 22 af
407 513 129 29 Kejserliga
551 513 110 22 Senatens
677 514 44 21 den
737 516 26 19 15
778 519 60 15 mars
855 515 54 19 1889
922 512 63 29 gifna

227 547 151 23 förordnande
394 548 7 21 i
416 548 83 26 ämnet,
514 548 77 21 hvilka
606 548 39 22 äro
661 548 108 28 följande:

299 584 45 24 »att
359 582 49 22 från
424 582 28 22 de
467 582 244 28 uttorkningsarbeten,
726 582 77 22 hvilka
813 588 82 22 genom
905 581 80 28 styrel-

227 622 52 16 sens
295 616 89 28 försorg
398 616 96 26 utföras,
509 616 34 22 till
559 622 28 16 en
601 616 79 28 början
695 616 94 22 alldeles
800 616 63 22 skola
873 616 110 21 uteslutas

227 651 186 28 torrläggningen
428 651 26 21 af
466 651 145 26 vidsträckta,
626 651 7 21 i
649 651 42 21 öde
706 651 87 21 trakter
807 650 97 28 belägna
915 650 70 21 sanka

227 685 96 27 marker,
346 685 77 21 hvilka
444 685 8 22 i
475 685 113 22 anseende
611 685 34 21 till
667 685 34 22 sin
718 684 141 28 aflägsenhet
874 684 49 22 från
938 683 46 22 bol-

226 726 86 22 egorna
327 720 36 21 för
377 720 141 22 närvarande
534 720 51 22 icke
599 720 77 22 kunna
690 720 53 22 med
757 719 73 22 fördel
846 719 73 26 odlas;

296 756 34 20 att
344 754 80 22 främst
434 754 64 22 skola
508 754 140 22 undersökas
658 754 84 22 sådana
752 754 100 22 närmast
861 753 124 28 bolegorna

226 788 98 28 belägna
339 788 71 22 sanka
424 789 79 28 ängar,
518 794 87 16 mossar
620 788 42 22 och
677 788 59 27 kärr,
752 788 77 22 hvilka
844 788 69 21 alstra
928 787 56 22 frost

226 821 14 23 å
254 822 140 29 närbelägna
408 823 72 27 åkrar,
489 824 39 21 äro
544 823 144 28 odlingsbara
703 823 42 22 och
759 822 70 22 hafva
844 822 78 28 nödigt
937 821 46 27 fall,

226 857 43 22 och
292 857 77 22 ibland
392 857 66 22 dessa
480 857 161 22 företrädesvis
665 857 90 27 sådana,
775 863 36 16 om
826 856 88 22 hvilkas
928 857 55 21 torr-

226 891 110 29 läggning
351 892 44 22 den
410 892 75 22 lokala
500 892 162 29 befolkningen
677 892 54 28 sjelf
744 891 101 22 anhåller
857 891 70 28 jämte
940 890 43 22 för-

227 926 101 22 bindelse
344 928 32 20 att
391 927 7 21 i
414 927 88 22 arbetet
518 927 91 28 deltaga
624 928 58 21 samt
697 928 33 21 att
745 926 28 22 de
789 927 114 27 upptagna
915 925 68 28 aflop-

226 967 44 21 pen
285 961 7 21 i
308 960 120 23 framtiden
442 961 125 29 behörigen
581 961 142 26 underhålla;

296 996 34 20 att
351 995 232 28 undersökningarna,
599 995 73 22 såvidt
687 995 94 28 möjligt,
797 994 63 22 skola
874 993 41 22 ske
929 993 7 22 i
951 995 33 20 ett

226 1029 163 28 sammanhang
404 1029 36 22 för
455 1036 28 15 en
498 1029 38 22 hel
551 1029 69 22 elfdal
635 1029 56 22 eller
707 1031 32 20 ett
752 1029 48 22 helt
810 1029 173 27 vattensystem;

295 1065 39 25 att,
361 1064 3 21 i
386 1064 108 22 händelse
517 1064 36 21 för
573 1064 187 28 torrläggningen
781 1063 27 22 af
827 1062 156 29 angränsande

226 1097 71 22 sanka
318 1098 90 22 marker
429 1099 118 28 reglering
569 1099 27 21 af
616 1098 167 23 vattenståndet
798 1097 8 22 i
820 1097 69 28 något
911 1096 71 23 större

225 1133 136 28 vattendrag
384 1133 113 22 erfordras
517 1135 58 20 samt
589 1133 74 22 denna
677 1132 116 29 reglering
807 1131 101 22 befinnes
923 1131 60 22 med-

225 1166 50 22 föra
297 1167 72 22 större
392 1167 93 22 allmänt
507 1173 68 22 gagn,
589 1167 86 22 kronan
690 1173 78 16 ensam
783 1172 107 16 ansvarar
905 1165 35 22 för
955 1165 28 22 de

225 1200 93 22 dermed
333 1201 108 22 förenade
456 1201 159 27 kostnaderna,
630 1207 51 16 men
697 1203 32 20 att
744 1201 8 22 i
767 1201 74 28 öfriga
851 1200 77 28 dylika
943 1200 39 23 fall

225 1235 57 22 eller
297 1235 28 22 då
341 1235 64 28 fråga
420 1236 26 21 är
462 1242 35 15 om
513 1236 107 28 rensning
635 1236 56 22 eller
705 1235 91 28 rätning
810 1235 27 22 af
849 1235 85 22 mindre
945 1235 38 22 åar

225 1269 43 22 och
290 1269 90 28 bäckar,
403 1270 87 22 kronan
514 1271 51 21 med
588 1277 29 15 en
638 1270 110 28 tredjedel
769 1269 104 28 deltager
887 1269 8 22 i
910 1270 73 21 denna

224 1303 97 22 kostnad
343 1304 119 22 äfvensom
483 1305 33 21 uti
531 1304 97 29 utgiften
644 1304 35 22 för
693 1303 156 30 upptagandet
863 1303 26 22 af
901 1303 82 29 nödiga

224 1337 163 29 hufvudaflopp
410 1339 50 22 från
483 1339 27 21 de
533 1339 174 22 vattendränkta
724 1338 127 27 markerna,
865 1338 118 22 hvaremot

224 1371 126 29 utgifterna
372 1372 35 22 för
429 1373 44 22 den
496 1373 115 28 egentliga
633 1373 106 28 odlingen
761 1372 27 22 af
807 1372 176 22 intressenterne

224 1406 82 27 sjelfve
321 1406 55 23 böra
390 1407 123 27 bestridas;

294 1442 33 20 att
342 1441 86 22 kronan
442 1441 51 22 icke
508 1441 96 22 allenast
618 1441 125 22 vidkännes
758 1441 105 28 samtliga
877 1440 52 22 med
939 1440 44 23 den

224 1474 165 23 förberedande
411 1476 198 29 undersökningen
629 1476 108 22 förenade
752 1475 95 28 utgifter
859 1475 70 28 jemte
945 1481 38 16 an-

293 1511 192 21 Ekonomiutskottets
501 1512 116 20 betänkande
631 1512 39 20 N:o
684 1512 21 21 3.
