1070 1739
276 170 42 18 Med
335 171 91 18 afseende
443 171 49 18 därå
509 171 29 18 att
554 171 53 18 tiden
624 170 52 19 ännu
690 171 16 24 ej
721 169 73 24 ansågs
807 174 48 13 vara
867 170 45 17 inne
925 169 30 19 för

204 198 101 19 införande
317 200 23 18 af
351 205 22 13 en
386 205 112 18 gemensam
511 201 28 18 tid
551 200 31 18 för
594 200 70 22 landet,
678 205 51 13 vann
737 200 105 23 petitionen
850 199 44 18 icke
902 199 52 18 Hans

204 229 107 24 Kejserliga
328 230 100 23 Majestäts
441 230 73 23 nådiga
526 230 59 18 bifall.
610 230 43 18 Men
667 230 25 18 då
704 230 92 18 behofvet
808 230 23 17 af
842 234 23 13 en
878 234 76 18 gemen-

204 263 42 14 sam
265 259 146 23 tidsberäkning
423 260 68 24 gjorde
504 260 30 23 sig
546 265 42 12 mer
600 259 36 18 och
649 265 41 12 mer
702 259 90 23 gällande
804 259 6 18 i
824 264 74 13 samma
910 259 44 18 mån

204 294 42 13 som
259 289 75 18 landets
347 289 129 24 järnvägsnät
488 290 120 18 utsträcktes
621 291 51 17 samt
681 289 131 23 öfvergången
822 289 28 18 till
860 294 24 13 en
893 289 61 18 sådan

204 319 121 23 väsentligen
339 320 145 18 underlättades
498 325 68 18 genom
580 319 101 19 införande
695 320 22 18 af
723 324 75 13 samma
806 318 149 23 tidsberäkning

204 348 30 19 för
247 349 38 18 alla
295 350 108 23 järnvägar
416 350 51 18 inom
480 350 71 21 landet,
564 350 42 18 blef
617 350 70 22 åtgärd
700 350 6 17 i
719 350 54 17 detta
786 350 51 21 syfte
850 349 22 17 af
879 349 74 24 Kejser-

203 379 41 23 liga
260 379 84 18 Senaten
361 380 102 22 vidtagen;
481 380 35 18 och
534 384 81 14 numera
632 380 95 17 existerar
739 379 51 17 inom
804 378 71 22 landet,
889 378 64 18 såsom

203 408 79 23 bekant,
296 409 68 18 endast
377 414 22 13 en
410 410 131 24 järnvägstid.

276 439 32 17 Ett
325 439 112 18 decennium
455 439 37 18 har
508 444 25 12 nu
547 440 55 17 snart
615 438 80 19 förflutit
708 439 60 18 sedan
782 438 103 18 omordade
898 438 56 22 fråga

204 467 54 19 förra
274 468 77 23 gången
369 468 42 18 stod
427 469 27 22 på
471 468 151 23 dagordningen,
640 468 36 18 och
689 468 75 18 landets
775 468 132 24 järnvägsnät
919 467 36 18 har

204 498 106 17 emellertid
319 498 96 22 ansenligt
422 498 76 18 tillväxt
506 498 50 18 både
563 498 21 18 åt
593 498 52 18 öster
655 498 35 18 och
699 498 71 21 väster,
778 496 91 19 hvarföre
878 497 76 23 olägen-

203 527 82 18 heterna
304 528 21 17 af
342 528 37 17 den
397 528 59 18 däraf
470 528 96 18 beroende
584 528 71 18 dubbla
671 527 171 23 tidsberäkningen
860 528 52 23 gjort
923 527 31 23 sig

206 556 119 19 förnimbara
338 558 6 17 i
357 558 34 17 allt
404 558 142 18 vidsträcktare
560 558 53 18 delar
626 558 23 18 af
659 558 70 18 landet.
751 557 63 18 Också
826 557 54 18 torde
893 557 61 22 några

204 587 168 18 stadskommuner
384 588 65 21 hafva,
462 588 47 17 utan
522 588 29 17 att
563 592 63 18 rygga
639 587 80 19 tillbaka
727 586 31 19 för
767 587 23 18 de
798 586 155 23 betänkligheter

204 622 41 12 som
256 618 20 16 at
285 617 22 17 de
317 617 6 18 i
332 618 32 22 lag
373 618 104 17 faststälda
486 618 154 24 fataljetidernas
647 617 100 19 rubbande
755 617 66 17 kunna
829 616 75 24 uppstå,
914 616 39 18 fak-

203 646 48 18 tiskt
270 646 98 23 öfvergått
387 647 28 17 till
434 647 120 23 Helsingfors
573 647 32 18 tid.
631 648 7 17 I
657 647 62 18 andra
737 647 113 17 kommuner
862 646 42 18 åter
917 646 36 18 har

203 676 58 23 fråga
278 681 29 13 om
325 681 23 13 en
362 676 61 19 sådan
437 676 108 24 öfvergång
557 677 75 21 väckts,
646 677 60 18 ehuru
719 677 45 17 dess
777 676 131 18 realiserande
921 681 32 13 an-

203 707 50 17 setts
265 706 42 18 icke
320 706 65 18 kunna
398 706 40 22 ske,
452 707 58 17 innan
524 712 23 12 en
556 706 124 23 bestämning
689 706 66 18 därom
765 706 6 18 i
780 706 173 22 lagstiftningsväg

202 736 81 18 kommit
296 736 27 17 till
336 736 63 18 stånd.

275 765 40 18 Allt
331 766 54 18 detta
401 766 133 22 ådagalägger
547 766 94 23 klarligen
655 767 28 17 att
695 766 93 18 behofvet
800 765 35 18 och
849 764 104 19 önskvärd-

202 795 59 18 heten
278 796 23 16 af
311 800 24 13 en
348 796 61 17 sådan
423 796 91 22 tidsenlig
527 795 114 24 förändring
653 796 34 18 äro
700 796 5 18 i
719 795 101 23 bygderna
833 795 75 23 ganska
920 795 32 17 all-

203 825 81 21 männa;
304 825 36 18 och
359 826 61 22 vågar
436 826 36 24 jag
491 825 51 23 förty
561 825 142 19 vördsammast
722 826 80 18 anhålla
814 826 29 17 att
856 825 96 23 vällofliga

202 854 167 23 Borgareståndet
381 856 44 17 ville
438 855 78 18 förorda
529 860 23 13 en
565 856 122 23 underdånig
699 856 79 23 petition
791 856 6 17 i
810 855 52 22 syfte

190 434 11 10 a

489 923 27 17 att
532 922 58 18 Hans
605 922 106 23 Kejserliga
724 921 90 23 Majestät
827 921 69 18 täcktes
906 921 45 22 före-

417 951 57 23 lägga
490 952 229 17 nästsammantrådande
736 951 83 18 Ständer
835 950 60 23 nådig
908 955 44 18 pro-

414 981 82 23 position
509 986 29 13 om
551 981 104 23 stadgande
668 981 83 21 därhän,
765 981 28 18 att
805 985 21 13 en
840 980 45 22 efter
894 980 57 17 obser-

417 1011 87 18 vatoriets
523 1011 6 18 i
548 1011 118 22 Helsingfors
683 1010 168 23 hufvudmeridian
870 1009 82 18 bestämd

417 1041 27 17 tid
457 1041 55 22 blefve
524 1041 64 22 införd
600 1042 27 17 att
635 1040 63 19 såsom
707 1040 96 18 Finlands
811 1044 141 19 gemensamma

417 1070 86 18 medeltid
515 1071 52 22 gälla
578 1071 32 22 för
621 1070 42 18 hela
676 1070 69 18 landet.

275 1123 125 23 Helsingfors,
415 1124 36 17 den
465 1125 10 16 6
489 1124 85 18 februari
588 1125 50 17 1897.

487 1243 73 27 August
575 1242 90 22 Jusélius.
