1092 1745
226 182 13 20 8
423 181 261 23 Motionsbetänkande
701 182 42 22 N:o
758 181 38 23 10.

225 244 134 28 penningar,
375 245 74 21 skulle
465 252 55 14 vara
539 245 146 27 markegång,
702 244 215 27 medelmarkegång
931 245 54 21 eller

225 279 36 20 för
275 278 62 22 tiden
353 279 105 27 gällande
475 279 54 27 pris,
545 280 40 20 allt
601 279 55 21 efter
671 279 113 27 pröfning.

295 313 68 21 Emot
384 314 133 20 förberörda
539 314 251 25 öfverenskommelser,
813 313 79 21 hvilka
911 314 7 20 i
934 314 49 20 huf-

225 347 90 21 vudsak
334 348 38 20 vid
390 348 28 20 de
437 348 129 27 uppgjorda
582 348 237 26 regleringsförslagen
836 348 68 26 följts,
919 348 64 21 torde

225 382 139 26 berättigade
377 383 181 26 anmärkningar
574 383 80 20 kunna
670 384 72 25 göras,
755 382 108 21 särskildt
874 382 61 20 hvad
948 382 35 21 be-

225 416 78 20 träffar
325 417 134 26 tolkningen
483 417 25 20 af
527 417 175 26 förordningens
728 418 8 19 1
758 417 18 25 &.
809 416 35 21 Då
859 416 123 21 emellertid

225 457 32 13 nu
273 450 33 21 till
321 450 142 27 behandling
474 451 150 20 förevarande
635 451 187 26 motionsförslag
832 451 60 20 afser
904 451 79 20 endast

225 491 28 14 en
269 485 104 26 tolkning
389 485 25 20 af
427 485 170 20 föreskrifterna
613 485 7 20 i
635 486 14 19 4
664 485 44 21 och
722 486 25 19 10
758 485 26 26 $$
796 485 6 20 i
814 484 169 27 förordningen,

225 525 68 14 anser
316 519 108 21 utskottet
447 520 50 20 skäl
520 519 50 21 icke
591 519 114 27 föreligga,
727 521 32 19 att
775 519 42 20 här
832 520 105 19 närmare
953 521 29 19 än

225 560 50 14 som
292 553 59 21 skett
365 554 81 21 beröra
462 554 102 27 antydda
580 554 200 27 omständigheter.

295 588 67 20 Hvad
377 588 104 21 däremot
497 589 145 20 vidkommer
657 588 176 27 tillämpningen
849 588 25 20 af
887 588 96 21 bestäm-

224 621 113 27 ningarna
359 622 7 21 i
389 623 112 26 sistsagda
524 624 32 25 $$,
579 623 25 20 så
620 623 76 26 hafva,
712 623 70 26 enligt
797 622 61 21 hvad
874 622 109 21 utskottet

225 656 82 25 erfarit,
324 657 38 20 vid
379 657 148 27 uppgörande
536 657 25 20 af
571 657 244 27 regleringsförslagen,
827 657 137 20 åtminstone
976 656 6 20 i

224 691 75 26 regeln
315 691 28 20 de
359 691 94 26 afgifter,
478 698 50 14 som
544 691 151 21 därförinnan
711 691 73 26 utgått
800 691 49 20 från
866 691 115 26 bergverk,

224 724 60 21 bruk
307 725 44 20 och
374 725 73 21 andra
471 725 134 21 industriela
621 726 158 26 inrättningar,
796 725 49 20 icke
861 725 119 26 medtagits

224 759 38 20 vid
278 759 157 21 beräknandet
445 760 26 20 af
480 760 44 20 den
532 760 34 20 till
575 761 166 26 presterskapet
749 759 114 21 därintills
870 759 111 26 utgående

224 793 108 27 aflöning,
359 794 68 20 hvars
453 794 149 20 evalverande
631 794 43 20 och
698 793 129 26 fördelning
842 793 139 26 regleringen

224 827 71 21 afsett.
327 828 8 20 I
362 827 55 28 följd
444 828 69 20 häraf
525 828 69 21 hafva
610 827 151 21 förenämnda
778 827 94 27 afgifter,
888 827 33 21 till
937 827 44 21 den

223 861 37 20 del
283 861 28 20 de
334 861 49 21 icke
407 862 89 21 kunnat
515 862 109 21 hänföras
648 862 33 20 till
704 862 211 25 fastighetsskatter,
932 861 49 20 icke

223 895 72 20 heller
318 895 148 22 inberäknats
489 896 6 20 i
517 896 37 21 det
573 896 159 27 medelbelopp
748 896 26 20 af
787 895 194 28 påskpenningar,

223 929 141 26 dagsverken
387 937 29 14 m.
439 937 37 20 m.,
493 931 86 20 hvilket
594 931 70 26 enligt
680 931 26 20 10
721 931 13 26 $
750 930 60 21 skall
826 929 91 27 utbytas
934 931 47 19 mot

222 963 121 21 bestämda
359 965 119 26 personela
492 965 123 26 utskylder,
632 965 44 20 och
692 965 88 20 således
797 963 19 28 ej
833 964 71 20 heller
919 963 7 21 i
937 964 43 20 den

222 997 129 27 fördelning
367 999 25 20 af
405 999 153 20 omförmälda
574 999 160 27 medelbelopp
750 999 30 27 på
796 998 184 26 fastighetsegare

223 1032 44 20 och
283 1032 175 27 församlingens
475 1033 70 26 öfriga
560 1033 146 26 innevånare,
724 1040 50 13 som
791 1032 98 27 uppnått
903 1034 78 19 sexton

222 1065 37 22 års
275 1066 69 25 ålder,
360 1067 93 20 hvilken
470 1067 265 26 regleringskomitéerna
742 1066 114 28 uppgjort.
874 1067 108 20 Däremot

221 1099 71 21 hafva
307 1100 28 21 de
351 1101 25 20 af
388 1101 204 26 landthandlande,
609 1101 69 26 enligt
686 1101 117 27 ingångna
812 1100 169 21 öfverenskom-

222 1135 83 20 melser
320 1135 53 20 eller
389 1135 114 21 särskilda
520 1135 144 27 föreskrifter,
680 1138 60 19 samt
755 1135 26 21 af
794 1135 71 26 öfriga
874 1141 108 20 personer

221 1171 56 18 utan
310 1169 43 20 fast
383 1169 112 27 egendom
518 1170 94 26 tidigare
637 1170 110 26 utgående
772 1169 90 26 afgifter
885 1169 66 26 tagits
975 1169 6 20 i

221 1202 150 22 betraktande
387 1203 38 21 vid
441 1204 44 20 den
499 1204 138 27 jämförelse,
654 1211 50 14 som
720 1204 97 21 anstälts
832 1203 97 20 emellan
937 1203 44 20 den

221 1237 76 26 gamla
321 1237 43 21 och
380 1237 44 21 den
440 1238 107 21 framtida
563 1238 199 27 prestaflöningen,
785 1238 75 20 ehuru
880 1237 102 20 nämnda

220 1277 117 21 personer,
353 1272 5 20 i
375 1272 72 21 likhet
462 1273 52 20 med
530 1273 134 20 industriela
680 1273 160 25 inrättningar,
851 1271 130 21 därutöfver

221 1304 72 27 älagts
317 1308 31 18 att
371 1306 54 20 efter
443 1307 224 27 taxeringsbeloppet
683 1307 95 26 bidraga
793 1306 35 20 till
844 1305 137 26 aflöningen.

220 1338 45 21 Till
281 1339 55 27 följd
357 1340 68 20 häraf
439 1340 95 21 komma
550 1341 46 20 alla
612 1340 27 21 de
656 1340 93 27 afgifter,
766 1347 52 13 som
835 1339 69 26 enligt
919 1339 63 21 kom-

220 1374 185 26 munaltaxering
427 1375 55 26 utgä
504 1375 33 20 till
560 1374 178 28 presterskapets
753 1374 105 26 aflöning
872 1374 26 20 af
910 1374 72 20 landt-

219 1407 134 22 handlande
377 1409 43 20 och
444 1416 108 19 personer
573 1411 56 18 utan
653 1409 43 20 fast
714 1408 120 27 egendom,
855 1410 32 17 att
903 1409 78 24 utgöra

219 1443 31 18 ett
265 1441 97 22 tillskott
377 1443 54 20 eller
449 1443 164 26 »päbyggnad>»
631 1442 34 21 till
682 1442 180 27 presterskapets
874 1441 107 26 aflöning.

290 1515 46 22 Lag-
349 1516 32 16 och
394 1515 182 18 Ekonomiutskottets
589 1515 110 18 betänkande
711 1515 37 18 N:o
760 1515 30 18 16.
