1075 1753
423 159 194 28 Petitionsförslag.

149 212 188 37 Borgareståndet.
807 218 36 22 N:o
859 217 38 22 54.

690 527 159 28 (Öfversäitning.)

320 598 47 18 Till
385 598 124 24 vällofliga
526 598 205 24 Borgareständet.

218 652 28 19 Ur
264 652 96 24 principiel
381 652 98 23 synpunkt
497 653 65 17 kunna
579 651 106 25 lagförslag,
697 657 40 14 som
750 652 63 24 åsyfta
825 653 28 17 att
866 651 30 19 be-

147 683 67 23 gränsa
228 682 89 23 myndiga
329 687 96 19 personers
438 682 90 23 rättighet
540 683 28 17 att
581 681 49 23 välja
642 682 32 17 sitt
687 681 210 23 värksamhotsomräde,

148 712 40 18 icke
200 712 59 24 gillas.
284 712 43 18 Men
346 711 66 19 endast
431 717 23 12 en
475 711 56 19 tanko
545 711 53 19 torde
610 711 102 18 förefinnas
725 711 71 22 därom,
809 712 28 17 att
849 716 47 13 sam-

148 742 57 18 hället
225 747 43 18 eger
286 747 23 13 en
328 741 109 24 obestridlig
449 742 37 17 rätt
499 741 35 19 och
546 741 107 23 skyldighet
666 742 27 17 att
706 741 49 19 vaka
766 741 91 23 däröfver,
870 742 27 17 att

148 772 47 18 barn
206 771 36 19 och
253 770 124 24 minderåriga
390 771 41 18 icke
445 770 45 19 böra
502 776 34 18 ega
548 770 82 19 tillträde
643 770 29 18 till
684 770 30 18 för
723 770 42 19 dem
774 770 85 24 skadliga
869 776 28 12 ar-

148 801 81 19 betsfält.
254 801 10 18 I
282 801 79 18 främsta
377 802 82 17 rummet
477 802 32 17 äro
527 801 118 23 naturligtvis
663 800 92 19 föräldrar
767 801 36 18 och
815 801 82 23 förmyn-

146 831 44 18 dare
202 830 84 24 skyldige
299 832 28 16 att
339 830 55 23 tillse,
407 832 28 16 att
448 830 54 18 deras
515 830 46 19 barn
575 830 35 19 och
622 830 119 24 myndlingar
753 830 41 18 icke
807 830 31 19 vid
847 836 50 17 unga

146 862 27 22 år,
192 860 24 19 dä
235 860 23 18 de
276 861 32 18 äro
326 860 51 18 såväl
390 860 105 24 kroppsligt
507 866 40 12 som
560 860 72 24 andligt
645 860 128 23 outvecklade,
785 860 94 18 användas
891 860 6 17 i

146 890 70 19 sådana
232 890 60 24 yrken
310 890 36 19 och
363 890 90 24 göromål,
471 896 39 12 som
530 890 40 18 icke
587 891 33 17 äro
638 890 30 18 för
680 890 43 18 dem
735 890 94 24 lämpliga.
854 890 44 18 Men

144 920 68 24 jemväl
224 920 97 18 samhället
333 920 35 18 har
380 920 109 24 skyldighet
501 922 28 16 att
541 920 48 18 vaka
601 920 91 18 deröfver.
717 920 10 18 I
740 920 46 23 följd
799 920 54 18 häraf
862 919 34 18 har

145 950 55 18 äfven
216 950 83 24 stadgats
312 951 12 17 t.
338 956 29 12 ex.
380 950 158 24 inskränkningar
551 950 117 18 beträffande
680 950 133 24 minderäriges
825 950 69 18 använ-

146 980 60 18 dande
219 980 27 18 uti
260 980 103 18 industrins
376 980 63 23 tjenst.

216 1010 33 18 Ett
261 1009 209 23 verksamhetsomräde,
483 1010 73 18 hvarest
568 1010 107 23 ungdomen
688 1010 20 18 så
720 1010 45 18 väli
775 1009 67 24 sedligt
856 1014 39 13 som

144 1039 106 23 hygieniskt
263 1039 86 18 afseende
362 1040 21 17 är
395 1040 60 17 utsatt
468 1040 29 17 för
509 1041 51 16 stora
571 1040 56 21 faror,
637 1040 35 17 har
684 1040 92 17 härintills
787 1039 58 18 likväl
854 1038 41 19 icke

146 1068 61 19 blifvit
225 1069 191 23 uppmärksammadt.
441 1069 26 18 Vi
486 1069 62 23 åsyfta
566 1069 80 22 tjensten
663 1069 28 18 uti
704 1069 145 18 restaurationer
861 1068 34 19 och

144 1098 60 18 andra
216 1098 71 23 ställen,
299 1098 33 19 der
344 1098 113 24 rusdrycker
469 1099 107 18 utskänkas.
602 1098 38 19 Dot
652 1098 87 24 ständiga
750 1098 103 22 nattvaket,
862 1097 31 18 det

145 1128 138 23 oregelbundna
295 1128 116 23 lefnadssätt,
424 1134 41 13 som
477 1129 29 18 för
519 1129 69 22 tjenare
601 1129 9 17 &
624 1128 65 23 dylika
698 1129 66 18 ställen
773 1129 20 18 är
802 1127 93 19 oundvik-

144 1157 41 24 ligt,
203 1157 36 19 den
258 1158 137 18 ohelsosamma
413 1158 97 23 atmosfär,
523 1159 27 17 uti
563 1158 76 19 hvilken
652 1158 22 18 de
687 1159 32 18 äro
732 1160 85 21 tvungna
829 1159 28 16 att
870 1157 27 18 vi-

146 1189 44 21 stas,
206 1188 56 22 jemte
279 1187 46 19 flere
338 1188 59 17 andra
409 1188 160 23 omständigheter
581 1188 65 18 kunna
658 1188 40 18 icke
711 1189 58 17 annat
782 1189 24 16 än
819 1187 78 18 inverka

144 1217 106 24 fördärfligt
263 1218 24 23 pä
299 1217 53 18 deras
366 1217 56 18 helsa.
448 1217 45 19 Men
505 1218 51 18 ännu
569 1218 128 23 fördärfligare
710 1218 32 18 äro
754 1218 23 17 de
787 1217 56 22 faror,
856 1222 40 13 som

145 1247 46 18 hota
203 1247 102 24 tjenarenes
318 1247 92 24 sedlighet
419 1248 28 17 uti
461 1247 53 19 detta
525 1248 51 23 yrke.
594 1248 29 17 De
630 1247 93 19 frestelser
731 1247 29 19 till
769 1247 130 23 dryckenskap

145 1276 37 19 och
193 1277 108 24 osedlighet,
314 1277 30 18 för
356 1277 65 18 hvilka
433 1283 52 18 unga
498 1283 92 18 personer,
600 1278 43 17 män
653 1277 35 19 och
696 1277 80 19 kvinnor
784 1277 6 18 i
799 1277 38 18 lika
847 1276 52 23 grad,

146 1306 54 24 iföljd
212 1307 20 18 af
247 1307 32 18 det
291 1307 63 24 dåliga
367 1307 93 24 exemplet
473 1308 28 17 uti
514 1307 52 18 detta
578 1307 46 24 yrke
636 1307 41 18 ofta
688 1308 33 17 äro
734 1307 115 22 blottstälda,
861 1306 38 18 för-

146 1336 76 24 slappar
234 1337 52 18 deras
296 1337 113 18 rättskänsla
421 1337 37 18 och
470 1337 77 18 hindrar
559 1337 53 18 deras
625 1337 71 24 sedliga
708 1337 113 23 utveckling,
834 1335 65 19 sävida

147 1365 23 18 de
183 1366 40 18 icke
235 1366 67 24 bringa
314 1367 42 18 dem
369 1367 44 18 rakt
425 1367 6 17 i
445 1367 107 19 förderfvet.

218 1396 44 18 Med
281 1397 71 17 fästadt
374 1397 87 18 afseende
481 1398 12 17 &
505 1397 31 18 det
549 1399 51 16 stora
612 1397 106 23 inflytande
730 1396 119 24 omgifvande
863 1396 36 17 för-

147 1425 100 18 hällanden
257 1426 65 18 utöfva
332 1427 24 22 på
365 1426 117 23 ungdomens
492 1427 108 23 utveckling
607 1427 34 18 och
651 1427 25 18 då
684 1426 99 19 samhället
791 1427 21 17 är
818 1425 82 24 skyldigt

148 1456 28 17 att
194 1455 76 23 vidtaga
288 1455 159 24 skyddsåtgärder
465 1456 34 18 der
518 1457 40 18 fara
576 1457 56 18 hotar
644 1457 34 18 den
692 1456 124 23 uppväxande
829 1454 70 24 ungdo-

148 1490 52 12 mens
213 1485 92 23 sedlighet
318 1485 36 18 och
366 1485 58 23 helsa,
437 1486 49 23 våga
499 1486 18 18 vi
529 1486 106 23 ödmjukast
648 1486 83 18 anhålla:
