1092 1742
428 178 79 22 Motion.

88 236 99 36 Prestest.
775 241 33 21 N:o
823 240 22 20 4.

618 470 158 28 (Öfversättning.)

262 534 46 20 Till
323 534 150 24 Högvördiga
488 534 186 19 Presteståndet.

162 592 121 24 Stadgandet
305 592 6 18 i
335 592 10 24 $
366 592 25 19 23
413 591 22 20 af
448 591 72 25 nådiga
535 591 139 24 förordningen
690 591 21 19 af
725 592 36 18 den
778 592 11 19 9
804 592 42 24 juni

97 620 58 26 1892,
176 620 100 25 angående
291 620 122 24 försäljning,
429 620 82 24 forsling
526 623 50 17 samt
591 620 72 24 upplag
678 620 22 19 af
713 620 80 20 bränvin
810 620 35 20 och

92 650 62 19 andra
168 650 75 18 brända
259 650 47 18 eller
321 649 120 19 distillerade
457 650 139 23 spritdrycker,
613 649 67 19 derom
694 651 30 17 att
738 649 12 19 å
760 649 85 25 apothelk

92 678 32 19 må
145 678 88 24 bränvin,
257 678 49 24 sprit
329 678 47 19 eller
391 680 42 17 eter
459 678 48 24 säljas
524 678 69 19 endast
607 678 32 18 för
654 678 115 19 medicinskt
785 678 60 19 ända-

92 707 44 24 mål,
152 707 36 19 har
203 706 26 25 på
243 706 49 20 flera
306 706 111 20 landsorter
432 707 57 23 gifvit
503 707 76 24 upphof
588 706 29 19 till
628 706 104 20 ledsamma
741 707 103 19 missbruk.

92 736 68 23 Enligt
174 736 62 19 andra
251 741 56 14 mom.
323 735 22 19 af
359 741 72 13 samma
446 736 95 24 paragraf
555 738 23 16 är
592 736 33 18 det
640 735 71 19 tillåtet
726 738 28 16 att
764 736 82 23 försälja

93 764 57 19 dessa
168 764 63 19 medel
251 766 46 17 utan
313 764 141 25 läkarerecept,
470 770 30 13 om
515 765 51 19 blott
582 764 49 19 huru
646 764 43 19 litet
704 770 39 13 som
759 764 52 19 hälst
825 764 21 19 af

92 792 60 24 något
173 796 60 16 annat
255 795 56 17 ämne
333 795 22 17 är
377 793 44 19 med
436 794 43 18 dem
495 793 187 23 sammanblandadt,
697 793 57 24 högst
769 799 23 13 en
807 794 38 23 tju-

92 822 106 23 gundedels
221 822 46 19 liter
285 822 31 18 för
331 822 66 24 hvarje
413 822 56 24 gång.
500 822 39 19 Det
554 821 62 20 finnes
632 822 106 18 emellertid
754 822 90 24 apothek,

93 850 64 19 hvilka
180 850 22 19 så
223 851 116 19 oinskränkt
360 851 88 23 begagna
471 851 29 24 sig
523 851 20 19 af
565 851 63 19 denna
643 850 99 24 rättighet,
758 853 30 17 att
802 851 44 19 hela

92 879 70 24 byalag
184 879 6 18 i
213 880 102 23 omnejden
337 880 41 19 lida
393 879 22 20 af
429 880 54 19 detta
498 880 102 19 missbruk.
630 880 47 18 Med
692 879 73 24 hänsyn
780 879 66 20 härtill

93 908 59 19 borde
168 908 67 19 därför
250 909 70 19 nämda
335 908 94 25 paragraf
443 908 102 20 förändras
562 909 88 23 sålunda,
665 910 29 17 att
708 908 116 24 försäljning
834 908 12 19 å

93 937 85 24 apothek
200 937 22 19 af
243 937 73 20 sådana
339 937 63 19 medel
417 937 80 20 alldeles
513 938 63 19 skulle
590 937 111 24 förbjudas;
718 937 49 19 dock
784 937 61 19 skulle

93 966 198 24 medicinalstyrelsen
310 966 118 19 förbehållas
456 968 28 17 rätt
499 969 28 16 att
542 966 45 19 från
603 966 54 19 detta
672 966 106 24 stadgande
793 966 52 19 med-

93 994 52 23 gifva
167 995 100 24 undantag
290 995 30 19 för
340 995 73 19 sådana
429 995 96 19 särskilda
540 995 115 24 läkemedel,
671 995 42 19 med
728 995 92 19 afseende
835 994 11 19 å

93 1023 65 19 hvilka
172 1023 98 20 missbruk
285 1024 17 23 ej
319 1026 21 17 är
355 1026 29 17 att
399 1023 74 20 befara.

162 1052 28 19 På
211 1053 63 24 grund
297 1052 20 20 af
339 1053 33 19 det
390 1052 83 20 anförda
488 1053 60 24 vågar
562 1053 33 24 jag
610 1053 98 19 vördsamt
722 1052 78 19 anhålla
816 1057 29 14 om

93 1080 118 25 högvördiga
228 1081 156 20 Presteståndets
400 1081 117 20 medverkan
533 1081 72 24 dertill,
621 1084 29 17 att
664 1081 76 20 landets
755 1087 25 13 nu
797 1087 49 12 sam-

92 1109 141 20 manträdande
257 1111 83 18 Ständer
360 1111 45 18 ville
420 1110 31 19 för
467 1111 29 18 sin
512 1111 30 18 del
558 1111 104 23 godkänna
676 1110 36 19 och
727 1110 7 19 i
749 1109 96 20 underdä-

91 1138 67 23 nighet
180 1138 35 19 hos
235 1139 52 19 Hans
303 1139 110 24 Kejserliga
428 1139 95 24 Majestät
537 1139 79 20 anhålla
631 1145 30 13 om
677 1139 133 19 stadfästande
826 1138 20 19 af

91 1166 85 25 följande

297 1219 84 26 Förslag
404 1219 29 20 till
455 1220 114 25 förordning
583 1219 129 25 innefattande
728 1219 80 25 ändring
824 1219 25 24 af

229 1249 14 22 $
265 1250 29 18 23
316 1249 7 19 i
345 1249 137 24 förordningen
505 1249 25 24 af
541 1249 35 20 den
593 1249 12 19 9
617 1249 44 23 juni
676 1249 58 22 1892,
750 1248 96 25 angäende

229 1277 121 26 försäljning,
366 1277 83 25 forsling
463 1279 52 18 samt
530 1277 71 26 upplag
616 1278 26 23 af
651 1277 79 20 bränvin
740 1277 34 20 och
784 1277 62 20 andra

233 1307 73 19 brända
321 1307 47 19 eller
382 1306 119 20 distillerade
515 1306 136 25 spritdrycker.

297 1364 116 19 Härmedels
427 1364 78 25 stadgas
520 1365 29 18 att
563 1365 13 23 $
591 1365 29 18 23
635 1363 9 20 i
657 1363 70 26 nädiga
736 1363 109 24 förordnin-

229 1399 35 18 gen
279 1393 25 24 af
315 1393 36 19 den
367 1393 13 19 9
392 1393 43 24 juni
450 1393 60 23 1892,
527 1393 95 25 angäende
632 1392 122 25 försäljning,
764 1392 82 25 forsling

229 1423 52 18 samt
295 1422 72 24 upplag
382 1422 25 24 af
419 1421 80 20 bränvin
514 1422 33 19 och
562 1421 62 20 andra
639 1421 72 20 brända
726 1421 45 20 eller
786 1420 60 21 distil-

229 1451 64 19 lerade
315 1451 136 24 spritdrycker,
473 1451 52 19 skall
544 1450 74 20 erhålla
632 1450 84 25 följande
730 1449 116 25 förändrade

229 1479 80 24 lydelse:
