1073 1739
302 176 278 24 Petitionsbetänkande
596 177 43 22 N:o
654 177 38 22 25.
834 183 12 21 3

185 246 74 27 Enligt
280 246 151 26 ordalydelsen
454 246 39 20 har
515 247 121 20 detsamma
659 246 77 21 endast
758 246 47 27 gält
828 244 49 29 ,hel

117 280 82 21 socken
218 280 52 20 eller
289 280 69 21 större
374 280 35 20 del
424 280 81 25 däraf”,
522 284 56 17 samt
593 280 39 21 har
647 280 90 21 sålunda
752 280 76 26 aldrig,
844 280 32 20 åt-

117 315 107 20 minstone
239 315 24 20 så
278 314 46 21 vidt
340 314 81 21 enskild
436 314 103 27 lägenhet
554 315 72 26 angår,
643 314 65 22 afsett
719 318 33 17 att
764 314 111 28 upphäfva

118 348 149 27 stadgandena
282 350 7 19 i
304 348 26 28 $$
348 353 40 22 159
403 348 41 21 och
462 348 40 26 164
517 348 25 21 af
556 349 52 25 1848
625 349 33 20 års
669 348 207 27 landtmäteriregle-

117 386 79 22 mente,
219 382 82 22 hvilket
323 382 32 21 för
378 383 41 20 åbo
441 384 12 20 å
468 383 79 20 krono-
562 383 51 21 eller
629 383 182 27 skattelägenhet,
828 389 48 14 som

117 417 79 21 ansökt
211 417 206 27 skatteförmedling,
433 417 91 21 utfäster
540 418 37 20 det
590 417 100 27 äfventyr
701 420 32 18 att
741 416 135 28 guvernören

117 451 40 21 bör
181 451 56 28 ,läta
259 451 81 21 honom
362 451 119 27 bevisligen
501 452 140 26 förständiga,
660 455 32 17 att
708 452 54 20 hans
777 452 99 20 hemman

117 486 98 20 kommer
236 489 32 17 att
288 485 100 27 utbjudas
410 486 42 20 och
473 486 117 20 öfverlåtas
611 486 22 21 åt
651 486 48 25 den,
715 492 49 14 som
778 485 37 21 vill
830 486 47 20 det-

118 526 82 14 samma
219 523 59 18 emot
292 520 120 27 utgörande
427 520 25 20 af
464 520 57 20 förra
535 520 87 21 skatten
638 520 131 27 emottaga,"
786 519 90 21 hvarvid

119 554 57 20 dock
197 555 12 20 å
232 554 171 21 skattehemman
425 554 243 27 skatteköpsskillingen
690 553 68 21 skulle
773 554 32 21 till
820 554 56 20 förra

118 588 57 21 åbon
198 588 106 28 erläggas.
334 589 83 20 Endast
439 589 24 20 så
485 588 63 21 framt
571 588 135 21 hemmanets
728 588 54 27 ägor
797 594 80 21 genom

120 622 126 28 nVattuflod,
256 622 100 28 flygsand
367 622 50 21 eller
430 623 67 20 andra
507 622 164 21 naturorsaker'
680 622 117 27 undergätt
804 623 72 26 någon

118 657 100 27 betydlig
240 656 128 28 försämring
384 657 42 20 kan
445 656 201 28 skatteförmedling
662 657 22 20 af
698 656 83 21 enskild
796 663 81 20 person

118 695 52 17 utan
186 691 67 21 sädan
269 691 81 27 päföljd
365 691 98 21 ansökas.

188 726 42 21 Att
252 726 50 20 med
325 726 139 27 äberopande
486 726 25 21 af
530 726 42 20 den
593 727 6 19 i
617 725 54 26 1864
686 726 34 20 ärs
736 725 79 27 nädiga
830 725 52 20 bref

119 759 95 22 Senaten
229 760 129 21 meddelade
373 760 133 27 befogenhet
521 764 33 17 att
569 763 51 18 utan
634 760 75 21 vidare
724 763 99 24 upptaga
836 759 41 20 frä-

118 801 43 20 gan
184 801 37 13 om
241 794 224 27 skatteförmedlingar
487 796 58 19 inom
567 794 116 27 Egentliga
701 794 102 21 Finlands
818 793 59 20 kust-

118 828 82 21 trakter
216 828 88 21 hänvisa
320 828 279 27 lägenhetsinnehafvarene
618 830 3 19 i
636 829 28 20 de
679 828 132 24 kommuner,
824 827 53 20 hvil-

119 862 39 21 kas
174 862 58 21 talan
248 863 167 27 petitionärerna
430 863 49 25 fört,
493 866 31 18 att
537 863 51 20 med
600 864 46 19 sina
655 863 143 26 ansökningar
806 861 71 21 vända

120 897 33 26 sig
175 897 32 20 till
227 898 133 26 regeringen,
376 904 65 19 synes
459 897 66 20 redan
540 897 29 27 pä
584 897 69 27 grund
668 897 64 20 häraf
744 896 48 21 icke
806 896 72 20 kunna

120 930 161 28 ifrägakomma.
315 931 77 21 Härtill
417 931 98 21 kommer
536 935 33 17 att
590 938 26 13 en
637 931 136 27 tillämpning
796 930 23 21 af
840 930 38 20 det

120 965 176 27 bemyndigande
318 965 93 21 Senaten
433 966 89 20 sälunda
545 965 89 25 erhällit,
656 965 67 27 enligt
738 965 58 21 hvad
811 964 66 21 redan

120 999 132 26 framhällits,
274 1000 48 21 icke
343 1001 29 26 pä
394 1000 63 27 länge
475 1002 55 19 varit
552 1001 7 20 i
574 1000 60 27 fräga
652 999 42 21 och
710 1003 31 18 att
757 999 121 21 detsamma

120 1033 52 27 föga
193 1041 44 20 nog
252 1034 62 21 torde
329 1034 71 21 kunna
415 1041 62 14 anses
492 1034 88 21 kvarstä
595 1035 6 20 i
616 1033 100 28 gällande
731 1033 63 25 kraft,
810 1033 68 20 sedan

120 1067 75 28 frägan
210 1075 37 14 om
262 1068 108 21 definitiva
382 1069 225 26 skatteförmedlingar
619 1070 58 19 inom
687 1069 44 26 just
743 1068 29 20 de
781 1067 97 21 kommu-

120 1109 38 13 ner
173 1102 125 27 äberopade
313 1103 48 20 bref
374 1103 63 20 berör
452 1103 29 27 pä
496 1103 132 20 Ständernas
643 1104 91 19 initiativ
749 1101 129 28 upprepade

120 1137 82 26 gänger
217 1138 113 26 upptagits
345 1137 31 20 till
392 1137 105 27 pröfning,
513 1140 57 17 samt
585 1137 63 20 äfven
663 1138 73 19 vunnit
752 1135 126 28 afgörande.

120 1171 42 20 Till
183 1171 118 26 belysande
322 1171 23 20 af
362 1171 42 20 den
418 1171 146 27 uppfattning,
580 1177 48 14 som
643 1171 50 20 med
708 1170 104 21 afseende
827 1169 51 21 härä

120 1205 67 20 redan
207 1205 57 27 gjort
283 1207 33 26 sig
336 1205 106 27 gällande,
459 1212 62 13 anser
537 1207 33 25 sig
585 1205 116 20 Utskottet
716 1205 76 20 främst
807 1203 71 21 kunna

121 1239 89 20 hänvisa
226 1239 31 21 till
272 1240 42 20 den
329 1240 32 20 till
378 1240 49 26 1891
447 1240 33 20 ärs
496 1239 93 21 Ständer
604 1239 79 20 aflätna
698 1238 132 21 berättelsen
842 1245 36 13 om

120 1273 124 27 Styrelsens
252 1274 142 27 tillgöranden
402 1275 6 19 i
416 1274 115 26 anledning
536 1274 24 20 af
564 1274 27 20 de
600 1274 48 20 utaf
652 1273 120 21 Ständerna
778 1272 38 21 vid
825 1272 53 20 1888

121 1308 34 20 års
172 1308 104 27 landtdag
292 1308 82 21 fattade
389 1308 76 24 beslut,
482 1309 6 19 i
503 1308 64 20 hvars
578 1308 42 20 afd.
629 1308 28 20 D.
668 1308 68 26 punkt
750 1313 24 20 13
783 1306 95 21 anföres:

192 1342 22 27 yl
236 1342 114 26 anledning
373 1342 22 20 af
416 1342 133 20 Ständernas
571 1343 30 19 uti
622 1341 112 21 skrifvelse
755 1341 24 21 af
794 1341 42 20 den
852 1346 28 20 29

121 1376 43 26 Maj
183 1376 53 20 1888
252 1376 126 21 framstälda
393 1376 147 26 underdäniga
555 1375 104 25 anhällan,
674 1376 37 20 det
723 1375 85 21 täcktes
818 1374 61 20 Hans

121 1410 121 26 Kejserliga
262 1410 103 26 Majestät
387 1413 51 24 taga
461 1410 67 20 under
547 1410 143 27 ompröfning,
712 1409 104 21 huruvida
832 1408 47 20 icke

121 1451 27 13 en
168 1443 78 21 allmän
261 1444 200 26 skatteförmedling
477 1444 28 27 pä
521 1437 73 27 Äland
609 1444 42 20 och
667 1443 67 21 delvis
750 1444 7 20 i
771 1442 109 21 kusttrak-

120 1481 62 18 terna
197 1478 25 20 af
233 1478 52 20 Abo
300 1478 35 20 län
350 1478 68 20 borde
433 1478 127 26 medgifvas,
577 1478 38 20 har
630 1478 60 20 Hans
705 1477 60 26 Kejs.
776 1476 104 26 Majestät

191 1524 131 15 Statsutskottets
335 1524 104 15 betänkande
451 1524 35 15 N:o
495 1528 19 16 3.
