1092 1734
454 177 89 24 Motion.

125 232 101 37 Bondest.
799 236 39 23 N:o
855 236 20 23 6.

192 476 165 27 (Öfversättniug.)

284 612 48 20 Till
348 613 157 20 Hedervärda
520 613 189 20 Bondeståndet.

193 672 80 26 Nådiga
288 672 142 26 förordningen
445 672 103 26 angående
564 672 174 26 vattenledningar
751 673 37 20 och
799 675 75 18 vatten-

123 702 47 21 verk
186 702 21 20 af
223 702 38 20 den
279 703 27 19 23
322 702 56 20 Mars
396 704 55 18 1868
468 702 118 20 bestämmer
601 702 25 20 de
642 702 117 26 rättigheter,
771 703 26 26 på
809 702 65 27 grund

122 732 21 20 af
158 732 70 20 hvilka
248 732 100 26 jordegare
364 732 41 20 kan
421 732 67 20 afleda
503 732 183 26 öfverloppsvatten
703 732 44 20 från
763 732 44 20 sina
823 739 50 19 egor,

122 762 103 20 äfvensom
242 762 24 20 de
282 762 140 26 skyldigheter,
444 762 69 20 hvilka
534 762 67 26 åligga
621 769 88 19 grannar
723 762 31 20 för
769 762 105 20 underhål-

122 792 59 20 lande
197 792 21 20 af
234 795 122 23 gemensamt
371 792 51 20 dike.
453 792 49 20 Men
518 792 137 20 erfarenheten
669 792 36 20 har
715 795 92 23 nogsamt
817 792 56 24 visat,

122 822 50 20 huru
194 822 56 20 svårt
268 821 125 21 underhållet
408 822 22 20 af
444 825 124 23 gemensamt
587 822 117 20 utfallsdike
720 822 42 24 blir,
780 821 94 21 särskildt

122 852 43 20 ifall
181 851 63 21 bland
260 852 114 27 delegarene
390 852 65 20 finnes
471 852 66 27 någon
552 852 47 20 eller
609 852 63 27 några
683 852 114 27 försumliga
807 852 67 27 lägen-

122 882 178 24 hetsinnehafvare,
310 882 68 20 hvilka
386 882 98 27 likgiltiga
493 882 31 20 för
531 889 49 20 egen
590 882 69 24 fördel,
668 882 56 20 alltid
733 882 51 21 blott
791 883 84 20 invänta

122 912 146 27 uppmaningar
288 912 36 20 och
340 912 30 20 till
386 912 36 20 och
438 912 44 19 med
503 913 68 25 tvång,
592 912 66 20 förrän
675 912 24 20 de
715 912 80 27 vidtaga
810 913 64 26 åtgär-

123 942 33 20 der
172 941 30 20 till
225 942 133 26 uppfyllande
376 942 22 20 af
413 942 43 20 sina
478 942 139 27 skyldigheter.
649 941 151 22 Utfallsdikena
815 942 58 20 erfor-

122 972 36 20 dra
174 972 78 26 ständig
268 971 67 27 tillsyn
352 972 36 19 och
405 971 79 25 skötsel,
500 979 46 13 men
562 972 94 26 gällande
671 972 116 27 förordning
802 971 73 21 tillåter

122 1001 43 20 icke
180 1009 25 12 en
221 1001 233 27 lägenhetsinnehafvare
470 1005 29 16 att
514 1001 97 21 inblanda
627 1002 30 26 sig
671 1002 6 19 i
693 1002 31 20 sin
734 1009 85 19 grannes
832 1001 42 20 dik-

122 1031 178 27 ningsskyldighet,
321 1031 67 20 förrän
404 1031 64 20 dikets
484 1031 97 21 förfallna
596 1031 57 20 skick
669 1032 141 20 åstadkommit
825 1031 49 20 kän-

122 1062 36 19 bar
173 1061 68 20 skada.
272 1062 41 19 För
328 1061 59 27 öfrigt
402 1063 22 18 är
439 1062 39 19 den
492 1061 177 27 omständigheten,
681 1065 28 16 att
720 1062 38 20 den
770 1066 44 16 ena”
817 1068 57 20 gran-

121 1098 39 13 nen
182 1091 62 20 måste
264 1091 96 27 påminna
382 1091 39 20 den
437 1091 68 25 andra,
526 1091 66 27 egnad
607 1094 30 17 att
653 1092 53 20 störa
721 1092 34 20 det
769 1092 53 26 goda
837 1091 37 20 för-

123 1121 103 20 hållandet
242 1120 84 21 emellan
342 1128 92 20 grannar,
447 1121 36 20 och
500 1129 24 12 en
541 1121 120 20 tredskande
677 1121 88 27 delegare
782 1122 40 19 kan
839 1128 35 13 un-

122 1151 34 19 der
174 1151 63 20 åratal
256 1151 86 26 färdröja
360 1152 28 19 ett
404 1151 97 27 behöfligt
517 1151 116 20 utfalldikes
649 1152 158 19 iståndsättande
824 1154 51 17 samt

122 1181 101 26 dymedels
239 1181 137 20 åstadkomma
392 1184 48 17 stort
456 1181 80 27 förfång
552 1181 30 20 för
597 1184 28 16 ett
640 1181 42 20 helt
697 1181 79 27 byalag.

193 1211 11 19 I
225 1208 126 23 Österbotten
376 1211 36 20 har
432 1218 47 13 man
500 1211 45 20 sökt
568 1210 93 27 aflägsna
682 1212 57 19 dessa
755 1211 120 26 svårigheter

121 1247 70 20 genom
215 1244 29 16 att
264 1240 83 20 tillsätta
363 1241 22 19 så
405 1240 81 20 kallade
508 1241 197 26 dikningsnämnder,
727 1241 78 20 hvilkas
827 1240 48 27 ålig-

120 1270 66 27 gande
201 1272 23 18 är
238 1274 30 16 att
283 1270 75 27 årligen
379 1270 114 21 undersöka
508 1270 41 20 alla
564 1271 54 20 inom
634 1271 56 20 deras
709 1271 79 20 område
803 1270 72 20 befint-

120 1300 40 27 liga
175 1308 147 19 gemensamma
336 1300 132 20 utfallsdiken
484 1304 56 21 samt,
556 1300 43 20 ifall
615 1301 66 26 någon
698 1301 99 26 delegares
811 1300 64 20 dikes-

121 1330 60 20 andel
197 1330 26 20 då
234 1330 91 20 befinnes
338 1330 88 20 erfordra
436 1330 166 26 iståndsättande,
613 1331 66 20 derom
689 1331 96 26 påminna
793 1330 81 20 honom.

121 1360 226 27 Dikningsnämnderna
362 1360 111 20 bestämma
488 1360 73 27 jemväl
577 1361 24 19 de
617 1360 66 20 skilda
696 1361 125 26 delegarenes
833 1360 41 20 dik-

121 1390 174 26 ningsskyldighet
310 1390 5 20 i
332 1390 125 20 förhållande
474 1390 30 20 till
520 1390 39 20 den
575 1393 58 23 nytta
648 1390 75 20 enhvar
737 1390 21 20 af
769 1390 54 20 diket
833 1390 37 20 har

121 1420 43 19 ifall
188 1420 56 26 dylik
268 1420 112 27 fördelning
404 1420 53 20 förut
472 1420 44 20 icke
532 1420 97 24 existerar,
645 1420 48 20 eller
709 1427 30 13 om
756 1420 118 20 förändrade

121 1449 219 27 odlingsförhållanden
361 1450 83 26 påkalla
466 1450 87 26 ändring
574 1450 5 19 i
598 1450 39 20 den
663 1450 52 20 förra
740 1450 134 26 indelningen.

121 1479 91 21 Sålunda
234 1480 61 20 hafva
316 1480 73 26 många
413 1480 69 20 tvister
502 1480 107 24 undvikits,
626 1480 36 20 och
678 1480 36 20 har
729 1480 32 20 det
777 1480 52 20 varit
844 1478 31 20 till

122 1512 39 17 stor
184 1512 58 23 nytta
264 1509 30 19 för
314 1509 120 27 jordbruket,
456 1512 30 17 att
504 1517 145 19 gemensamma
665 1509 210 28 utfallsdiken
802 1505 9 36 -
814 1509 61 28 aldrig
