<?xml version="1.0" encoding="UTF-8"?>
<alto xmlns="http://www.loc.gov/standards/alto/ns-v3#" xmlns:xlink="http://www.w3.org/1999/xlink" xmlns:xsi="http://www.w3.org/2001/XMLSchema-instance" xsi:schemaLocation="http://www.loc.gov/standards/alto/ns-v3# http://www.loc.gov/alto/v3/alto-3-0.xsd">
	<Description>
		<MeasurementUnit>pixel</MeasurementUnit>
		<sourceImageInformation>
			<fileName>/tmp/tess_1xxgytl3_input.PNG</fileName>
		</sourceImageInformation>
		<OCRProcessing ID="OCR_0">
			<ocrProcessingStep>
				<processingSoftware>
					<softwareName>tesseract 5.3.4</softwareName>
				</processingSoftware>
			</ocrProcessingStep>
		</OCRProcessing>
	</Description>
	<Layout>
		<Page WIDTH="1070" HEIGHT="1731" PHYSICAL_IMG_NR="0" ID="page_0">
			<PrintSpace HPOS="0" VPOS="0" WIDTH="1070" HEIGHT="1731">
				<ComposedBlock ID="cblock_0" HPOS="379" VPOS="140" WIDTH="332" HEIGHT="22">
					<TextBlock ID="block_0" HPOS="379" VPOS="140" WIDTH="332" HEIGHT="22">
						<TextLine ID="line_0" HPOS="379" VPOS="140" WIDTH="332" HEIGHT="22">
							<String ID="string_0" HPOS="379" VPOS="140" WIDTH="235" HEIGHT="22" WC="0.90" CONTENT="Petitionsbetänkandet"/><SP WIDTH="15" VPOS="140" HPOS="614"/>
							<String ID="string_1" HPOS="629" VPOS="140" WIDTH="34" HEIGHT="22" WC="0.95" CONTENT="N:o"/><SP WIDTH="17" VPOS="140" HPOS="663"/>
							<String ID="string_2" HPOS="680" VPOS="140" WIDTH="31" HEIGHT="22" WC="0.96" CONTENT="11."/>
						</TextLine>
					</TextBlock>
				</ComposedBlock>
				<ComposedBlock ID="cblock_1" HPOS="364" VPOS="203" WIDTH="553" HEIGHT="132">
					<TextBlock ID="block_1" HPOS="364" VPOS="203" WIDTH="553" HEIGHT="132">
						<TextLine ID="line_1" HPOS="433" VPOS="203" WIDTH="482" HEIGHT="28">
							<String ID="string_3" HPOS="433" VPOS="203" WIDTH="165" HEIGHT="28" WC="0.91" CONTENT="Ridderskapet"/><SP WIDTH="22" VPOS="203" HPOS="598"/>
							<String ID="string_4" HPOS="620" VPOS="203" WIDTH="42" HEIGHT="22" WC="0.93" CONTENT="och"/><SP WIDTH="19" VPOS="203" HPOS="662"/>
							<String ID="string_5" HPOS="681" VPOS="203" WIDTH="73" HEIGHT="22" WC="0.93" CONTENT="Adeln"/><SP WIDTH="15" VPOS="203" HPOS="754"/>
							<String ID="string_6" HPOS="769" VPOS="203" WIDTH="69" HEIGHT="22" WC="0.96" CONTENT="måtte"/><SP WIDTH="15" VPOS="203" HPOS="838"/>
							<String ID="string_7" HPOS="853" VPOS="203" WIDTH="7" HEIGHT="21" WC="0.96" CONTENT="i"/><SP WIDTH="16" VPOS="203" HPOS="860"/>
							<String ID="string_8" HPOS="876" VPOS="203" WIDTH="39" HEIGHT="22" WC="0.96" CONTENT="sak"/>
						</TextLine>
						<TextLine ID="line_2" HPOS="364" VPOS="237" WIDTH="552" HEIGHT="29">
							<String ID="string_9" HPOS="364" VPOS="237" WIDTH="89" HEIGHT="22" WC="0.96" CONTENT="ansluta"/><SP WIDTH="23" VPOS="237" HPOS="453"/>
							<String ID="string_10" HPOS="476" VPOS="237" WIDTH="35" HEIGHT="28" WC="0.95" CONTENT="sig"/><SP WIDTH="22" VPOS="237" HPOS="511"/>
							<String ID="string_11" HPOS="533" VPOS="237" WIDTH="34" HEIGHT="22" WC="0.96" CONTENT="till"/><SP WIDTH="17" VPOS="237" HPOS="567"/>
							<String ID="string_12" HPOS="584" VPOS="237" WIDTH="27" HEIGHT="22" WC="0.96" CONTENT="de"/><SP WIDTH="16" VPOS="237" HPOS="611"/>
							<String ID="string_13" HPOS="627" VPOS="237" WIDTH="73" HEIGHT="29" WC="0.93" CONTENT="öfriga"/><SP WIDTH="16" VPOS="237" HPOS="700"/>
							<String ID="string_14" HPOS="716" VPOS="237" WIDTH="110" HEIGHT="22" WC="0.90" CONTENT="Ståndens"/><SP WIDTH="16" VPOS="237" HPOS="826"/>
							<String ID="string_15" HPOS="842" VPOS="237" WIDTH="74" HEIGHT="22" WC="0.96" CONTENT="beslut"/>
						</TextLine>
						<TextLine ID="line_3" HPOS="364" VPOS="272" WIDTH="553" HEIGHT="28">
							<String ID="string_16" HPOS="364" VPOS="272" WIDTH="117" HEIGHT="21" WC="0.96" CONTENT="äfvensom"/><SP WIDTH="16" VPOS="272" HPOS="481"/>
							<String ID="string_17" HPOS="497" VPOS="273" WIDTH="33" HEIGHT="20" WC="0.96" CONTENT="att"/><SP WIDTH="16" VPOS="273" HPOS="530"/>
							<String ID="string_18" HPOS="546" VPOS="272" WIDTH="105" HEIGHT="28" WC="0.96" CONTENT="samtliga"/><SP WIDTH="10" VPOS="272" HPOS="651"/>
							<String ID="string_19" HPOS="661" VPOS="272" WIDTH="70" HEIGHT="22" WC="0.96" CONTENT="Stånd"/><SP WIDTH="12" VPOS="272" HPOS="731"/>
							<String ID="string_20" HPOS="743" VPOS="272" WIDTH="68" HEIGHT="22" WC="0.96" CONTENT="måtte"/><SP WIDTH="11" VPOS="272" HPOS="811"/>
							<String ID="string_21" HPOS="822" VPOS="272" WIDTH="95" HEIGHT="22" WC="0.96" CONTENT="omfatta"/>
						</TextLine>
						<TextLine ID="line_4" HPOS="364" VPOS="306" WIDTH="516" HEIGHT="29">
							<String ID="string_22" HPOS="364" VPOS="312" WIDTH="29" HEIGHT="16" WC="0.96" CONTENT="en"/><SP WIDTH="15" VPOS="312" HPOS="393"/>
							<String ID="string_23" HPOS="408" VPOS="306" WIDTH="93" HEIGHT="28" WC="0.96" CONTENT="petition"/><SP WIDTH="15" VPOS="306" HPOS="501"/>
							<String ID="string_24" HPOS="516" VPOS="307" WIDTH="7" HEIGHT="21" WC="0.96" CONTENT="i"/><SP WIDTH="16" VPOS="307" HPOS="523"/>
							<String ID="string_25" HPOS="539" VPOS="307" WIDTH="76" HEIGHT="21" WC="0.96" CONTENT="ämnet"/><SP WIDTH="14" VPOS="307" HPOS="615"/>
							<String ID="string_26" HPOS="629" VPOS="307" WIDTH="26" HEIGHT="21" WC="0.96" CONTENT="af"/><SP WIDTH="14" VPOS="307" HPOS="655"/>
							<String ID="string_27" HPOS="669" VPOS="307" WIDTH="98" HEIGHT="28" WC="0.96" CONTENT="följande"/><SP WIDTH="15" VPOS="307" HPOS="767"/>
							<String ID="string_28" HPOS="782" VPOS="307" WIDTH="98" HEIGHT="28" WC="0.96" CONTENT="lydelse:"/>
						</TextLine>
					</TextBlock>
				</ComposedBlock>
				<ComposedBlock ID="cblock_2" HPOS="362" VPOS="375" WIDTH="556" HEIGHT="304">
					<TextBlock ID="block_2" HPOS="362" VPOS="375" WIDTH="556" HEIGHT="304">
						<TextLine ID="line_5" HPOS="434" VPOS="375" WIDTH="481" HEIGHT="28">
							<String ID="string_29" HPOS="434" VPOS="377" WIDTH="32" HEIGHT="19" WC="0.96" CONTENT="att"/><SP WIDTH="19" VPOS="377" HPOS="466"/>
							<String ID="string_30" HPOS="485" VPOS="375" WIDTH="66" HEIGHT="21" WC="0.96" CONTENT="Hans"/><SP WIDTH="20" VPOS="375" HPOS="551"/>
							<String ID="string_31" HPOS="571" VPOS="375" WIDTH="125" HEIGHT="28" WC="0.95" CONTENT="Kejserliga"/><SP WIDTH="15" VPOS="375" HPOS="696"/>
							<String ID="string_32" HPOS="711" VPOS="375" WIDTH="106" HEIGHT="28" WC="0.96" CONTENT="Majestät"/><SP WIDTH="15" VPOS="375" HPOS="817"/>
							<String ID="string_33" HPOS="832" VPOS="375" WIDTH="83" HEIGHT="26" WC="0.96" CONTENT="täcktes,"/>
						</TextLine>
						<TextLine ID="line_6" HPOS="365" VPOS="409" WIDTH="551" HEIGHT="28">
							<String ID="string_34" HPOS="365" VPOS="409" WIDTH="56" HEIGHT="28" WC="0.93" CONTENT="efter"/><SP WIDTH="18" VPOS="409" HPOS="421"/>
							<String ID="string_35" HPOS="439" VPOS="409" WIDTH="112" HEIGHT="22" WC="0.91" CONTENT="inhemtad"/><SP WIDTH="15" VPOS="409" HPOS="551"/>
							<String ID="string_36" HPOS="566" VPOS="411" WIDTH="104" HEIGHT="20" WC="0.95" CONTENT="närmare"/><SP WIDTH="15" VPOS="411" HPOS="670"/>
							<String ID="string_37" HPOS="685" VPOS="409" WIDTH="120" HEIGHT="28" WC="0.96" CONTENT="utredning"/><SP WIDTH="15" VPOS="409" HPOS="805"/>
							<String ID="string_38" HPOS="820" VPOS="409" WIDTH="8" HEIGHT="21" WC="0.96" CONTENT="i"/><SP WIDTH="15" VPOS="409" HPOS="828"/>
							<String ID="string_39" HPOS="843" VPOS="410" WIDTH="73" HEIGHT="25" WC="0.96" CONTENT="saken,"/>
						</TextLine>
						<TextLine ID="line_7" HPOS="366" VPOS="443" WIDTH="551" HEIGHT="29">
							<String ID="string_40" HPOS="366" VPOS="443" WIDTH="32" HEIGHT="22" WC="0.89" CONTENT="till"/><SP WIDTH="24" VPOS="443" HPOS="398"/>
							<String ID="string_41" HPOS="422" VPOS="444" WIDTH="179" HEIGHT="21" WC="0.91" CONTENT="nästkommande"/><SP WIDTH="25" VPOS="444" HPOS="601"/>
							<String ID="string_42" HPOS="626" VPOS="443" WIDTH="106" HEIGHT="29" WC="0.91" CONTENT="landtdag"/><SP WIDTH="27" VPOS="443" HPOS="732"/>
							<String ID="string_43" HPOS="759" VPOS="443" WIDTH="67" HEIGHT="26" WC="0.87" CONTENT="afläta"/><SP WIDTH="22" VPOS="443" HPOS="826"/>
							<String ID="string_44" HPOS="848" VPOS="443" WIDTH="69" HEIGHT="29" WC="0.96" CONTENT="nådig"/>
						</TextLine>
						<TextLine ID="line_8" HPOS="362" VPOS="477" WIDTH="555" HEIGHT="29">
							<String ID="string_45" HPOS="362" VPOS="478" WIDTH="135" HEIGHT="27" WC="0.91" CONTENT="proposition"/><SP WIDTH="23" VPOS="478" HPOS="497"/>
							<String ID="string_46" HPOS="520" VPOS="477" WIDTH="113" HEIGHT="29" WC="0.93" CONTENT="angående"/><SP WIDTH="20" VPOS="477" HPOS="633"/>
							<String ID="string_47" HPOS="653" VPOS="478" WIDTH="157" HEIGHT="27" WC="0.92" CONTENT="upphäfvande"/><SP WIDTH="16" VPOS="478" HPOS="810"/>
							<String ID="string_48" HPOS="826" VPOS="478" WIDTH="28" HEIGHT="27" WC="0.96" CONTENT="af"/><SP WIDTH="11" VPOS="478" HPOS="854"/>
							<String ID="string_49" HPOS="865" VPOS="479" WIDTH="22" HEIGHT="24" WC="0.95" CONTENT="4,"/><SP WIDTH="16" VPOS="479" HPOS="887"/>
							<String ID="string_50" HPOS="903" VPOS="479" WIDTH="14" HEIGHT="20" WC="0.93" CONTENT="5"/>
						</TextLine>
						<TextLine ID="line_9" HPOS="365" VPOS="512" WIDTH="553" HEIGHT="29">
							<String ID="string_51" HPOS="365" VPOS="512" WIDTH="36" HEIGHT="22" WC="0.96" CONTENT="och"/><SP WIDTH="24" VPOS="512" HPOS="401"/>
							<String ID="string_52" HPOS="425" VPOS="513" WIDTH="14" HEIGHT="21" WC="0.95" CONTENT="6"/><SP WIDTH="21" VPOS="513" HPOS="439"/>
							<String ID="string_53" HPOS="460" VPOS="513" WIDTH="30" HEIGHT="27" WC="0.84" CONTENT="$$"/><SP WIDTH="22" VPOS="513" HPOS="490"/>
							<String ID="string_54" HPOS="512" VPOS="513" WIDTH="31" HEIGHT="21" WC="0.96" CONTENT="24"/><SP WIDTH="23" VPOS="513" HPOS="543"/>
							<String ID="string_55" HPOS="566" VPOS="513" WIDTH="48" HEIGHT="26" WC="0.92" CONTENT="kap."/><SP WIDTH="21" VPOS="513" HPOS="614"/>
							<String ID="string_56" HPOS="635" VPOS="513" WIDTH="28" HEIGHT="21" WC="0.92" CONTENT="B."/><SP WIDTH="16" VPOS="513" HPOS="663"/>
							<String ID="string_57" HPOS="679" VPOS="513" WIDTH="27" HEIGHT="22" WC="0.88" CONTENT="B."/><SP WIDTH="16" VPOS="513" HPOS="706"/>
							<String ID="string_58" HPOS="722" VPOS="514" WIDTH="57" HEIGHT="20" WC="0.93" CONTENT="samt"/><SP WIDTH="14" VPOS="514" HPOS="779"/>
							<String ID="string_59" HPOS="793" VPOS="513" WIDTH="125" HEIGHT="28" WC="0.96" CONTENT="Kejserliga"/>
						</TextLine>
						<TextLine ID="line_10" HPOS="366" VPOS="547" WIDTH="551" HEIGHT="28">
							<String ID="string_60" HPOS="366" VPOS="547" WIDTH="159" HEIGHT="28" WC="0.95" CONTENT="förordningen"/><SP WIDTH="23" VPOS="547" HPOS="525"/>
							<String ID="string_61" HPOS="548" VPOS="547" WIDTH="41" HEIGHT="22" WC="0.95" CONTENT="den"/><SP WIDTH="16" VPOS="547" HPOS="589"/>
							<String ID="string_62" HPOS="605" VPOS="548" WIDTH="15" HEIGHT="21" WC="0.95" CONTENT="4"/><SP WIDTH="15" VPOS="548" HPOS="620"/>
							<String ID="string_63" HPOS="635" VPOS="547" WIDTH="66" HEIGHT="28" WC="0.96" CONTENT="April"/><SP WIDTH="15" VPOS="547" HPOS="701"/>
							<String ID="string_64" HPOS="716" VPOS="547" WIDTH="66" HEIGHT="25" WC="0.96" CONTENT="1864,"/><SP WIDTH="16" VPOS="547" HPOS="782"/>
							<String ID="string_65" HPOS="798" VPOS="554" WIDTH="44" HEIGHT="14" WC="0.93" CONTENT="som"/><SP WIDTH="15" VPOS="554" HPOS="842"/>
							<String ID="string_66" HPOS="857" VPOS="547" WIDTH="60" HEIGHT="27" WC="0.92" CONTENT="afser"/>
						</TextLine>
						<TextLine ID="line_11" HPOS="367" VPOS="581" WIDTH="550" HEIGHT="22">
							<String ID="string_67" HPOS="367" VPOS="583" WIDTH="31" HEIGHT="19" WC="0.96" CONTENT="att"/><SP WIDTH="15" VPOS="583" HPOS="398"/>
							<String ID="string_68" HPOS="413" VPOS="581" WIDTH="127" HEIGHT="22" WC="0.93" CONTENT="underlätta"/><SP WIDTH="15" VPOS="581" HPOS="540"/>
							<String ID="string_69" HPOS="555" VPOS="581" WIDTH="97" HEIGHT="22" WC="0.92" CONTENT="inträdet"/><SP WIDTH="15" VPOS="581" HPOS="652"/>
							<String ID="string_70" HPOS="667" VPOS="582" WIDTH="34" HEIGHT="21" WC="0.92" CONTENT="uti"/><SP WIDTH="14" VPOS="582" HPOS="701"/>
							<String ID="string_71" HPOS="715" VPOS="582" WIDTH="35" HEIGHT="21" WC="0.97" CONTENT="det"/><SP WIDTH="11" VPOS="582" HPOS="750"/>
							<String ID="string_72" HPOS="761" VPOS="581" WIDTH="40" HEIGHT="22" WC="0.96" CONTENT="den"/><SP WIDTH="12" VPOS="581" HPOS="801"/>
							<String ID="string_73" HPOS="813" VPOS="581" WIDTH="32" HEIGHT="22" WC="0.93" CONTENT="20"/><SP WIDTH="11" VPOS="581" HPOS="845"/>
							<String ID="string_74" HPOS="856" VPOS="581" WIDTH="61" HEIGHT="22" WC="0.93" CONTENT="Okto-"/>
						</TextLine>
						<TextLine ID="line_12" HPOS="367" VPOS="615" WIDTH="551" HEIGHT="29">
							<String ID="string_75" HPOS="367" VPOS="615" WIDTH="36" HEIGHT="22" WC="0.96" CONTENT="ber"/><SP WIDTH="14" VPOS="615" HPOS="403"/>
							<String ID="string_76" HPOS="417" VPOS="616" WIDTH="61" HEIGHT="21" WC="0.93" CONTENT="1857"/><SP WIDTH="14" VPOS="616" HPOS="478"/>
							<String ID="string_77" HPOS="492" VPOS="616" WIDTH="112" HEIGHT="21" WC="0.96" CONTENT="inrättade"/><SP WIDTH="15" VPOS="616" HPOS="604"/>
							<String ID="string_78" HPOS="619" VPOS="615" WIDTH="59" HEIGHT="29" WC="0.96" CONTENT="bolag"/><SP WIDTH="15" VPOS="615" HPOS="678"/>
							<String ID="string_79" HPOS="693" VPOS="616" WIDTH="35" HEIGHT="27" WC="0.93" CONTENT="för"/><SP WIDTH="10" VPOS="616" HPOS="728"/>
							<String ID="string_80" HPOS="738" VPOS="615" WIDTH="127" HEIGHT="28" WC="0.96" CONTENT="försäkring"/><SP WIDTH="11" VPOS="615" HPOS="865"/>
							<String ID="string_81" HPOS="876" VPOS="617" WIDTH="42" HEIGHT="20" WC="0.96" CONTENT="mot"/>
						</TextLine>
						<TextLine ID="line_13" HPOS="367" VPOS="649" WIDTH="550" HEIGHT="30">
							<String ID="string_82" HPOS="367" VPOS="650" WIDTH="103" HEIGHT="21" WC="0.91" CONTENT="eldskada"/><SP WIDTH="16" VPOS="650" HPOS="470"/>
							<String ID="string_83" HPOS="486" VPOS="651" WIDTH="27" HEIGHT="27" WC="0.93" CONTENT="af"/><SP WIDTH="13" VPOS="651" HPOS="513"/>
							<String ID="string_84" HPOS="526" VPOS="650" WIDTH="125" HEIGHT="29" WC="0.96" CONTENT="byggnader"/><SP WIDTH="15" VPOS="650" HPOS="651"/>
							<String ID="string_85" HPOS="666" VPOS="650" WIDTH="35" HEIGHT="22" WC="0.96" CONTENT="och"/><SP WIDTH="16" VPOS="650" HPOS="701"/>
							<String ID="string_86" HPOS="717" VPOS="650" WIDTH="100" HEIGHT="28" WC="0.93" CONTENT="egendom"/><SP WIDTH="12" VPOS="650" HPOS="817"/>
							<String ID="string_87" HPOS="829" VPOS="649" WIDTH="88" HEIGHT="28" WC="0.91" CONTENT="pälan-"/>
						</TextLine>
					</TextBlock>
				</ComposedBlock>
				<ComposedBlock ID="cblock_3" HPOS="368" VPOS="684" WIDTH="178" HEIGHT="26">
					<TextBlock ID="block_3" HPOS="368" VPOS="684" WIDTH="178" HEIGHT="26">
						<TextLine ID="line_14" HPOS="368" VPOS="684" WIDTH="178" HEIGHT="26">
							<String ID="string_88" HPOS="368" VPOS="684" WIDTH="46" HEIGHT="26" WC="0.88" CONTENT="det;"/><SP WIDTH="15" VPOS="684" HPOS="414"/>
							<String ID="string_89" HPOS="429" VPOS="685" WIDTH="117" HEIGHT="22" WC="0.88" CONTENT="äfvensom"/>
						</TextLine>
					</TextBlock>
				</ComposedBlock>
				<ComposedBlock ID="cblock_4" HPOS="369" VPOS="753" WIDTH="550" HEIGHT="131">
					<TextBlock ID="block_4" HPOS="369" VPOS="753" WIDTH="550" HEIGHT="131">
						<TextLine ID="line_15" HPOS="438" VPOS="753" WIDTH="480" HEIGHT="28">
							<String ID="string_90" HPOS="438" VPOS="754" WIDTH="31" HEIGHT="21" WC="0.96" CONTENT="att"/><SP WIDTH="21" VPOS="754" HPOS="469"/>
							<String ID="string_91" HPOS="490" VPOS="753" WIDTH="68" HEIGHT="22" WC="0.92" CONTENT="Hans"/><SP WIDTH="23" VPOS="753" HPOS="558"/>
							<String ID="string_92" HPOS="581" VPOS="753" WIDTH="123" HEIGHT="28" WC="0.92" CONTENT="Kejserliga"/><SP WIDTH="16" VPOS="753" HPOS="704"/>
							<String ID="string_93" HPOS="720" VPOS="753" WIDTH="106" HEIGHT="28" WC="0.92" CONTENT="Majestät"/><SP WIDTH="14" VPOS="753" HPOS="826"/>
							<String ID="string_94" HPOS="840" VPOS="753" WIDTH="78" HEIGHT="22" WC="0.88" CONTENT="täcktes"/>
						</TextLine>
						<TextLine ID="line_16" HPOS="369" VPOS="787" WIDTH="548" HEIGHT="28">
							<String ID="string_95" HPOS="369" VPOS="789" WIDTH="51" HEIGHT="26" WC="0.91" CONTENT="taga"/><SP WIDTH="22" VPOS="789" HPOS="420"/>
							<String ID="string_96" HPOS="442" VPOS="787" WIDTH="9" HEIGHT="22" WC="0.92" CONTENT="i"/><SP WIDTH="21" VPOS="787" HPOS="451"/>
							<String ID="string_97" HPOS="472" VPOS="787" WIDTH="77" HEIGHT="28" WC="0.90" CONTENT="nädigt"/><SP WIDTH="22" VPOS="787" HPOS="549"/>
							<String ID="string_98" HPOS="571" VPOS="787" WIDTH="165" HEIGHT="28" WC="0.91" CONTENT="öfvervägande,"/><SP WIDTH="19" VPOS="787" HPOS="736"/>
							<String ID="string_99" HPOS="755" VPOS="787" WIDTH="79" HEIGHT="22" WC="0.91" CONTENT="hvilket"/><SP WIDTH="19" VPOS="787" HPOS="834"/>
							<String ID="string_100" HPOS="853" VPOS="787" WIDTH="64" HEIGHT="28" WC="0.89" CONTENT="infly-"/>
						</TextLine>
						<TextLine ID="line_17" HPOS="370" VPOS="821" WIDTH="548" HEIGHT="28">
							<String ID="string_101" HPOS="370" VPOS="822" WIDTH="66" HEIGHT="21" WC="0.92" CONTENT="tande"/><SP WIDTH="16" VPOS="822" HPOS="436"/>
							<String ID="string_102" HPOS="452" VPOS="822" WIDTH="34" HEIGHT="21" WC="0.93" CONTENT="det"/><SP WIDTH="14" VPOS="822" HPOS="486"/>
							<String ID="string_103" HPOS="500" VPOS="822" WIDTH="94" HEIGHT="27" WC="0.91" CONTENT="afsedda"/><SP WIDTH="14" VPOS="822" HPOS="594"/>
							<String ID="string_104" HPOS="608" VPOS="821" WIDTH="167" HEIGHT="28" WC="0.91" CONTENT="upphäfvandet"/><SP WIDTH="15" VPOS="821" HPOS="775"/>
							<String ID="string_105" HPOS="790" VPOS="822" WIDTH="28" HEIGHT="27" WC="0.96" CONTENT="af"/><SP WIDTH="12" VPOS="822" HPOS="818"/>
							<String ID="string_106" HPOS="830" VPOS="822" WIDTH="14" HEIGHT="21" WC="0.87" CONTENT="6"/><SP WIDTH="14" VPOS="822" HPOS="844"/>
							<String ID="string_107" HPOS="858" VPOS="822" WIDTH="15" HEIGHT="27" WC="0.87" CONTENT="$"/><SP WIDTH="15" VPOS="822" HPOS="873"/>
							<String ID="string_108" HPOS="888" VPOS="822" WIDTH="30" HEIGHT="21" WC="0.96" CONTENT="24"/>
						</TextLine>
						<TextLine ID="line_18" HPOS="369" VPOS="855" WIDTH="550" HEIGHT="29">
							<String ID="string_109" HPOS="369" VPOS="857" WIDTH="48" HEIGHT="26" WC="0.92" CONTENT="kap."/><SP WIDTH="16" VPOS="857" HPOS="417"/>
							<String ID="string_110" HPOS="433" VPOS="857" WIDTH="28" HEIGHT="20" WC="0.92" CONTENT="B."/><SP WIDTH="16" VPOS="857" HPOS="461"/>
							<String ID="string_111" HPOS="477" VPOS="856" WIDTH="27" HEIGHT="21" WC="0.91" CONTENT="B."/><SP WIDTH="16" VPOS="856" HPOS="504"/>
							<String ID="string_112" HPOS="520" VPOS="857" WIDTH="45" HEIGHT="21" WC="0.93" CONTENT="kan"/><SP WIDTH="16" VPOS="857" HPOS="565"/>
							<String ID="string_113" HPOS="581" VPOS="857" WIDTH="75" HEIGHT="27" WC="0.91" CONTENT="utöfva"/><SP WIDTH="12" VPOS="857" HPOS="656"/>
							<String ID="string_114" HPOS="668" VPOS="855" WIDTH="32" HEIGHT="28" WC="0.93" CONTENT="pä"/><SP WIDTH="15" VPOS="855" HPOS="700"/>
							<String ID="string_115" HPOS="715" VPOS="856" WIDTH="95" HEIGHT="28" WC="0.96" CONTENT="lydelsen"/><SP WIDTH="16" VPOS="856" HPOS="810"/>
							<String ID="string_116" HPOS="826" VPOS="856" WIDTH="28" HEIGHT="27" WC="0.93" CONTENT="af"/><SP WIDTH="13" VPOS="856" HPOS="854"/>
							<String ID="string_117" HPOS="867" VPOS="855" WIDTH="52" HEIGHT="28" WC="0.82" CONTENT="Kej-"/>
						</TextLine>
					</TextBlock>
				</ComposedBlock>
				<ComposedBlock ID="cblock_5" HPOS="369" VPOS="890" WIDTH="466" HEIGHT="29">
					<TextBlock ID="block_5" HPOS="369" VPOS="890" WIDTH="466" HEIGHT="29">
						<TextLine ID="line_19" HPOS="369" VPOS="890" WIDTH="466" HEIGHT="29">
							<String ID="string_118" HPOS="369" VPOS="890" WIDTH="80" HEIGHT="29" WC="0.88" CONTENT="serliga"/><SP WIDTH="15" VPOS="890" HPOS="449"/>
							<String ID="string_119" HPOS="464" VPOS="890" WIDTH="80" HEIGHT="28" WC="0.38" CONTENT="brefvet"/><SP WIDTH="15" VPOS="890" HPOS="544"/>
							<String ID="string_120" HPOS="559" VPOS="891" WIDTH="29" HEIGHT="27" WC="0.96" CONTENT="af"/><SP WIDTH="12" VPOS="891" HPOS="588"/>
							<String ID="string_121" HPOS="600" VPOS="891" WIDTH="41" HEIGHT="21" WC="0.96" CONTENT="den"/><SP WIDTH="15" VPOS="891" HPOS="641"/>
							<String ID="string_122" HPOS="656" VPOS="891" WIDTH="15" HEIGHT="21" WC="0.96" CONTENT="2"/><SP WIDTH="16" VPOS="891" HPOS="671"/>
							<String ID="string_123" HPOS="687" VPOS="890" WIDTH="66" HEIGHT="27" WC="0.96" CONTENT="April"/><SP WIDTH="15" VPOS="890" HPOS="753"/>
							<String ID="string_124" HPOS="768" VPOS="890" WIDTH="67" HEIGHT="21" WC="0.96" CONTENT="1860."/>
						</TextLine>
					</TextBlock>
				</ComposedBlock>
				<ComposedBlock ID="cblock_6" HPOS="232" VPOS="959" WIDTH="409" HEIGHT="28">
					<TextBlock ID="block_6" HPOS="232" VPOS="959" WIDTH="409" HEIGHT="28">
						<TextLine ID="line_20" HPOS="232" VPOS="959" WIDTH="409" HEIGHT="28">
							<String ID="string_125" HPOS="232" VPOS="959" WIDTH="149" HEIGHT="28" WC="0.96" CONTENT="Helsingfors,"/><SP WIDTH="16" VPOS="959" HPOS="381"/>
							<String ID="string_126" HPOS="397" VPOS="959" WIDTH="43" HEIGHT="22" WC="0.96" CONTENT="den"/><SP WIDTH="17" VPOS="959" HPOS="440"/>
							<String ID="string_127" HPOS="457" VPOS="962" WIDTH="25" HEIGHT="19" WC="0.96" CONTENT="12"/><SP WIDTH="16" VPOS="962" HPOS="482"/>
							<String ID="string_128" HPOS="498" VPOS="959" WIDTH="64" HEIGHT="28" WC="0.96" CONTENT="April"/><SP WIDTH="17" VPOS="959" HPOS="562"/>
							<String ID="string_129" HPOS="579" VPOS="961" WIDTH="62" HEIGHT="20" WC="0.95" CONTENT="1897."/>
						</TextLine>
					</TextBlock>
				</ComposedBlock>
				<ComposedBlock ID="cblock_7" HPOS="164" VPOS="1055" WIDTH="757" HEIGHT="202">
					<TextBlock ID="block_7" HPOS="164" VPOS="1055" WIDTH="757" HEIGHT="202">
						<TextLine ID="line_21" HPOS="232" VPOS="1055" WIDTH="689" HEIGHT="30">
							<String ID="string_130" HPOS="232" VPOS="1056" WIDTH="10" HEIGHT="21" WC="0.91" CONTENT="I"/><SP WIDTH="28" VPOS="1056" HPOS="242"/>
							<String ID="string_131" HPOS="270" VPOS="1056" WIDTH="146" HEIGHT="29" WC="0.89" CONTENT="uppgörande"/><SP WIDTH="27" VPOS="1056" HPOS="416"/>
							<String ID="string_132" HPOS="443" VPOS="1057" WIDTH="25" HEIGHT="21" WC="0.90" CONTENT="af"/><SP WIDTH="24" VPOS="1057" HPOS="468"/>
							<String ID="string_133" HPOS="492" VPOS="1056" WIDTH="338" HEIGHT="29" WC="0.90" CONTENT="sammanjemkningsförslaget"/><SP WIDTH="21" VPOS="1056" HPOS="830"/>
							<String ID="string_134" HPOS="851" VPOS="1055" WIDTH="70" HEIGHT="22" WC="0.92" CONTENT="hafva"/>
						</TextLine>
						<TextLine ID="line_22" HPOS="164" VPOS="1090" WIDTH="756" HEIGHT="29">
							<String ID="string_135" HPOS="164" VPOS="1090" WIDTH="106" HEIGHT="29" WC="0.93" CONTENT="deltagit:"/><SP WIDTH="24" VPOS="1090" HPOS="270"/>
							<String ID="string_136" HPOS="294" VPOS="1091" WIDTH="151" HEIGHT="22" WC="0.92" CONTENT="ordföranden"/><SP WIDTH="21" VPOS="1091" HPOS="445"/>
							<String ID="string_137" HPOS="466" VPOS="1091" WIDTH="27" HEIGHT="22" WC="0.92" CONTENT="H."/><SP WIDTH="23" VPOS="1091" HPOS="493"/>
							<String ID="string_138" HPOS="516" VPOS="1091" WIDTH="112" HEIGHT="28" WC="0.92" CONTENT="Räbergh,"/><SP WIDTH="18" VPOS="1091" HPOS="628"/>
							<String ID="string_139" HPOS="646" VPOS="1090" WIDTH="152" HEIGHT="22" WC="0.91" CONTENT="ledamöterne"/><SP WIDTH="18" VPOS="1090" HPOS="798"/>
							<String ID="string_140" HPOS="816" VPOS="1090" WIDTH="104" HEIGHT="22" WC="0.92" CONTENT="Friherre"/>
						</TextLine>
						<TextLine ID="line_23" HPOS="164" VPOS="1125" WIDTH="756" HEIGHT="28">
							<String ID="string_141" HPOS="164" VPOS="1125" WIDTH="26" HEIGHT="21" WC="0.96" CONTENT="A."/><SP WIDTH="21" VPOS="1125" HPOS="190"/>
							<String ID="string_142" HPOS="211" VPOS="1131" WIDTH="46" HEIGHT="16" WC="0.96" CONTENT="von"/><SP WIDTH="19" VPOS="1131" HPOS="257"/>
							<String ID="string_143" HPOS="276" VPOS="1125" WIDTH="121" HEIGHT="28" WC="0.95" CONTENT="Knorring,"/><SP WIDTH="22" VPOS="1125" HPOS="397"/>
							<String ID="string_144" HPOS="419" VPOS="1125" WIDTH="28" HEIGHT="22" WC="0.96" CONTENT="A."/><SP WIDTH="22" VPOS="1125" HPOS="447"/>
							<String ID="string_145" HPOS="469" VPOS="1125" WIDTH="23" HEIGHT="22" WC="0.96" CONTENT="L."/><SP WIDTH="24" VPOS="1125" HPOS="492"/>
							<String ID="string_146" HPOS="516" VPOS="1131" WIDTH="45" HEIGHT="16" WC="0.96" CONTENT="von"/><SP WIDTH="16" VPOS="1131" HPOS="561"/>
							<String ID="string_147" HPOS="577" VPOS="1125" WIDTH="119" HEIGHT="28" WC="0.96" CONTENT="Knorring,"/><SP WIDTH="16" VPOS="1125" HPOS="696"/>
							<String ID="string_148" HPOS="712" VPOS="1125" WIDTH="27" HEIGHT="22" WC="0.96" CONTENT="A."/><SP WIDTH="16" VPOS="1125" HPOS="739"/>
							<String ID="string_149" HPOS="755" VPOS="1125" WIDTH="165" HEIGHT="28" WC="0.96" CONTENT="Björkenheim,"/>
						</TextLine>
						<TextLine ID="line_24" HPOS="164" VPOS="1159" WIDTH="756" HEIGHT="28">
							<String ID="string_150" HPOS="164" VPOS="1159" WIDTH="26" HEIGHT="21" WC="0.94" CONTENT="A."/><SP WIDTH="24" VPOS="1159" HPOS="190"/>
							<String ID="string_151" HPOS="214" VPOS="1165" WIDTH="45" HEIGHT="16" WC="0.96" CONTENT="von"/><SP WIDTH="23" VPOS="1165" HPOS="259"/>
							<String ID="string_152" HPOS="282" VPOS="1159" WIDTH="67" HEIGHT="27" WC="0.96" CONTENT="Julin,"/><SP WIDTH="16" VPOS="1159" HPOS="349"/>
							<String ID="string_153" HPOS="365" VPOS="1159" WIDTH="20" HEIGHT="22" WC="0.96" CONTENT="J."/><SP WIDTH="16" VPOS="1159" HPOS="385"/>
							<String ID="string_154" HPOS="401" VPOS="1159" WIDTH="133" HEIGHT="27" WC="0.95" CONTENT="Johansson,"/><SP WIDTH="16" VPOS="1159" HPOS="534"/>
							<String ID="string_155" HPOS="550" VPOS="1159" WIDTH="16" HEIGHT="22" WC="0.93" CONTENT="I."/><SP WIDTH="16" VPOS="1159" HPOS="566"/>
							<String ID="string_156" HPOS="582" VPOS="1159" WIDTH="28" HEIGHT="22" WC="0.96" CONTENT="M."/><SP WIDTH="16" VPOS="1159" HPOS="610"/>
							<String ID="string_157" HPOS="626" VPOS="1160" WIDTH="114" HEIGHT="27" WC="0.93" CONTENT="Tallgren,"/><SP WIDTH="15" VPOS="1160" HPOS="740"/>
							<String ID="string_158" HPOS="755" VPOS="1159" WIDTH="26" HEIGHT="21" WC="0.96" CONTENT="H."/><SP WIDTH="16" VPOS="1159" HPOS="781"/>
							<String ID="string_159" HPOS="797" VPOS="1159" WIDTH="24" HEIGHT="22" WC="0.91" CONTENT="E."/><SP WIDTH="16" VPOS="1159" HPOS="821"/>
							<String ID="string_160" HPOS="837" VPOS="1159" WIDTH="83" HEIGHT="28" WC="0.91" CONTENT="Wege-"/>
						</TextLine>
						<TextLine ID="line_25" HPOS="164" VPOS="1193" WIDTH="756" HEIGHT="28">
							<String ID="string_161" HPOS="164" VPOS="1193" WIDTH="50" HEIGHT="27" WC="0.91" CONTENT="lius,"/><SP WIDTH="23" VPOS="1193" HPOS="214"/>
							<String ID="string_162" HPOS="237" VPOS="1193" WIDTH="29" HEIGHT="22" WC="0.96" CONTENT="K."/><SP WIDTH="22" VPOS="1193" HPOS="266"/>
							<String ID="string_163" HPOS="288" VPOS="1194" WIDTH="26" HEIGHT="21" WC="0.96" CONTENT="H."/><SP WIDTH="24" VPOS="1194" HPOS="314"/>
							<String ID="string_164" HPOS="338" VPOS="1194" WIDTH="110" HEIGHT="27" WC="0.93" CONTENT="Renlund,"/><SP WIDTH="20" VPOS="1194" HPOS="448"/>
							<String ID="string_165" HPOS="468" VPOS="1194" WIDTH="27" HEIGHT="21" WC="0.92" CONTENT="V."/><SP WIDTH="20" VPOS="1194" HPOS="495"/>
							<String ID="string_166" HPOS="515" VPOS="1194" WIDTH="121" HEIGHT="27" WC="0.92" CONTENT="Forselius,"/><SP WIDTH="15" VPOS="1194" HPOS="636"/>
							<String ID="string_167" HPOS="651" VPOS="1194" WIDTH="25" HEIGHT="21" WC="0.92" CONTENT="P."/><SP WIDTH="16" VPOS="1194" HPOS="676"/>
							<String ID="string_168" HPOS="692" VPOS="1194" WIDTH="27" HEIGHT="21" WC="0.96" CONTENT="A."/><SP WIDTH="16" VPOS="1194" HPOS="719"/>
							<String ID="string_169" HPOS="735" VPOS="1193" WIDTH="109" HEIGHT="27" WC="0.96" CONTENT="Brofeldt,"/><SP WIDTH="16" VPOS="1193" HPOS="844"/>
							<String ID="string_170" HPOS="860" VPOS="1193" WIDTH="20" HEIGHT="21" WC="0.96" CONTENT="J."/><SP WIDTH="16" VPOS="1193" HPOS="880"/>
							<String ID="string_171" HPOS="896" VPOS="1193" WIDTH="24" HEIGHT="21" WC="0.97" CONTENT="L."/>
						</TextLine>
						<TextLine ID="line_26" HPOS="164" VPOS="1227" WIDTH="757" HEIGHT="30">
							<String ID="string_172" HPOS="164" VPOS="1228" WIDTH="102" HEIGHT="27" WC="0.93" CONTENT="Pentzin,"/><SP WIDTH="23" VPOS="1228" HPOS="266"/>
							<String ID="string_173" HPOS="289" VPOS="1228" WIDTH="26" HEIGHT="22" WC="0.96" CONTENT="U."/><SP WIDTH="23" VPOS="1228" HPOS="315"/>
							<String ID="string_174" HPOS="338" VPOS="1229" WIDTH="101" HEIGHT="27" WC="0.93" CONTENT="Bremer,"/><SP WIDTH="22" VPOS="1229" HPOS="439"/>
							<String ID="string_175" HPOS="461" VPOS="1229" WIDTH="24" HEIGHT="21" WC="0.89" CONTENT="F."/><SP WIDTH="23" VPOS="1229" HPOS="485"/>
							<String ID="string_176" HPOS="508" VPOS="1229" WIDTH="36" HEIGHT="21" WC="0.96" CONTENT="W."/><SP WIDTH="21" VPOS="1229" HPOS="544"/>
							<String ID="string_177" HPOS="565" VPOS="1228" WIDTH="135" HEIGHT="29" WC="0.96" CONTENT="Lagerstedt"/><SP WIDTH="15" VPOS="1228" HPOS="700"/>
							<String ID="string_178" HPOS="715" VPOS="1228" WIDTH="42" HEIGHT="22" WC="0.96" CONTENT="och"/><SP WIDTH="15" VPOS="1228" HPOS="757"/>
							<String ID="string_179" HPOS="772" VPOS="1228" WIDTH="20" HEIGHT="21" WC="0.96" CONTENT="J."/><SP WIDTH="15" VPOS="1228" HPOS="792"/>
							<String ID="string_180" HPOS="807" VPOS="1227" WIDTH="114" HEIGHT="29" WC="0.96" CONTENT="Haanpää,"/>
						</TextLine>
					</TextBlock>
				</ComposedBlock>
				<ComposedBlock ID="cblock_8" HPOS="165" VPOS="1263" WIDTH="403" HEIGHT="28">
					<TextBlock ID="block_8" HPOS="165" VPOS="1263" WIDTH="403" HEIGHT="28">
						<TextLine ID="line_27" HPOS="165" VPOS="1263" WIDTH="403" HEIGHT="28">
							<String ID="string_181" HPOS="165" VPOS="1264" WIDTH="58" HEIGHT="20" WC="0.93" CONTENT="samt"/><SP WIDTH="15" VPOS="1264" HPOS="223"/>
							<String ID="string_182" HPOS="238" VPOS="1263" WIDTH="150" HEIGHT="28" WC="0.92" CONTENT="suppleanten"/><SP WIDTH="15" VPOS="1263" HPOS="388"/>
							<String ID="string_183" HPOS="403" VPOS="1263" WIDTH="24" HEIGHT="22" WC="0.86" CONTENT="F."/><SP WIDTH="16" VPOS="1263" HPOS="427"/>
							<String ID="string_184" HPOS="443" VPOS="1263" WIDTH="24" HEIGHT="22" WC="0.86" CONTENT="F."/><SP WIDTH="16" VPOS="1263" HPOS="467"/>
							<String ID="string_185" HPOS="483" VPOS="1263" WIDTH="85" HEIGHT="28" WC="0.92" CONTENT="Björni."/>
						</TextLine>
					</TextBlock>
				</ComposedBlock>
				<GraphicalElement ID="cblock_9" HPOS="508" VPOS="1468" WIDTH="344" HEIGHT="4"></GraphicalElement >
				<ComposedBlock ID="cblock_10" HPOS="275" VPOS="1471" WIDTH="538" HEIGHT="26">
					<TextBlock ID="block_9" HPOS="275" VPOS="1471" WIDTH="538" HEIGHT="26">
						<TextLine ID="line_28" HPOS="275" VPOS="1471" WIDTH="538" HEIGHT="26">
							<String ID="string_186" HPOS="275" VPOS="1472" WIDTH="106" HEIGHT="25" WC="0.93" CONTENT="Helsingfors,"/><SP WIDTH="6" VPOS="1472" HPOS="381"/>
							<String ID="string_187" HPOS="387" VPOS="1471" WIDTH="86" HEIGHT="26" WC="0.35" CONTENT="Tidnings-"/><SP WIDTH="10" VPOS="1471" HPOS="473"/>
							<String ID="string_188" HPOS="483" VPOS="1471" WIDTH="10" HEIGHT="23" WC="0.92" CONTENT="&amp;"/><SP WIDTH="1" VPOS="1471" HPOS="493"/>
							<String ID="string_189" HPOS="494" VPOS="1471" WIDTH="189" HEIGHT="26" WC="0.89" CONTENT="Tryckeriaktiebolagets"/><SP WIDTH="11" VPOS="1471" HPOS="683"/>
							<String ID="string_190" HPOS="694" VPOS="1479" WIDTH="70" HEIGHT="17" WC="0.96" CONTENT="tryckeri,"/><SP WIDTH="11" VPOS="1479" HPOS="764"/>
							<String ID="string_191" HPOS="775" VPOS="1479" WIDTH="38" HEIGHT="13" WC="0.96" CONTENT="1897."/>
						</TextLine>
					</TextBlock>
				</ComposedBlock>
			</PrintSpace>
		</Page>
	</Layout>
</alto>
