1075 1736
311 161 277 23 Petitionsbetänkande
604 161 44 22 N:o
665 161 37 22 34.
872 163 11 19 7

346 235 48 26 siga
418 235 221 20 elementarskolorna
659 235 45 20 icke
725 234 68 22 måtte
809 235 76 26 föran-

347 271 49 20 leda
415 269 74 27 någon
505 269 82 27 åtgärd
600 269 57 27 från
673 270 139 21 Ständernas
828 271 55 20 sida.

207 420 30 18 Af
250 419 25 19 de
291 418 31 20 till
337 424 93 20 gruppen
442 418 23 28 b)
477 418 98 21 hänförda
591 418 208 26 petitionsförslagen,
816 418 70 20 hvilka

133 455 40 19 alla
194 455 67 25 åsyfta
283 454 129 21 kommunala
433 454 50 20 eller
503 455 82 25 privata
607 455 79 19 skolors
703 454 147 26 öfvertagande
866 454 23 20 af

134 494 74 22 staten,
226 491 54 25 gälla
296 491 25 19 de
337 492 36 18 två
391 490 65 20 första
477 490 100 20 likaledes
595 491 58 25 lägre
672 490 214 25 elementarlärovärk,

134 526 36 20 det
185 533 38 13 ena
233 526 40 20 den
285 526 132 26 femklassiga
428 526 160 26 borgareskolan
599 527 7 19 i
617 526 108 25 Kexholm,
739 526 35 20 det
786 526 65 20 andra
862 526 24 19 de

134 562 46 19 med
201 562 127 25 tvåklassiga
349 562 183 19 elementarskolan
549 563 6 18 i
571 562 126 19 Mariehamn
719 562 97 19 förenade
838 562 48 19 fort-

135 598 215 25 sättningsklasserna.

206 633 48 20 Med
270 633 46 20 stöd
332 634 22 19 af
368 634 75 25 nådiga
459 634 80 19 brefvet
554 634 23 19 af
590 633 39 20 den
647 635 26 18 22
688 633 46 26 juni
753 634 56 19 1892
824 634 63 19 inrät-

135 669 59 20 tades
205 669 6 19 i
223 669 112 20 Kexholms
351 669 46 20 stad
413 671 26 24 på
454 669 134 20 kommunens
604 669 115 20 bekostnad
736 676 24 13 en
776 669 112 25 treklassig

135 705 147 26 borgareskola
301 705 30 20 för
350 712 74 19 gossar
444 706 39 19 och
502 705 71 20 fickor
589 705 5 19 i
611 705 69 20 stället
695 705 31 20 för
742 705 40 20 den
799 705 88 25 tidigare

137 741 108 20 därstädes
261 741 129 20 existerande
406 741 128 26 tvåklassiga
550 741 190 25 elementarskolan,
756 741 83 20 hvilken
856 741 31 19 in-

135 776 69 25 drogs.
231 770 29 26 Åt
275 777 67 20 denna
357 777 152 25 borgareskola,
524 777 85 20 hvilken
630 777 91 26 begynte
736 777 32 19 sin
785 777 98 19 verksam

136 813 35 18 het
193 813 66 19 såsom
283 813 121 25 tvåklassig,
425 813 112 25 beviljades
559 815 30 17 ett
607 813 62 25 årligt
685 812 167 21 statsunderstöd
868 812 22 19 af

137 849 65 24 3,000
218 848 39 19 mk.
273 855 36 19 per
324 849 62 23 klass,
403 849 85 25 hvilket,
504 848 27 20 då
546 849 73 19 skolan
635 855 72 13 senare
718 848 123 25 utvidgades
857 848 31 19 till

135 883 118 26 fyrklassig,
278 883 75 21 ökades
377 884 6 19 i
398 891 76 12 samma
490 885 53 23 mån,
559 885 22 19 sä
593 887 30 16 att
634 884 71 19 skolan
717 883 31 20 för
759 883 129 20 närvarande

137 919 91 25 åtnjuter
243 922 30 16 ett
289 919 125 25 statsbidrag
430 920 22 19 af
465 920 72 20 inalles
556 921 77 23 12,000
649 920 59 19 mark
720 926 31 12 om
765 920 49 19 året.
839 919 49 19 Sko-

136 955 45 19 lans
198 955 126 25 ombildning
339 955 46 19 frän
402 956 115 25 tväklassig
532 955 169 20 elementarskola
724 955 31 19 till
776 954 114 26 fyrklassig
911 948 2 2 |

137 990 146 26 borgareskola
304 991 71 19 visade
396 991 32 25 sig
447 998 51 13 vara
516 998 25 13 en
557 991 78 25 lycklig
651 990 79 26 åtgärd.
764 990 70 20 Såsom
850 990 38 20 ele-

137 1026 138 20 mentarskola
301 1026 52 20 hade
374 1027 56 19 detta
452 1027 95 20 läroverk
569 1027 40 19 fört
632 1033 24 13 en
679 1026 91 26 tynande
786 1026 104 20 tillvaro
881 1022 14 35 i

137 1061 50 26 följd
215 1062 23 19 af
264 1062 51 20 brist
343 1064 27 24 på
398 1062 69 20 elever
487 1075 29 2 —
532 1062 152 25 sammanlagda
712 1062 124 20 elevantalet
863 1062 27 25 på

136 1097 54 20 båda
224 1098 106 20 klasserna
361 1098 106 20 varierade
499 1099 74 19 mellan
603 1099 14 18 4
649 1098 37 20 och
711 1098 32 24 12;
768 1098 6 18 i
798 1098 32 19 sin
853 1104 36 12 nu-

138 1133 91 20 varande
245 1134 51 19 form
312 1134 92 19 däremot
419 1134 38 19 har
474 1134 71 20 skolan
561 1134 82 25 lyckats
659 1133 77 20 erhålla
748 1136 30 16 ett
788 1132 102 26 betydligt

137 1171 66 18 större
219 1169 55 20 antal
290 1169 73 20 elever.
390 1169 62 20 Detta
468 1170 57 19 antal
541 1169 95 26 utgjorde
652 1169 66 20 under
733 1169 88 19 läseåret
834 1169 55 19 1892

138 1204 70 25 —93,i
224 1206 26 25 på
270 1206 36 18 två
325 1205 84 25 klasser,
434 1206 33 25 16,
489 1205 23 20 af
529 1205 69 20 hvilka
621 1206 26 19 12
669 1212 50 13 voro
735 1211 73 19 gossar
824 1204 37 19 och
876 1205 14 18 4

138 1239 83 26 flickor;
241 1241 65 19 under
321 1241 89 19 läseäret
427 1241 118 19 1893—94
561 1241 96 25 utgjorde
673 1240 129 25 elevantalet,
818 1241 26 24 pä
860 1242 31 17 tre

138 1276 85 23 klasser,
241 1277 28 18 26
285 1283 72 18 gossar
373 1276 37 19 och
428 1277 24 19 11
471 1276 72 20 flickor
559 1277 48 19 eller
623 1277 134 18 tillsammans
774 1276 27 19 37
818 1275 73 25 elever,

138 1311 66 20 under
219 1312 87 19 läseåret
326 1312 117 19 1894—95
468 1313 28 19 32
513 1319 72 18 gossar
601 1312 37 20 och
656 1312 27 19 14
699 1311 72 20 flickor
787 1311 49 20 eller
852 1311 39 19 till-

138 1354 102 13 sammans
256 1348 29 19 44
301 1347 73 25 elever,
390 1350 52 17 samt
458 1348 67 19 under
540 1348 88 19 läseäret
645 1347 116 20 1895—96
779 1347 28 20 49
819 1347 72 24 elever,

140 1383 23 19 31
203 1389 72 19 gossar
312 1383 37 19 och
385 1383 26 20 18
441 1383 79 21 flickor.
558 1383 47 20 Stor
635 1383 42 20 kan
701 1383 123 25 visserligen
847 1382 45 19 icke

141 1418 64 20 heller
225 1418 67 20 denna
319 1418 143 20 elevfrekvens
484 1419 71 25 kallas,
575 1418 26 19 dä
617 1418 117 20 densamma
748 1418 24 29 ju
785 1418 53 25 jämt
854 1417 38 20 och

140 1456 45 17 nätt
204 1454 73 19 räcker
297 1454 32 19 till
345 1456 30 17 att
391 1454 199 25 författningsenligt
606 1453 102 25 berättiga
724 1453 71 20 skolan
813 1453 31 19 till
860 1459 31 13 er-

213 1500 107 18 Allmänna
330 1500 174 23 petitionsutkottets
518 1500 116 18 betänkande
646 1500 37 18 N:o
696 1500 28 18 21.
