1020 1734
324 156 317 29 Petitionsmemorial.

161 221 117 37 Bondest.
672 225 43 22 N:o
730 224 52 23 134.

635 336 150 26 (Öfversättning.)

232 404 55 19 Till
303 404 175 20 Hedervärda
498 404 160 20 Bondestån
668 404 48 19 det.

163 466 27 20 Af
203 466 40 20 alla
260 466 42 20 vårt
318 467 55 19 lands
388 467 77 23 sydliga
478 468 31 18 län
520 466 89 20 befinner
625 467 30 23 sig
666 460 44 26 Åbo
722 466 36 20 och
768 465 84 24 Björne-

95 496 58 23 borgs
169 495 33 19 län
218 496 5 18 i
241 497 169 22 ogynnsammaste
426 496 43 23 läge
492 496 44 19 med
557 496 76 24 hänsyn
650 496 30 18 till
694 496 159 23 jernvägsnätets

96 524 137 24 utsträckning
257 524 26 24 på
307 524 45 28 dess
378 524 86 23 område,
487 524 57 20 äfven
568 525 60 19 sedan
652 530 25 13 nu
700 524 62 19 under
785 523 68 19 arbete

97 553 86 19 varande
206 553 72 19 bandel
301 553 132 19 Åbo—Karis
454 552 38 20 blir
514 553 125 24 färdigbygd.
668 553 31 19 En
719 552 30 20 för
765 552 37 19 den
819 552 34 18 all-

97 584 70 17 männä
187 581 84 20 trafiken
288 582 93 18 störande
396 581 59 20 lucka
470 588 64 18 yppar
549 582 29 24 sig
593 582 6 18 i
616 582 43 18 vårt
673 582 134 24 jernvägsnät,
824 580 30 19 sä-

97 611 76 19 tillvida
199 616 41 13 som
268 610 134 19 strandbanan
429 611 73 27 saknar
528 610 128 24 fortsättning
681 610 31 19 till
737 610 22 19 sä
782 608 73 24 vigtiga

97 639 152 19 bandelscentra
265 644 41 14 som
322 639 92 19 städerna
430 639 43 19 Abo
490 640 36 18 och
542 639 131 24 Björneborg.
699 639 39 19 Det
749 640 22 17 är
783 643 24 13 en
819 642 35 14 ren

97 668 191 23 billighetsfordran,
300 669 30 17 att
345 668 141 19 kommunerna
501 668 71 19 mellan
587 662 44 25 Äbo
643 668 37 19 och
691 667 84 24 Nystad,
788 666 67 19 hvilka

97 699 36 17 äro
151 696 94 23 folkrika,
261 702 42 13 men
322 696 57 19 äfven
399 696 111 24 betungade
529 697 45 19 med
595 697 40 19 alla
651 696 78 24 möjliga
744 695 110 24 utskylder,

98 725 92 19 komma
179 719 12 34 i
204 725 114 23 ätnjutande
335 725 21 19 af
370 730 24 14 en
408 725 89 24 jernväg,
510 731 42 13 som
568 725 64 19 tillika
648 725 64 19 blefve
727 730 24 14 en
767 723 86 23 naturlig

99 754 60 19 länk
149 748 8 38 i
171 756 28 16 ett
209 753 103 24 förnuftigt
321 753 91 20 framtida
421 754 174 24 järnvägssystem.
619 754 69 28 Redan
702 754 24 23 pä
736 754 37 18 den
785 752 70 24 grund,

100 784 29 18 att
141 782 61 23 enligt
214 782 52 19 hvad
279 783 17 18 vi
310 782 57 19 ofvan
380 782 51 19 hade
442 785 48 17 äran
503 782 111 24 framhålla,
623 783 44 19 Åbo
677 783 36 19 och
722 781 133 25 Björneborgs

100 812 32 18 län
145 810 28 20 alt
186 810 97 24 framgent
295 810 102 20 förblifver
408 811 5 18 i
423 814 27 16 ett
461 812 79 24 mycket
550 814 115 21 ogynnsamt
677 811 44 23 läge
730 810 43 19 med
782 810 74 24 hänsyn

99 840 30 19 till
142 840 159 23 jernvägsnätets
318 840 143 25 utsträckning,
474 840 37 20 och
524 840 26 24 på
561 840 37 19 den
609 840 70 24 grund,
691 842 29 16 att
732 838 125 20 isförhållan-

100 869 51 19 dena
165 869 7 18 i
188 869 23 18 de
227 868 64 20 finska
306 869 149 20 kuststädernas
478 869 82 19 hamnar
580 872 34 17 äro
633 869 78 24 mycket
727 868 53 19 olika
796 867 61 19 under

101 897 64 20 skilda
180 897 29 26 år,
225 900 50 16 samt
290 900 30 17 att
335 897 50 19 först
400 898 60 19 sedan
478 898 24 19 de
518 897 58 20 flesta
591 898 20 19 af
626 898 44 19 dem
685 897 64 20 blifvit
762 896 95 19 förenade

101 926 43 19 med
163 926 34 19 det
215 926 98 19 allmänna
329 927 156 23 jernvägsnätet,
502 933 24 12 en
542 927 31 18 för
587 927 46 18 hela
648 927 68 18 landet
731 925 60 24 vigtig
807 931 48 12 sam-

101 954 74 19 färdsel
198 955 43 19 med
262 955 91 19 utlandet
368 957 22 17 är
405 955 65 19 såvidt
484 955 76 24 möjligt
576 955 83 24 tryggad
674 955 31 19 för
717 954 39 20 alla
771 954 52 19 tider
838 953 21 20 af

101 983 50 24 året,
163 983 22 20 så
198 984 49 23 våga
263 983 19 19 vi
297 983 79 20 anhålla
392 989 30 13 om
438 984 124 19 hedervärda
577 983 158 20 Bondeståndets
749 982 108 20 understöd

102 1011 31 20 för
143 1017 23 14 en
179 1012 95 24 petition:

309 1077 31 18 att
359 1075 31 26 på
408 1073 85 22 Statens
514 1074 117 21 bekostnad
652 1075 64 20 måtte
731 1073 128 21 verkställas

240 1103 152 20 instrumental
421 1103 163 27 undersökning
610 1103 13 20 å
646 1109 25 14 en
692 1103 100 27 jernväg,
815 1109 44 14 som

240 1131 63 20 borde
319 1131 79 28 byggas
410 1131 59 28 från
484 1125 47 28 Åbo
546 1139 75 20 genom
633 1131 87 28 Nystad
730 1131 35 21 till
775 1131 84 20 Raumo

239 1159 52 21 eller
313 1161 91 26 lämplig
427 1163 33 18 ort
476 1161 14 20 å
505 1160 180 21 Raumo-banans
708 1160 85 28 sydliga
816 1159 45 25 del;

239 1189 113 26 äfvensom
368 1191 31 18 att
414 1189 68 28 nådig
495 1189 138 28 proposition
649 1196 33 13 om
696 1195 26 14 en
737 1188 71 21 sådan
825 1187 34 21 ba-

241 1224 40 14 nas
302 1217 110 28 byggande
433 1218 64 20 måtte
515 1217 259 22 nästsammanträdande
795 1216 66 21 Stän-

241 1245 38 21 der
290 1245 138 29 föreläggas.

172 1303 124 25 Helsingfors
314 1305 36 18 den
367 1304 12 19 8
395 1304 97 19 Februari
508 1303 62 20 1897.

172 1359 37 23 Uno
226 1359 83 24 Bremer.
641 1359 39 24 Zef.
696 1359 96 24 Suutarla.

238 1466 117 40 Helsingfors
366 1470 49 27 1897.
440 1466 113 40 Helsingfors
562 1466 160 41 Central-tryckeri.
