1070 1748
202 146 163 30 (Öfversättning.)

481 477 202 27 Reservation.

274 547 116 22 Utskottet
408 547 41 22 har
466 548 8 21 i
490 547 40 22 sitt
544 548 141 21 betänkande
701 548 96 27 påpekat
813 549 48 26 (sid.
878 548 24 29 4)
919 551 33 19 att

201 582 28 22 de
244 583 8 21 i
267 582 147 23 förevarande
429 583 191 28 petitionsförslag
635 584 94 21 berörda
752 583 200 24 fruntimmerssko-

201 619 63 21 lorna
288 619 18 27 ej
331 619 85 22 kunnat
434 619 164 22 tillfredsställa
618 619 218 28 bildningsbehofvet
852 621 57 22 inom
925 621 24 21 så

201 655 139 21 vidsträckta
356 655 168 28 samhällslager
539 662 46 16 som
601 656 99 28 önskligt
713 656 64 28 varit,
793 656 90 22 emedan
901 663 49 15 man

200 691 60 21 varit
279 693 97 25 tvungen
395 693 33 19 att
443 692 66 21 ställa
525 691 170 28 skolafgifterna
708 692 164 28 jämförelsevis
887 693 63 27 höga,

201 726 40 22 och
263 726 128 23 framhåller
412 727 107 27 därjämte
543 727 50 29 (sid.
617 728 22 28 3)
657 730 33 19 att
705 728 100 22 lärarnes
821 728 129 22 löneförmå-

200 768 41 16 ner
257 762 25 22 af
295 763 56 21 brist
367 763 28 26 på
411 763 71 22 medel
497 764 107 21 bestämts
619 766 84 24 ytterst
713 764 57 27 låga,
782 764 92 22 hvarför
884 764 65 22 äfven

199 798 90 27 ombyte
312 798 24 22 af
357 798 73 22 lärare
453 799 99 27 ständigt
576 802 37 24 egt
632 806 53 15 rum.
717 800 33 21 Af
771 800 40 21 allt
834 800 61 21 detta
910 800 40 21 och

199 834 131 27 isynnerhet
346 834 24 22 af
384 834 38 22 det
438 836 60 20 stora
514 835 135 22 elevantalet
663 835 8 21 i
687 835 69 27 sagda
767 835 80 28 skolor,
859 836 89 22 hvarom

201 870 247 26 petitionsmemorialen
464 871 71 22 lemna
546 871 141 28 upplysning,
698 871 45 22 kan
752 871 79 28 dragas
843 871 42 22 den
896 871 53 22 slut-

201 907 82 26 satsen,
305 908 33 19 att
359 906 27 22 de
401 906 171 27 ifrågavarande
588 907 261 27 fruntimmersskolorna,
865 907 86 22 oafsedt

201 941 27 22 de
244 942 144 22 ekonomiska
411 943 146 27 svårigheter,
581 943 106 22 hvarmed
711 943 27 22 de
753 943 49 22 haft
817 945 34 20 att
865 943 85 28 kämpa,

201 978 101 26 uppstått
320 978 33 21 till
370 978 56 27 följd
437 979 24 21 af
470 980 32 20 ett
512 979 123 26 trängande
646 978 184 28 bildningsbehof.
854 979 33 22 De
897 979 53 21 höra

200 1013 94 22 sålunda
317 1014 19 27 ej
361 1014 35 21 till
421 1014 42 22 den
483 1015 102 26 kategori
600 1014 25 21 af
645 1015 81 27 skolor,
743 1015 88 21 hvilkas
847 1016 103 26 garanter

200 1048 67 23 hafva
283 1050 40 21 allt
338 1050 50 21 skäl
404 1052 33 19 att
452 1049 138 22 fortfarande
605 1051 118 26 uppehålla
739 1050 103 22 skolorna
853 1057 45 15 som
906 1051 44 26 pri-

199 1087 53 19 vata
267 1085 111 27 läroverk,
396 1085 90 22 emedan
502 1085 83 22 sådana
605 1103 4 9 ,
610 1086 82 26 kunna
702 1086 147 27 tillgodogöra
859 1086 34 27 sig
907 1087 43 21 alla

200 1120 154 23 erfarenheter
370 1122 28 26 på
414 1121 37 22 det
466 1122 150 27 pedagogiska
634 1122 105 28 området,
755 1122 76 22 hvilka
842 1122 58 22 visat
916 1122 34 27 sig

199 1156 52 22 leda
261 1156 36 22 till
308 1157 103 27 verkliga
423 1156 127 28 framsteg".
575 1158 104 21 Tvärtom
690 1157 67 22 hafva
769 1158 179 26 petitionärerna,

199 1192 74 22 såsom
289 1193 107 27 naturligt
407 1195 26 19 är
443 1193 39 21 och
494 1200 45 15 som
551 1193 115 22 Utskottet
677 1193 66 22 äfven
754 1193 55 27 själf
817 1196 131 25 omnämner,

201 1228 20 24 vi
238 1228 92 22 främsta
347 1230 106 20 rummet"
471 1229 94 21 anhållit
580 1235 34 15 om
627 1230 33 20 att
671 1231 74 19 staten
756 1229 67 21 måtte
835 1228 114 28 öfvertaga

199 1263 109 22 skolorna.
339 1264 12 21 I
366 1264 76 22 stället
457 1264 35 22 för
503 1266 33 20 att
546 1271 30 15 nu
586 1265 116 21 Utskottet
711 1264 72 22 skulle
794 1264 66 22 hafva
871 1264 77 22 under-

198 1298 61 22 stödt
271 1299 64 22 dessa
346 1300 119 26 petitioner
476 1300 62 27 eller,
549 1306 33 15 om
594 1300 38 22 det
643 1300 19 28 ej
674 1302 73 20 ansett
758 1300 35 27 sig
803 1300 74 22 kunna
892 1299 57 23 före-

198 1334 35 22 slå
249 1337 33 19 att
298 1335 77 22 Staten
386 1336 73 22 skulle
469 1336 95 21 ombilda
574 1336 44 22 alla
629 1336 26 22 de
666 1336 170 27 ifrågavarande
847 1336 103 22 skolorna

198 1370 36 22 till
245 1371 139 27 statsskolor,
396 1372 132 21 åtminstone
538 1372 58 27 tagit
605 1372 70 21 under
686 1371 146 28 ompröfning,
844 1372 76 21 hvilka
928 1371 25 21 af

197 1406 51 21 dem
265 1406 77 22 Staten
358 1407 68 22 borde
441 1407 121 28 öfvertaga,
574 1408 66 21 ordar
650 1408 117 21 Utskottet
777 1407 48 22 vidt
835 1407 40 21 och
885 1407 65 22 bredt

197 1447 34 15 om
249 1442 28 22 de
291 1442 117 28 förmåner,
422 1450 45 15 som
479 1444 35 21 stå
525 1443 27 22 de
565 1444 87 26 privata
663 1444 104 21 skolorna
781 1443 35 21 till
827 1443 61 26 buds,
899 1443 52 21 tack
