1075 1748
192 190 83 25 gången
290 191 21 19 tu
327 190 65 26 finger
408 190 66 20 hållas
489 190 27 26 på
531 190 77 20 Bibeln.
635 190 46 20 Men
697 190 158 25 ifrågavarande
870 190 73 26 tillägg

192 221 22 18 är
230 220 53 20 både
299 220 129 25 öfverflödigt
444 221 37 19 och
496 220 149 24 missledande;
662 220 134 25 öfverflödigt,
808 222 22 24 ty
841 220 45 23 den,
898 226 44 14 som

191 250 47 20 svär
262 250 35 20 vid
321 250 55 20 Guds
399 250 69 25 heliga
491 251 136 25 evangelium,
644 251 48 19 svär
707 251 7 19 i
730 250 75 25 sjelfva
820 250 72 20 verket
907 250 35 20 vid

191 280 44 19 Gud
259 280 59 25 sjelf;
342 280 146 24 vilseledande,
505 281 87 19 emedan
608 280 34 20 det
658 281 23 19 är
697 280 75 26 egnadt
788 282 28 18 att
832 280 54 25 dölja
902 280 40 20 den

190 310 95 25 verkliga
300 310 118 26 betydelsen
434 310 24 20 af
472 310 57 24 eden,
546 310 89 23 hvilken,
653 311 67 19 såsom
737 310 67 23 sades,
818 310 68 20 består
897 310 44 20 der-

190 340 34 26 uti,
250 342 29 18 att
302 340 45 24 den,
368 346 44 14 som
428 340 97 25 aflägger
541 340 31 24 ed,
589 340 82 25 tvingas
687 342 35 22 att,
739 340 62 20 äfven
817 346 33 13 om
865 341 41 19 han
922 340 18 25 ej

191 370 50 24 eljes
265 370 36 20 vill
324 371 51 24 göra
398 370 39 24 det,
462 371 59 19 ställa
544 370 33 26 sig
597 370 54 20 inför
667 370 55 20 Guds
739 370 80 25 ansigte
835 370 37 20 och
888 370 53 19 inför

190 400 79 20 Honom
293 400 79 25 afgifva
396 401 31 19 sin
443 402 79 23 utsaga,
540 400 106 20 äfvensom
663 402 28 18 att
705 401 38 19 här
759 400 89 25 åberopa
863 400 78 19 Honom

190 430 29 19 till
235 430 64 20 vittne
315 430 26 25 på
357 430 181 25 sannfärdigheten
554 430 24 20 af
591 430 54 20 hvad
660 430 41 19 han
716 431 68 24 säger.

262 460 162 25 Ifrågavarande
448 461 137 25 oegentlighet
605 461 22 19 är
643 460 51 20 dock
709 460 80 19 mindre
806 460 113 25 betydande
934 460 7 18 i

188 490 109 25 jembredd
307 490 47 20 med
365 490 108 20 slutorden.
498 490 29 26 Ty
539 490 61 20 dessa
610 490 68 20 kunna
689 490 103 23 innebära,
805 492 28 17 att
843 496 48 13 man
902 490 39 19 sät-

190 522 30 17 ter
236 520 25 20 lif
275 520 38 20 och
329 520 39 25 själ
383 520 6 20 i
405 522 49 23 pant
470 521 37 19 och
523 520 80 20 således
620 520 41 20 helt
676 520 37 20 och
729 520 62 19 hållet
808 520 84 25 afsäger
908 520 33 24 sig

191 550 55 19 Guds
262 550 41 20 nåd
317 551 37 19 och
365 550 54 25 hjelp
431 550 31 20 för
473 550 39 20 den
522 550 105 24 händelse,
639 552 28 18 att
677 556 48 13 man
736 550 46 19 icke
792 550 64 19 håller
868 550 32 24 sig
912 550 29 18 till

191 580 121 25 sanningen.
344 580 39 20 Det
406 580 51 20 lider
480 580 50 20 intet
552 580 79 23 tvifvel,
656 582 28 18 att
699 580 45 20 icke
761 580 45 23 den,
824 585 43 14 som
883 579 58 20 öfvar

190 610 89 19 falskhet
302 610 35 19 vid
361 610 33 20 det
416 610 41 20 han
480 610 99 25 åberopar
603 610 44 19 Gud
665 610 30 19 till
710 610 64 19 vittne
789 610 27 25 på
831 610 54 19 hvad
900 610 41 18 han

190 641 68 23 säger,
276 640 86 20 drabbas
379 640 23 19 af
416 640 54 20 Guds
487 640 67 22 straff;
570 640 99 25 orubbligt
685 640 42 19 står
743 640 33 19 det
792 640 46 23 fast,
856 641 28 18 att
896 639 45 19 Gud

190 670 45 19 icke
259 670 52 20 skall
334 670 42 20 låta
398 670 39 20 den
460 670 64 20 blifva
546 670 103 23 ostraffad,
675 676 43 13 som
734 670 56 19 Hans
805 675 62 14 namn
882 669 59 19 miss-

190 700 81 19 brukar.
303 700 47 20 Men
374 700 32 20 det
430 700 82 20 oaktadt
535 700 37 19 har
595 700 62 25 ingen
679 700 108 20 menniska
802 700 40 19 rätt
858 701 28 18 att
901 699 40 19 för-

190 730 65 23 klara,
281 730 33 20 det
329 730 40 20 hon
385 730 31 20 för
432 730 29 20 tid
476 730 38 20 och
530 730 82 25 evighet
628 730 83 25 afsäger
728 730 32 24 sig
776 730 56 19 Guds
848 730 40 18 nåd
904 729 37 19 och

190 760 66 25 hjelp;
282 760 37 19 och
341 760 43 19 lika
399 760 43 20 litet
458 760 36 20 har
510 762 66 18 staten
592 760 39 19 rätt
647 762 28 17 att
691 760 77 25 ålägga
784 760 45 19 sina
844 759 97 20 medlem-

190 795 45 14 mar
259 791 28 18 att
310 791 64 18 uttala
396 790 63 25 något
482 790 23 19 så
527 790 86 20 hemskt.
646 790 162 25 Ifrägavarande
824 789 79 25 uttryck
919 790 22 18 är

190 820 69 19 derför
282 820 101 19 bestämdt
398 820 121 25 förkastligt.
551 820 47 19 Man
614 820 37 19 har
666 820 124 24 visserligen
805 819 91 23 invändt,
913 820 28 18 att

190 850 115 19 detsamma
321 850 51 19 dock
387 850 46 20 icke
449 850 125 25 nödvändigt
590 850 97 19 behöfver
701 850 61 19 fattas
774 850 26 25 på
811 849 33 19 det
855 849 86 19 anförda

190 881 66 22 sättet,
274 881 48 18 utan
338 881 41 18 kan
395 886 61 13 anses
472 881 102 18 innehålla
590 880 61 19 äfven
668 885 25 14 en
705 885 67 14 annan
783 879 89 25 mening.
893 879 46 20 Men

188 915 51 14 vare
263 910 33 25 sig
320 912 28 17 att
372 911 67 18 denna
462 910 126 25 invändning
604 911 23 18 är
642 910 62 25 riktig
720 910 50 19 eller
785 909 46 20 icke
846 910 93 24 qvarstår

189 940 33 19 det
246 940 132 25 obestridliga
400 940 84 23 faktum,
510 942 27 17 att
553 940 62 19 orden
631 940 6 19 i
653 940 141 25 verkligheten
811 939 79 26 ganska
905 939 35 20 all-

188 971 57 18 mänt
260 972 60 23 tagas
336 971 7 18 i
360 971 38 18 den
414 970 51 19 först
480 970 79 25 afgifna
574 970 124 25 betydelsen,
711 970 37 19 och
759 971 29 18 att
798 969 142 25 ordalydelsen

189 1005 37 20 ger
250 1000 36 19 full
308 1000 110 25 anledning
433 1000 72 19 dertill.
536 1000 67 19 Anses
619 1000 51 19 eden
686 1000 63 19 likväl
764 999 50 20 böra
829 999 110 23 innehålla,

188 1031 55 18 utom
266 1030 77 25 riktiga
358 1030 162 25 begynnelseord
536 1030 34 25 (jfr
586 1030 33 19 Es.
637 1030 34 19 65:
690 1030 36 23 16;
743 1029 46 20 Ebr.
807 1029 19 19 6:
844 1029 34 24 13,
897 1029 42 24 16),

189 1060 113 25 någonting
326 1060 96 19 särskildt
445 1060 28 19 till
498 1060 107 25 besinning
621 1060 107 23 manande,
746 1059 24 20 så
785 1059 41 20 kan
842 1065 53 17 man,
913 1059 27 24 på

188 1090 40 19 sätt
244 1090 36 19 vid
294 1089 128 26 kyrkomötet
438 1090 122 25 föreslagits,
577 1090 41 19 låta
634 1090 51 19 eden
702 1090 85 19 afslutas
804 1089 47 19 med
866 1089 73 19 orden:

188 1119 81 19 Härtill
285 1125 46 14 vare
350 1119 44 20 Gud
409 1119 45 19 mitt
470 1119 64 20 vittne.
558 1120 30 25 Ty
605 1120 32 19 det
649 1125 36 20 ges
696 1119 46 20 icke
754 1119 112 25 någonting
876 1119 64 24 högre

188 1149 26 19 än
239 1149 40 20 den
302 1149 84 25 Högste,
404 1150 37 19 och
458 1150 33 19 det
505 1150 65 19 finnes
586 1149 7 20 i
609 1149 141 26 verkligheten
766 1149 46 19 icke
828 1149 112 24 någonting

188 1179 170 20 allvarsammare
382 1180 26 19 än
431 1179 56 20 Hans
510 1181 55 18 stora
588 1185 73 14 namns
679 1179 115 20 åkallande.
826 1179 50 19 Tror
892 1183 47 14 man

188 1209 54 19 detta
266 1209 46 19 icke
336 1215 52 14 vara
410 1209 117 25 tillräckligt
549 1211 49 18 utan
614 1209 61 25 något
691 1210 54 19 ännu
760 1209 114 24 kraftigare
889 1213 51 14 vara

187 1239 136 25 erforderligt,
349 1239 37 19 och
410 1239 35 19 vill
469 1245 47 14 man
537 1239 27 25 på
584 1239 64 19 sådan
664 1239 66 25 grund
745 1239 101 19 bibehålla
863 1238 25 19 de
904 1244 35 13 nu-

187 1269 92 19 varande
301 1269 109 23 slutorden,
427 1269 23 19 så
466 1269 46 20 litar
527 1275 48 14 man
590 1269 29 20 till
635 1275 26 13 en
671 1269 58 23 falsk
745 1268 141 25 föreställning
902 1268 38 19 och

187 1304 80 19 gynnar
293 1299 72 22 denna,
388 1305 47 13 men
451 1299 100 25 följderna
566 1299 69 19 kunna
650 1299 46 19 icke
711 1298 105 20 uteblifva.
848 1298 30 19 De
894 1298 46 19 visa

187 1329 32 24 sig
235 1329 62 19 bland
313 1331 62 17 annat
391 1329 27 19 uti
434 1329 102 19 förtviflan
552 1329 37 19 och
605 1329 131 19 samvetsnöd
752 1329 37 18 hos
800 1328 76 25 många
886 1333 53 14 sam-

186 1359 117 19 vetsömma
326 1359 13 19 å
362 1364 39 14 ena
424 1359 64 23 sidan,
512 1359 29 19 uti
556 1359 42 23 lätt,
615 1359 32 19 för
663 1360 28 18 att
706 1358 46 20 icke
768 1359 52 24 säga
835 1357 104 25 lättsinnig

187 1388 131 25 uppfattning
341 1389 38 19 och
403 1389 112 24 lättsinnigt
538 1389 80 25 gående
634 1389 23 19 af
671 1389 31 22 ed,
720 1389 12 18 &
748 1388 40 19 den
804 1387 70 20 andra.
906 1387 34 20 Mä

186 1417 34 20 det
243 1418 77 20 tillåtas
337 1424 34 14 oss
388 1420 28 18 att
431 1419 29 19 till
476 1419 110 24 belysande
603 1418 22 20 af
639 1419 34 18 det
688 1418 66 25 sagda
770 1418 88 25 åberopa
874 1417 65 25 några

186 1448 119 20 uttalanden
326 1449 35 18 vid
378 1449 81 19 senaste
475 1449 124 24 kyrkomöte.
631 1449 45 19 Den
691 1453 55 21 man,
764 1453 44 14 som
824 1447 59 26 bragt
898 1447 41 20 frä-
