1073 1739
411 165 147 36 Reservation.
846 170 11 20 7

178 239 73 28 Enligt
267 240 55 21 hvad
338 241 35 26 jag
389 240 47 21 hört
451 240 118 29 uppgifvas,
583 240 38 21 har
632 240 159 22 vederbörande
802 241 57 21 fack-

107 276 160 28 myndigheters
282 275 124 22 utlåtanden
422 276 115 21 infordrats
552 276 61 22 öfver
628 276 139 22 förenämnda
781 276 78 28 förslag

107 311 31 22 till
159 312 125 28 förordning
305 313 40 21 och
366 312 133 29 kungörelse,
521 312 98 22 hvarföre
640 312 74 29 frågan
735 315 57 19 ännu
813 312 46 22 icke

107 347 77 22 hunnit
196 348 22 21 af
232 347 135 29 Regeringen
383 348 106 21 definitivt
504 348 89 28 afgöras.

178 383 33 22 Då
231 391 31 14 nu
282 384 126 29 regeringen
429 384 90 22 sålunda
533 384 67 22 redan
616 384 46 22 låtit
677 385 90 22 anställa
782 385 78 22 under-

107 419 116 29 sökningar
242 427 34 14 om
295 420 187 28 tuberkelsjukans
500 420 66 21 bland
582 421 146 28 nötboskapen
745 421 115 22 förekomst

106 456 8 20 i
134 455 72 23 landet
226 457 40 20 och
286 457 115 21 verkställa
421 457 134 28 experiment
570 457 49 22 med
636 457 41 22 den
693 464 15 15 s.
725 457 18 21 k.
761 457 99 22 Kochska

106 491 88 29 lymfan,
210 494 54 19 samt
279 493 30 20 uti
326 492 137 23 merberörda
479 493 78 28 förslag
572 493 32 21 till
619 493 125 29 förordning
755 493 40 22 och
806 493 54 22 kun-

106 528 82 28 görelse
204 528 49 29 ingä
269 528 128 28 detaljerade
413 529 160 28 bestämningar
583 535 36 15 om
630 529 161 28 tuberkelsjuka
801 529 59 28 djurs

107 564 159 29 undersökning
286 565 41 21 och
347 565 137 28 behandling,
505 565 42 21 kan
562 566 36 27 jag
614 565 47 22 icke
677 566 60 21 finna
754 567 30 20 att
799 565 62 22 Stän-

107 600 66 22 derna
193 601 53 21 hade
267 601 116 28 anledning
403 603 30 20 att
452 608 31 15 nu
503 601 126 30 ytterligare
649 601 63 22 afläta
728 601 133 29 underdänig

106 636 88 28 petition
211 637 6 20 i
233 637 36 21 det
284 637 21 20 af
320 637 165 28 petitionärerne
501 638 127 22 framhällna
643 638 62 28 syfte,
716 638 98 22 hvarföre
823 639 38 27 jag

106 672 76 22 tilläter
198 673 44 28 mig
257 673 154 22 vördsammast
427 674 77 21 föreslä

393 736 32 19 att
441 734 126 22 Ständerna
583 735 50 22 ville
649 735 76 21 lämna
739 735 117 28 petitions-

319 769 104 28 förslaget
437 772 58 20 utan
510 771 75 21 vidare
600 771 107 28 afseende.

179 835 139 28 Helsingfors,
335 836 41 21 den
393 837 28 20 24
437 836 58 22 Mars
513 837 63 21 1897.

593 897 25 22 P.
636 898 26 21 A.
680 898 105 29 Brofeldt.

184 1512 181 20 Ekonomiutskottets
377 1514 111 19 betänkande
501 1514 34 20 N:o
547 1516 29 18 14.
