1073 1742
224 185 12 20 8
381 184 279 23 Petitionsbetänkande
675 184 43 23 N:o
734 183 38 23 25.

195 252 110 28 knappast
325 260 44 20 nog
387 253 43 21 kan
449 254 114 20 därstädes
580 254 116 20 bedrifvas.
726 254 49 26 Råg
790 254 61 20 odlas
866 254 88 20 alldeles

195 286 54 26 icke,
265 286 78 22 kornet
357 287 81 21 lämnar
453 288 78 20 endast
546 288 68 21 under
629 294 128 21 gynsamma
773 288 22 20 år
807 288 71 27 någon
888 288 66 20 skörd

195 321 42 20 och
261 321 101 27 odlingen
383 321 23 21 af
423 322 88 27 potäter
532 322 39 20 har
586 322 48 20 icke
649 322 81 21 kunnat
744 322 127 27 uppdrifvas
886 322 68 26 högre

195 355 28 21 än
245 355 32 21 till
298 359 32 17 ett
351 356 77 21 utsäde
449 356 25 21 af
486 362 27 15 20
528 356 14 21 å
558 362 27 21 30
599 356 118 21 hektoliter
731 363 40 20 per
786 356 85 21 mantal.
901 356 51 26 Mjöl

195 390 70 20 måste
287 390 78 20 införas
381 390 125 21 trettiomila
520 391 45 27 väg
580 390 45 21 från
641 390 86 21 Torneå
742 390 51 21 eller
808 390 46 21 från
868 390 85 26 Norges

195 424 162 20 ishafshamnar.
386 424 233 28 Ladugärdsskötseln,
642 424 115 24 renafveln,
778 424 46 27 jakt
845 424 41 21 och
901 424 53 21 fiske

195 458 109 20 bedrifvas
319 458 35 21 väl
369 458 22 21 af
404 458 160 28 befolkningen,
577 466 49 14 men
634 458 71 21 lämna
715 458 78 22 endast
801 458 50 28 föga
859 458 94 22 realiser-

195 492 48 21 bart
270 493 83 27 utbyte.
389 493 29 21 På
446 493 38 21 det
511 493 134 21 förstnämda
676 493 23 21 af
727 493 64 21 dessa
816 492 138 28 näringsfång

196 527 70 21 måste
281 526 58 22 dock
354 527 42 21 den
411 528 165 26 hufvudsakliga
592 527 124 22 utkomsten
731 527 95 27 byggas;
839 527 41 21 och
890 527 64 21 äfven

195 560 39 21 här
256 561 67 21 värka
345 561 72 27 dåliga
439 562 159 21 sommarbeten
622 565 56 17 samt
701 568 26 14 en
749 563 7 19 i
775 562 115 20 allmänhet
904 561 50 21 klen

196 594 154 28 höatkastning
365 596 45 20 från
425 596 105 27 naturliga
545 596 67 20 vallar
627 599 32 18 att
674 596 162 21 bibehällandet
846 596 24 20 af
877 602 27 14 en
911 596 43 20 lika

195 628 63 22 talrik
282 629 153 28 boskapsstam
458 630 66 21 under
547 630 41 21 alla
611 631 22 20 är
656 630 48 21 icke
726 630 43 20 kan
791 630 161 27 ifrägakomma.

195 662 90 22 Säledes
301 664 37 20 äro
354 671 81 14 samma
451 664 140 28 svärigheter,
607 672 48 13 som
667 666 6 19 i
686 664 117 21 allmänhet
812 664 38 20 äro
858 664 95 20 rädande

195 699 58 19 inom
275 698 28 20 de
318 698 32 21 till
365 699 42 21 den
422 699 109 27 egentliga
546 699 155 27 Lappmarken
716 698 96 22 hörande
827 698 125 26 socknarna,

196 732 63 21 äfven
275 734 58 19 inom
348 733 166 21 Muonionniska
530 733 163 21 förhärskande.

265 766 83 26 Jämför
358 774 49 14 man
418 768 27 20 de
457 767 90 21 officiela
555 767 120 21 statistiska
683 768 139 26 uppgifterna
830 767 45 21 frän
883 766 70 22 denna

196 800 41 20 och
245 801 149 27 angränsande
401 802 97 25 socknar,
506 808 65 20 synes
578 802 25 20 af
607 802 50 20 dem
661 802 83 26 framgä
751 804 32 18 att
788 801 165 21 Muonionniska

195 836 7 18 i
216 834 52 21 flere
276 835 117 21 afseenden
401 837 6 19 i
415 836 99 21 välständ
523 837 44 20 stär
574 836 55 21 efter
636 836 132 25 kommuner,
778 835 71 21 hvilka
858 835 56 21 dock
922 836 31 20 ät-

197 868 58 26 njuta
279 869 42 21 den
341 870 163 27 skattelindring
525 877 48 14 som
589 870 130 27 utgörandet
735 870 22 21 af
770 870 112 27 lappskatt
896 870 58 20 inne-

197 903 44 21 bär.
272 903 93 22 Sålunda
388 906 81 19 utvisar
490 912 27 13 en
539 905 121 27 fördelning
678 905 25 20 af
717 904 167 27 hornboskapen
900 904 54 21 efter

197 937 139 22 hemmanens
351 939 58 20 antal
423 940 59 19 inom
497 939 126 26 Sodankylä
639 939 80 20 socken
735 942 32 18 ett
782 938 101 21 medeltal
898 938 24 21 af
933 939 19 25 8,

197 973 6 18 i
225 972 78 21 Kittilä
325 973 81 20 socken
428 978 19 21 7,
472 975 6 19 i
495 973 166 21 Muonionniska
677 973 77 21 endast
769 972 19 21 6.
818 972 89 21 Antalet
922 972 32 21 fär

196 1006 64 27 utgör
281 1007 7 20 i
306 1007 28 20 de
348 1007 80 21 tvänne
443 1007 148 22 förstnämnda
607 1007 120 21 socknarna
742 1010 32 18 ett
789 1007 101 21 medeltal
904 1007 25 20 af
940 1007 13 20 8

196 1047 39 20 per
251 1041 60 26 gärd,
328 1042 6 19 i
349 1041 165 21 Muonionniska
530 1042 78 21 endast
622 1048 20 19 4.
665 1041 10 21 I
685 1041 125 27 Sodankylä
821 1041 42 20 och
876 1041 78 21 Kittilä

196 1073 67 22 finnas
284 1075 73 21 hästar
381 1075 31 21 till
435 1079 32 18 ett
487 1075 64 26 antal,
571 1083 48 13 som
634 1083 38 20 ger
688 1079 32 18 ett
735 1075 102 21 medeltal
852 1075 22 21 af
887 1076 67 26 nägot

196 1115 45 14 mer
257 1109 28 20 än
302 1115 7 14 1
328 1110 28 26 pä
371 1109 73 27 hvarje
459 1110 59 27 gärd,
535 1110 79 21 medan
629 1109 125 22 medeltalet
769 1111 7 19 i
791 1109 163 21 Muonionniska

196 1143 74 20 ställer
291 1145 33 25 sig
341 1144 108 27 betydligt
465 1144 65 27 lägre,
547 1144 28 21 dä
591 1145 28 26 pä
635 1147 32 18 ett
681 1143 127 27 betydande
823 1143 57 21 antal
895 1144 59 20 hem-

196 1183 50 14 man
269 1177 31 20 als
321 1179 50 26 inga
389 1179 66 20 andra
471 1179 91 26 dragare
578 1178 27 21 än
620 1185 61 14 renar
697 1177 116 21 användas.
843 1178 111 20 Renarnas

197 1211 58 20 antal
278 1211 98 28 slutligen
399 1213 81 20 utvisar
502 1213 6 20 i
531 1211 127 28 Sodankylä
676 1215 33 18 ett
729 1211 103 22 medeltal
850 1211 23 21 af
888 1216 8 21 5
914 1219 40 20 per

197 1246 135 24 innevänare,
348 1247 7 19 i
369 1246 78 21 Kittilä
463 1251 18 20 2,
501 1247 3 20 i
518 1246 167 21 Muonionniska
703 1252 18 20 3.

267 1273 73 27 Äfven
352 1281 6 19 i
371 1280 103 21 afseende
487 1281 13 20 ä
507 1280 130 21 äkerbruket
647 1280 62 21 ställa
716 1282 35 25 sig
758 1279 196 28 sifferuppgifterna

198 1314 90 26 ungefär
295 1315 30 26 pä
332 1314 100 21 liknande
441 1315 49 20 sätt.
515 1314 29 21 Af
549 1315 53 20 korn
610 1315 79 20 såddes
701 1315 51 26 1895
762 1315 7 20 i
777 1313 125 27 Sodankylä
909 1321 45 14 om-

197 1347 63 27 kring
274 1352 26 22 45
318 1347 26 21 hl.
361 1355 26 20 pr
401 1349 87 24 mantal,
500 1350 6 19 i
518 1349 78 20 Kittilä
609 1353 25 22 37
645 1349 35 24 hl.,
697 1350 1 19 i
704 1347 165 22 Muonionniska
878 1348 76 21 endast

199 1381 26 26 36
246 1382 29 20 hl.
304 1382 83 21 Endast
410 1383 186 26 potatisodlingen
619 1390 65 19 synes
709 1384 6 19 i
733 1382 119 21 sistnämda
874 1382 80 21 socken

197 1416 66 21 hafva
276 1418 74 19 vunnit
363 1417 70 20 större
446 1417 135 27 utbredning,
597 1419 6 19 i
612 1418 37 20 det
657 1421 32 17 att
697 1417 126 21 medeltalet
831 1417 76 20 utsäde
915 1424 39 20 per

197 1451 82 20 mantal
299 1451 23 20 år
342 1451 51 26 1895
410 1451 39 20 här
465 1451 99 27 utgjorde
579 1457 27 21 27
622 1452 22 20 hl
659 1455 46 17 mot
724 1457 26 20 14
764 1451 28 21 hl.
808 1453 6 18 i
830 1450 124 27 Sodankylä

198 1484 41 21 och
264 1485 25 20 16
304 1485 22 20 hl
340 1487 7 18 i
362 1485 83 26 Kittilä,
462 1486 46 24 och,
525 1487 72 19 såsom
614 1486 66 21 redan
695 1485 88 26 anförts,
800 1487 6 18 i
821 1485 133 21 förstnämda

269 1531 130 16 Statsutskottets
411 1532 103 15 betänkande
526 1531 35 16 N:o
571 1536 18 15 3.
