1070 1742
305 164 278 24 Petitionsbetänkande
598 165 45 23 N:o
660 166 34 22 17.
863 168 11 19 7

125 231 53 27 ning
194 231 24 21 af
232 231 65 22 dessa
313 231 81 27 frågor.
425 232 34 21 Då
475 232 87 22 arbetet
578 232 28 27 på
622 234 32 19 att
672 232 112 27 dymedels
801 232 74 26 sprida

124 267 70 22 insikt
214 274 34 15 om
268 268 128 26 lungsotens
416 268 151 26 bekämpande
583 268 70 21 måste
669 274 65 15 anses
750 268 29 26 gå
793 268 60 21 hand
867 268 8 20 i

125 302 57 22 hand
198 303 50 21 med
264 303 36 22 det
316 303 135 22 instruktiva
466 303 112 22 föredöme
594 305 33 20 ett
642 303 233 22 mönstersanatorium

125 337 24 22 af
168 339 78 26 antydt
270 339 48 26 slag
341 339 73 21 skulle
436 339 97 27 erbjuda,
550 345 49 16 men
615 339 13 21 å
644 339 70 21 andra
729 339 61 21 sidan
808 338 66 28 utgif-

125 374 81 21 vandet
229 374 25 21 af
274 374 145 27 flygskrifter,
444 375 78 26 anslag
543 381 18 15 o.
577 375 19 21 d.
614 377 57 19 samt
687 374 150 21 anordnandet
853 374 24 21 af

124 409 187 28 föredragsserier
334 417 34 14 om
392 410 65 21 dessa
479 413 79 19 ämnen
581 410 35 21 för
637 410 102 22 enskilda
754 411 75 20 kunna
844 410 31 21 bli

123 446 141 21 ekonomiskt
279 446 146 27 betungande,
437 447 40 20 bar
488 447 117 21 Utskottet
616 446 58 27 förty
686 446 105 27 slutligen
802 448 73 19 ansett

125 481 34 27 sig
174 482 54 21 böra
243 482 83 21 föreslå
342 488 27 15 en
385 482 138 27 underdånig
539 482 92 27 petition
648 482 86 22 därom:

410 550 31 20 att
464 549 135 26 Regeringen
622 548 67 22 måtte
708 549 87 26 främja
819 549 56 26 spri

338 585 82 20 dandet
445 585 28 26 af
493 585 67 20 insikt
583 591 35 14 om
642 585 168 26 skyddsmedlen
831 585 44 20 mot

338 621 131 20 tuberkulos.

195 686 65 21 Hvad
284 686 105 27 slutligen
410 685 207 28 djurtuberkulosen
634 685 143 28 vidkommer,
795 685 24 22 så
834 685 40 21 har

125 721 114 22 Utskottet
263 722 49 21 icke
330 721 104 22 förbisett
450 721 51 22 dess
517 724 60 19 stora
593 721 114 27 betydelse
723 721 49 22 med
788 721 86 27 hänsyn

123 757 36 22 till
180 757 147 22 smittämnets
347 757 116 27 spridning
479 757 40 22 och
535 757 27 22 de
578 757 154 21 skrämmande
748 757 62 21 fakta
825 757 49 21 med

124 792 104 23 afseende
251 793 13 22 å
287 793 170 22 tuberkulosens
480 793 121 21 förekomst
624 793 66 20 bland
711 793 162 26 boskapsstam-

124 835 55 21 men,
203 835 45 16 som
268 829 130 22 värkstälda
417 829 192 27 undersökningar
624 829 66 27 bragt
706 829 7 20 i
729 829 80 26 dagen;
825 834 49 16 men

123 865 8 20 i
147 865 146 21 betraktande
309 865 24 21 af
346 867 34 19 att
395 867 33 19 ett
443 864 128 28 lagförslag,
585 864 117 27 åsyftande
712 864 163 26 bekämpandet

125 900 24 21 af
171 900 157 22 smittosamma
348 900 183 28 djursjukdomar,
548 902 25 20 är
589 900 70 22 under
674 900 145 22 utarbetande
834 900 40 21 och

124 938 34 19 att
180 942 28 16 en
231 943 71 15 annan
325 937 94 26 petition
442 943 33 15 om
497 942 81 16 samma
597 936 63 27 fråga
675 936 97 21 kommer
789 937 33 20 att
836 935 38 22 vid

122 972 74 22 denna
208 972 105 27 landtdag
327 972 120 22 behandlas
463 972 24 22 af
500 972 224 27 Ekonomiutskottet,
740 972 25 21 så
781 972 40 21 har
835 971 38 22 Ut-

122 1008 87 22 skottet
224 1012 74 18 ansett
313 1008 35 28 sig
363 1009 54 21 böra
432 1008 83 22 föreslå

411 1076 32 20 att
456 1074 85 28 frågan
561 1081 34 15 om
613 1074 143 22 hämmandet
770 1074 29 27 af
811 1074 62 26 djur-

338 1111 149 21 tuberkolosen
509 1111 44 21 icke
575 1110 67 22 måtte
660 1112 8 20 i
686 1111 58 21 detta
760 1116 113 16 samman-

337 1147 60 27 hang
410 1147 119 27 föranleda
547 1146 73 27 någon
636 1146 179 27 ständeråtgärd.

203 1235 147 27 Helsingfors,
382 1236 117 20 Allmänna
529 1235 221 27 petitionsutskottet,
777 1235 42 21 den
848 1236 24 19 11

125 1278 56 15 mars
200 1273 62 19 1897.

196 1414 10 21 I
230 1414 103 22 ärendets
357 1414 92 28 slutliga
471 1414 134 26 behandling
623 1413 67 22 hafva
705 1413 102 27 deltagit:
825 1413 47 21 ord-

125 1449 106 22 föranden
257 1449 120 28 Melander,
402 1449 150 22 ledamöterna
574 1449 158 27 Wallensköld,
757 1448 50 21 frih.
831 1454 42 15 von

183 1498 109 17 Allmänna
305 1497 188 23 petitionsutskottets
507 1497 115 18 betänkande
635 1496 37 18 N:o
685 1496 26 17 11.
