1067 1739
187 243 185 42 (Öfversättning.)

548 556 34 27 11.

259 618 36 22 Då
309 619 35 28 jag
359 620 18 28 ej
394 620 40 20 kan
451 620 73 20 förena
538 620 44 28 mig
597 627 34 14 om
644 620 156 27 motiveringen
808 619 34 21 för
850 619 91 22 Utskot-

187 656 41 18 tets
244 653 136 21 betänkande
399 654 41 21 och
456 655 18 27 ej
490 654 66 21 häller
572 662 34 13 om
622 654 48 21 dess
687 654 106 27 slutkläm,
809 654 37 20 ber
861 654 34 28 jag
911 656 31 18 att

186 687 24 21 få
225 687 112 21 framhålla
352 688 43 20 min
410 688 131 28 skiljaktliga
556 688 62 21 åsikt.

256 721 113 22 Utskottet
391 722 37 21 har
446 723 7 20 i
470 723 37 21 sitt
523 722 135 22 betänkande
674 722 101 28 påpekat,
790 724 31 19 att
836 722 105 21 allmänna

186 755 202 22 skolläraremötena
408 756 50 22 åren
475 758 54 20 1890
546 757 40 21 och
603 758 54 20 1893
673 759 55 19 samt
744 758 55 20 1893
814 756 34 21 års
864 756 77 28 kyrko-

186 792 57 19 möte
263 790 86 28 afgifvit
371 790 109 22 utlåtande
495 790 90 22 rörande
600 791 169 27 bestämningen,
784 793 32 19 att
831 790 110 21 undervis-

186 825 79 27 ningen
281 825 7 20 i
303 824 157 28 kyrkohistoria
475 825 41 21 och
530 824 104 22 Finlands
650 824 88 22 historia
755 825 38 21 bör
807 824 96 28 försiggå
913 824 28 28 på

186 858 37 21 det
245 858 67 21 andra
327 858 111 22 inhemska
454 859 92 28 språket.
577 858 146 22 Uttalandena
739 858 36 22 vid
792 858 55 22 båda
863 858 78 21 skollä-

185 894 134 20 raremötena
333 892 28 28 gå
376 894 7 19 i
399 900 79 14 samma
494 893 99 28 riktning,
608 901 49 13 men
672 894 68 20 större
756 892 102 22 afseende
874 892 66 21 måste

185 926 68 22 fästas
276 926 37 22 vid
329 926 36 22 det
380 927 24 21 år
420 928 54 20 1893
490 927 71 21 hållna
576 928 196 20 skolläraremötets
789 926 85 25 åsikter,
890 928 50 19 enär

185 960 41 21 den
243 960 28 21 då
287 969 71 13 vunna
373 961 148 21 erfarenheten
536 963 24 19 är
574 961 76 26 rikare,
665 963 26 19 än
707 961 41 21 den
764 968 45 14 som
825 968 48 13 man
886 960 54 21 hade

185 997 32 18 att
231 995 62 20 stöda
313 995 33 28 sig
362 995 27 28 på
404 995 24 21 år
443 997 61 20 1890.
534 995 122 22 Sistnämda
671 995 24 21 är
711 994 144 22 behandlades
871 994 69 21 denna

184 1029 61 28 fräga
261 1041 28 4 —
304 1037 34 13 n:o
354 1031 26 20 22
405 1030 28 28 pä
456 1032 76 19 mötets
555 1037 97 21 program
669 1043 27 2 —
713 1030 22 21 af
750 1034 31 17 tre
797 1029 23 21 af
835 1029 105 21 allmänna

184 1063 185 22 skolläraremötet
379 1065 89 21 tillsatta
476 1065 116 26 sektioner,
600 1065 117 28 nämligen:
734 1065 21 27 1)
765 1064 41 21 den
815 1063 125 28 teologiska,

185 1098 21 27 2)
222 1098 43 21 den
286 1098 114 21 historiska
421 1099 41 21 och
483 1100 20 26 3)
519 1099 41 21 den
582 1099 35 21 för
641 1099 182 27 undervisningen
844 1099 6 20 i
867 1098 26 21 de
909 1099 31 20 in-

183 1132 90 21 hemska
293 1133 91 28 spräken
405 1133 89 21 tillsatta
514 1133 118 21 sektionen.
662 1133 85 28 Frägan
769 1133 108 28 klargöres
893 1132 47 21 bäst

183 1173 78 20 genom
283 1166 149 28 ätergifvande
452 1175 25 13 ur
494 1167 131 28 protokollet
640 1167 24 21 af
678 1167 27 21 de
721 1167 37 21 tvä
773 1167 68 20 första
857 1167 81 20 sektio-

183 1207 78 14 nernas
281 1200 103 21 klämmar
407 1201 131 21 beträffande
556 1201 129 21 densamma.
715 1201 130 28 Teologiska
861 1200 79 21 sektio-

183 1241 54 14 nens
251 1235 101 28 yttrande
368 1235 69 28 lyder:

253 1268 110 18 Sektionen
380 1269 116 17 framhäller
514 1275 44 12 som
574 1269 32 18 sin
627 1269 116 18 erfarenhet
762 1268 125 19 beträffande
906 1268 33 19 det

183 1296 64 18 andra
265 1297 107 18 inhemska
393 1297 91 24 spräkets
506 1298 133 23 användning
656 1303 45 13 som
719 1296 220 24 undervisningsspräk

182 1325 36 18 vid
236 1325 50 18 vära
303 1326 68 23 lyceer
388 1326 7 18 i
413 1326 156 24 kyrkohistoria,
588 1329 32 15 att
637 1326 157 23 ifrägavarande
811 1325 104 19 läroämne
932 1326 7 17 i

182 1353 75 24 högsta
269 1355 51 22 grad
331 1355 52 18 lider
391 1355 64 22 däraf,
464 1357 30 16 att
503 1355 175 24 undervisningen
688 1355 101 18 meddelas
802 1353 23 25 pä
835 1356 28 16 ett
873 1353 67 24 spräk,

182 1382 80 19 hvilket
280 1383 94 18 eleverna
389 1383 103 24 själffallet
504 1384 72 18 endast
588 1383 120 24 bristfälligt
721 1383 70 18 kunna
803 1383 93 22 begagna
908 1383 31 23 sig

182 1410 27 23 af,
221 1413 52 16 utan
285 1413 32 16 att
334 1411 34 18 det
380 1411 93 25 äsyftade
486 1411 147 24 hufvudmälet,
646 1411 92 24 förmäga
750 1414 30 16 att
791 1411 27 24 pä
831 1411 33 18 det
877 1411 63 18 andra

181 1439 108 18 inhemska
301 1439 83 24 språket
395 1440 75 19 felfritt
482 1441 38 18 och
532 1441 91 23 flytande
636 1441 65 18 uttala
713 1441 44 17 sina
769 1440 80 22 tankar,
862 1439 77 19 ändock

182 1467 78 18 vinnes.
285 1468 32 18 En
335 1468 87 18 sålunda
440 1469 106 18 bedrifven
564 1469 149 23 undervisning
731 1469 98 17 försätter
840 1469 99 17 läraren
930 1463 14 33 i

181 1501 26 13 en
225 1496 141 23 kontinuerlig
384 1497 80 23 pinsam
482 1497 153 23 pliktkollision,
648 1501 49 15 enär
709 1498 46 22 han,
768 1497 7 18 i
787 1497 97 18 händelse
896 1496 42 18 han
