1053 1739
378 224 112 26 Motion.

126 306 103 36 Borg.st.
661 312 42 22 N:o
719 312 21 21 1.

206 658 49 18 Till
277 658 142 22 Vällofliga
442 658 225 24 Borgareständet.

127 732 67 26 Enligt
210 733 25 19 33
253 734 10 22 $
279 733 5 19 i
301 733 140 25 förordningen
457 739 31 13 om
504 733 119 25 näringarne
638 733 19 19 af
672 733 38 19 den
723 734 25 18 31
761 738 52 14 mars

61 762 59 24 1879,
137 761 83 26 jämförd
242 762 44 19 med
308 762 9 19 7
336 762 9 23 $
363 762 5 19 i
384 762 141 25 förordningen
540 761 104 25 angående
659 761 65 25 skydd
740 762 28 19 för
783 768 30 12 ar-

59 791 66 18 betare
144 791 6 18 i
172 790 24 19 de
216 790 125 19 industriella
361 791 74 24 yrkena
451 791 19 18 af
485 791 39 18 den
542 791 24 18 15
583 790 49 25 april
651 791 59 23 1889,
725 790 20 19 få
761 791 53 22 barn,

59 825 41 13 som
122 819 46 24 fyllt
183 819 36 19 tolf
236 818 27 25 år,
279 821 82 22 antagas
378 819 29 19 till
422 819 66 19 arbete
504 819 4 18 i
525 819 123 24 handtverk,
658 825 45 13 men
719 819 22 19 sä
756 819 58 24 länge

58 848 24 19 de
105 849 33 18 äro
159 847 64 20 under
244 848 74 19 femton
339 847 27 24 är,
381 847 43 20 icke
439 847 64 20 hällas
519 847 28 20 till
563 847 127 24 yrkesarbete
704 847 67 25 längre
787 847 28 19 tid

58 879 25 16 än
99 875 40 20 ätta
154 876 79 19 timmar
249 882 30 13 om
296 876 64 25 dagen
376 876 44 19 med
437 876 94 25 lämpliga
542 876 126 19 mellanskof.
692 875 122 20 Sistberörda

58 905 126 24 bestämning
200 905 33 18 har
249 905 102 23 föranledt,
367 906 30 18 att
412 905 46 19 barn
474 905 63 19 under
551 905 74 19 femton
637 904 22 20 år
669 911 73 18 ogerna
752 906 63 18 emot-

60 935 55 23 tagas
135 933 6 19 i
156 933 171 25 handtverkslära,
346 933 82 20 emedan
444 933 24 20 de
484 934 43 19 icke
543 933 66 20 kunna
625 933 62 20 hällas
703 933 29 19 till
749 933 66 19 arbete

59 962 25 25 pä
107 968 74 13 samma
197 962 50 19 tider
264 968 42 13 som
322 962 61 19 andra
399 963 93 18 arbetare.
522 962 30 19 En
568 962 158 25 bekymmersam
743 961 72 26 påföljd

59 991 56 19 häraf
138 993 21 17 är
182 991 37 19 den
241 991 109 23 företeelse,
373 992 29 18 att
424 991 107 19 arbetsföra
547 997 69 18 gossar
631 991 37 19 och
684 991 73 24 flickor,
773 996 42 13 som

59 1019 115 26 genomgätt
197 1019 96 20 folkskola
317 1019 32 19 vid
371 1020 82 24 ungefär
474 1019 71 25 fjorton
567 1019 33 20 ärs
615 1019 60 24 älder,
692 1019 41 20 icke
749 1019 67 19 kunna

60 1048 61 19 vinna
135 1047 66 26 nägon
217 1048 66 25 stadig
298 1048 191 25 yrkesanställning,
505 1050 47 17 utan
568 1048 42 19 dels
627 1048 100 25 tillbringa
744 1048 30 19 sin
787 1047 28 19 tid

59 1077 5 18 i
81 1077 138 24 sysslolöshet,
235 1077 43 19 dels
295 1082 50 19 egna
361 1077 31 24 sig
407 1076 19 19 ät
441 1077 137 24 kolportering
593 1077 19 18 af
627 1077 120 24 tryckalster
763 1082 19 13 m.
794 1082 22 13 m.

60 1107 53 18 samt
135 1107 59 17 annat
218 1105 77 20 mindre
311 1105 128 25 regelbundet
460 1106 73 23 arbete,
549 1105 76 20 hvilket
642 1105 73 20 medför
730 1105 85 19 lefnads-

61 1140 68 18 vanor,
151 1134 24 19 de
194 1134 35 19 der
251 1134 43 19 icke
317 1134 68 19 kunna
407 1140 58 13 anses
481 1134 28 19 för
525 1134 57 19 deras
598 1134 80 19 framtid
694 1133 121 25 förmånliga.

60 1162 31 19 Då
112 1163 33 19 det
165 1163 144 24 yrkesbiträde,
326 1163 79 18 hvartill
420 1163 94 24 lärlingar
529 1163 5 19 i
550 1163 186 24 handtverksyrken
753 1162 64 19 under

61 1191 33 19 det
113 1191 61 20 första
194 1191 43 20 äret
252 1191 59 25 pläga
326 1191 105 24 användas,
447 1191 43 20 icke
505 1193 22 17 är
543 1191 113 25 synnerligt
671 1190 146 25 ansträngande

62 1219 37 20 och
114 1220 57 19 äfven
187 1220 70 19 företer
273 1219 65 26 nägon
351 1220 114 25 omvexling
477 1226 72 19 genom
562 1219 125 20 utsändande
699 1219 26 25 pä
735 1219 82 20 ärender

62 1248 36 19 och
120 1248 70 25 dylikt,
212 1255 48 13 anse
282 1249 18 18 vi
320 1249 33 19 det
368 1249 61 19 andra
444 1250 109 17 momentet
569 1249 5 18 i
591 1249 26 18 33
634 1249 10 23 $
661 1249 19 18 af
696 1248 121 25 näringsför-

62 1277 114 24 ordningen,
200 1279 47 17 utan
268 1277 87 25 ringaste
377 1277 94 24 äfventyr
494 1277 28 20 för
537 1277 37 19 den
591 1277 134 25 uppväxande
741 1276 76 25 ungdo-

62 1311 55 14 mens
136 1305 153 25 hälsotillständ,
305 1306 66 19 kunna
387 1306 100 19 förändras
503 1306 81 24 derbän,
599 1307 30 18 att
644 1306 53 23 barn,
714 1311 42 13 som
772 1305 46 24 fyllt

64 1335 25 18 14
105 1333 27 25 är,
147 1334 51 25 finge
213 1334 63 19 hällas
292 1335 29 18 till
337 1335 189 18 handtverksarbete
537 1334 36 19 tolf
582 1334 78 19 timmar
671 1334 44 19 med
726 1333 93 25 lämpliga

63 1362 123 20 mellanskof.
216 1363 121 24 Härigenom
360 1369 75 13 vunnes
456 1363 39 19 den
515 1363 83 24 förmän,
614 1364 29 18 att
658 1363 52 23 barn,
727 1368 42 13 som
785 1368 33 18 ge-

63 1391 90 25 nomgätt
168 1391 103 24 folkskola,
287 1391 120 20 omedelbart
422 1391 66 20 kunde
504 1391 80 20 beredas
597 1391 122 25 anstälining
731 1391 5 18 i
749 1391 69 24 yrkes-

63 1420 72 24 arbete,
157 1420 75 20 hvilket
254 1420 42 20 helt
319 1420 65 20 säkert
407 1420 64 20 blefve
487 1420 23 20 sä
526 1420 31 19 väl
572 1420 6 19 i
594 1420 112 25 kroppsligt
721 1426 40 13 som
779 1425 40 13 mo-
