1092 1742
232 178 14 20 4
425 178 261 22 Motionsbetänkande
702 178 45 22 N:o
762 177 38 23 10.

233 243 88 19 sternas
336 241 174 21 bestämmande
526 242 44 20 och
586 242 67 20 deras
665 241 126 28 fördelning
801 248 57 14 voro
869 242 124 27 olämpliga

232 276 45 19 och
297 278 33 17 att
350 282 28 14 en
400 276 110 26 reglering
532 276 25 20 af
573 276 53 20 dem
647 282 54 15 vore
717 276 24 20 af
754 276 108 20 behofvet
877 276 114 27 påkallad.

233 309 37 21 Uti
290 309 139 22 Ständernas
449 309 159 28 underdåniga
623 316 54 15 svar
691 310 30 27 på
736 309 175 28 propositionen
926 310 67 21 fram-

232 343 61 21 hölls
306 343 95 27 jämväl,
417 346 32 18 att
466 351 38 13 »en
521 345 52 20 blott
588 344 162 27 lönereglering,
767 344 46 21 icke
825 351 26 14 en
863 344 129 27 förhöjning

232 378 51 20 eller
298 378 129 27 minskning
442 379 28 27 af
482 379 91 20 lönerna
589 379 149 26 öfverhufvud
752 385 31 14 nu
799 379 26 20 är
840 379 95 26 afsedd»>.

301 412 44 21 Till
362 412 55 27 följd
433 413 25 20 af
471 413 140 20 Ständernas
627 412 39 21 vid
681 413 53 20 1882
745 412 38 21 års
794 412 109 27 landtdag
913 413 79 26 gjorda

232 446 158 27 underdåniga
410 447 110 20 anhållan
537 454 38 14 om
592 447 144 27 proposition
751 446 142 21 beträffande
909 453 28 14 en
953 447 39 20 all-

232 482 56 19 män
309 481 111 26 reglering
440 481 26 21 af
484 481 180 28 presterskapets
686 481 108 26 aflöning,
816 481 97 21 hvarvid
929 481 63 21 Stän-

232 515 72 20 derna
324 515 109 21 särskildt
454 515 132 27 framhållit,
605 518 33 18 att
653 515 39 21 vid
707 515 150 21 utarbetande
873 515 25 20 af
910 522 82 21 propo-

232 549 98 21 sitionen
352 550 106 21 afseende
479 550 71 21 borde
566 550 71 21 fästas
653 549 18 28 ej
689 549 89 21 mindre
795 549 62 27 därå,
873 552 32 18 att
920 550 71 26 billig-

232 583 68 21 heten
316 586 77 25 syntes
409 584 77 21 fordra
502 587 32 18 att
549 584 135 21 industriela
700 584 62 26 verk,
777 584 69 26 bolag
861 584 44 21 och
920 584 71 21 landt-

232 618 133 21 handlande
384 618 87 27 jämväl
492 619 72 20 borde
584 619 90 26 deltaga
696 619 7 20 i
724 618 98 21 berörda
837 619 108 26 aflöning,
961 620 29 19 än

231 652 39 20 vid
286 652 38 21 det
338 653 145 26 synnerligen
499 653 125 27 olämpliga
637 655 50 24 sätt,
699 653 88 27 hvarpå
798 653 192 27 prestaflöningen

231 686 7 21 i
255 682 145 25 Österbotten
417 688 44 20 och
476 687 30 28 på
521 681 75 27 Åland
611 687 124 27 utgjordes,
748 687 49 20 blef
805 694 32 20 ny
847 687 143 27 proposition

231 721 7 20 i
258 722 78 19 ämnet
357 721 100 27 förelagd
480 723 54 20 1885
557 722 36 21 års
615 722 161 21 ständermöte.
808 722 181 27 Propositionen,

231 762 51 13 som
297 762 41 13 var
354 756 113 27 uppgjord
483 756 7 20 i
506 756 165 27 hufvudsaklig
686 757 237 20 öfverensstämmelse
938 756 52 21 med

231 789 44 20 den
291 789 34 21 till
343 790 140 21 1877—1878
499 791 66 20 årens
581 790 110 27 landtdag
707 790 92 26 aflåtna,
816 790 102 21 innehöll
934 790 7 21 i
955 791 35 26 18

230 823 186 28 bestämningen:
450 825 95 26 »Hvarje
568 825 135 26 församling
721 831 53 14 vare
790 825 79 26 pligtig
884 827 32 18 att
931 825 59 20 förse

232 857 38 21 sitt
290 859 145 26 presterskap
457 859 52 20 med
530 865 27 14 en
580 859 55 20 efter
651 858 215 26 embetsbefattning
882 859 44 19 och
941 858 50 20 där-

231 892 53 20 med
306 892 108 21 förenade
436 892 135 27 åligganden
587 893 94 27 lämpad
697 892 122 27 aflöning».
850 892 43 20 Vid
909 899 82 20 propo-

232 926 110 21 sitionens
365 926 141 27 behandling
528 927 25 20 af
575 927 56 26 Lag-
646 927 44 21 och
709 926 228 21 Ekonomiutskottet
952 926 37 20 vid

232 960 54 20 1885
311 960 37 21 års
371 961 109 26 landtdag
503 961 120 21 anmärkte
646 961 110 21 utskottet
778 960 98 21 rörande
897 960 93 28 nyssbe-

230 994 69 20 rörda
315 995 132 26 stadgande,
464 998 32 18 att
510 995 129 21 detsamma
655 1002 53 14 vore
725 996 25 20 så
766 995 130 21 obestämdt
911 997 32 18 att
953 995 37 20 det

230 1028 50 21 icke
303 1030 83 20 uteslöt
409 1029 159 27 »möjligheten
590 1030 25 20 af
634 1036 28 14 en
685 1030 72 20 sådan
776 1029 112 26 tolkning,
904 1032 32 18 att
951 1029 38 21 vid

230 1063 139 26 regleringen
385 1066 62 24 tages
464 1064 72 20 under
550 1064 168 26 öfvervägande
733 1064 45 20 den
794 1070 43 14 ena
853 1064 54 20 eller
917 1063 72 21 andra

230 1099 103 25 prestens
356 1098 214 26 embetsbefattning
593 1098 44 20 och
656 1098 95 20 därmed
767 1098 108 20 förenade
891 1097 98 27 åliggan-

229 1131 45 21 den
291 1134 60 18 samt
366 1134 32 18 att
413 1132 130 26 aflöningen
559 1132 47 20 kan
623 1132 44 21 och
682 1132 43 21 bör
739 1132 142 20 bestämmas
891 1134 56 18 utan
959 1132 30 20 af-

230 1165 82 21 seende
335 1166 14 20 å
371 1166 62 20 hvad
456 1166 44 21 den
522 1166 113 21 tillförene
653 1166 104 27 utgjort».
789 1166 114 20 Utskottet
918 1166 70 26 ansåg

229 1199 78 21 därför
326 1200 44 20 och
392 1200 35 20 för
446 1203 32 18 att
498 1200 131 28 «förebygga
645 1201 117 27 otydlighet
777 1200 94 21 rörande
887 1200 100 27 reglerin-

228 1240 53 20 gens
302 1234 114 25 ändamål,
436 1242 46 13 som
499 1235 27 27 ju
547 1235 53 20 blott
619 1236 26 19 är
665 1235 182 27 uppbördssättets
863 1234 125 28 förenkling

228 1269 60 19 sami
302 1268 139 27 aflöningens
451 1269 106 27 jämnare
571 1269 125 27 fördelning
709 1270 31 26 på
757 1268 122 28 löngifvare
889 1268 41 20 och
941 1269 46 20 lön-

228 1303 96 25 tagare»,
340 1302 79 26 nödigt
434 1305 32 18 att
477 1303 121 27 uttrycklig
608 1303 146 27 bestämning
765 1303 7 20 i
783 1302 162 27 författningen
956 1302 32 21 in-

228 1336 66 26 ginge
316 1336 88 27 därom,
423 1339 45 19 »att
483 1338 169 26 presterskapet
667 1338 6 20 i
689 1337 79 27 hvarje
785 1337 134 26 församling
934 1344 53 14 vore

228 1370 36 20 för
286 1370 122 22 framtiden
432 1372 104 26 tryggadt
557 1372 39 20 vid
620 1371 134 27 åtnjutande
776 1372 25 20 af
821 1371 101 26 aflöning
937 1371 50 21 från

228 1404 172 27 församlingen,
421 1405 33 21 till
478 1406 107 26 beloppet
607 1406 52 20 fullt
682 1406 162 20 motsvarande
860 1405 61 21 hvad
937 1406 50 20 här-

227 1438 72 21 intills
315 1439 6 20 i
338 1439 82 20 sådant
436 1440 105 20 afseende
557 1440 91 25 erlagts;
664 1446 53 14 men
733 1440 53 20 med
802 1439 106 21 afseende
925 1440 13 20 å
954 1440 33 20 så-

227 1472 38 20 väl
286 1473 63 20 sättet
367 1473 35 20 för
420 1473 76 21 denna
512 1473 112 27 aflönings
640 1473 126 27 utgörande
783 1480 50 15 som
849 1473 47 21 dess
910 1473 77 28 fördel-

296 1517 49 22 Lag-
358 1517 32 18 och
402 1517 183 19 Ekonomiutskottets
597 1518 111 18 betänkande
720 1519 38 17 N:o
770 1518 29 19 16.
