1056 1734
819 120 10 20 3

103 184 77 27 neborg
194 190 74 19 genom
282 183 108 27 Peipohja,
405 184 75 20 mellan
495 184 145 20 Kristinestad
663 184 38 19 och
716 184 57 20 Vasa
787 189 73 19 genom

104 212 120 26 Östermyra
234 212 83 24 station,
328 212 76 20 mellan
415 212 56 20 Vasa
482 213 39 19 och
531 212 162 26 Gamlakarleby
703 219 73 19 genom
785 218 76 13 samma

104 241 76 19 station
194 248 18 13 0.
229 248 15 13 s.
260 248 20 13 v.
310 242 48 19 Men
374 241 29 20 alt
417 241 33 20 för
464 242 61 25 länge
544 242 42 19 kan
601 244 30 17 ett
647 241 68 26 dylikt
730 240 127 20 missförhäl-

103 270 59 20 lande
178 270 102 26 klarligen
295 270 19 26 ej
329 270 66 20 blifva
410 270 119 24 bestäende,
545 270 38 20 och
598 270 56 20 hvad
668 276 44 14 som
723 269 136 26 ovilkorligen

104 298 54 20 inom
180 298 106 26 möjligast
308 306 61 12 snara
392 298 85 20 framtid
499 299 82 20 fordrar
596 298 135 26 afhjälpande
747 302 22 16 är
785 298 76 20 sädana

103 328 118 19 vidsträkta
230 328 116 19 kustorters
357 327 134 27 förbindning
502 328 47 20 med
560 330 105 18 närmaste
676 328 64 19 redan
750 327 112 20 bestående

101 356 118 26 jernvägar,
242 356 71 20 hvilka
334 360 36 21 äro
385 356 7 20 i
407 356 125 26 fullständig
555 356 102 20 afsaknad
675 356 61 20 däraf
749 356 38 20 och
801 356 61 19 hvar-

104 384 54 20 ifrån
172 392 48 13 man
234 384 32 20 för
281 386 122 25 uppnäende
423 385 24 19 af
460 388 104 17 närmaste
577 385 90 26 jernväg
681 385 38 19 har
736 387 31 18 att
781 384 80 26 tillryg-

104 414 87 25 galägga
206 414 66 19 miltal
287 414 47 19 med
349 414 54 19 häst.

172 443 32 19 En
227 442 65 20 sädan
314 442 95 20 landsdel
430 443 58 19 bilda
510 443 64 19 bland
596 442 65 20 andra
677 442 109 25 samteliga
808 444 55 17 orter

104 471 86 20 emellan
204 465 46 26 Äbo
266 471 38 20 och
320 471 79 20 Raumo
411 471 76 20 städer.
513 471 38 20 Om
559 471 140 26 nägonstädes
710 471 7 19 i
729 471 70 20 landet
809 470 54 20 folk-

104 500 93 19 tätheten
216 503 22 16 är
254 503 43 16 stor
312 500 39 20 och
366 500 97 25 odlingen
478 501 51 24 högt
544 499 133 27 uppdrifven,
694 501 23 18 sä
733 503 22 16 är
770 500 35 19 det
818 499 45 26 just

104 529 43 24 här,
164 529 38 20 och
217 529 57 20 detta
289 529 23 19 af
325 529 63 20 ålder.
413 529 46 19 Här
474 529 137 20 förekommer
622 529 63 19 också
697 529 70 19 därför
778 535 25 13 en
813 535 49 19 gan-

104 557 38 20 ska
156 557 52 26 liflig
223 558 46 19 icke
290 557 54 20 blott
366 558 63 24 lokal,
451 560 51 17 utan
526 557 61 20 äfven
610 557 153 26 genomgående
778 557 83 24 rörelse,

104 586 84 20 hvarom
203 587 51 19 hvar
270 587 38 19 och
323 593 31 18 en,
371 593 43 13 som
429 586 81 20 färdats
525 587 8 18 i
548 587 61 19 dessa
624 587 86 23 trakter,
727 586 38 19 lätt
780 586 41 19 kan
832 585 30 20 öf-

90 620 2 2 *
104 618 86 23 vertyga
205 615 39 26 sig.
274 615 125 20 Densamma
422 615 97 26 betingas
534 615 134 26 naturligtvis
683 615 7 19 i
706 615 87 20 främsta
808 621 54 13 rum-

104 647 41 16 met
160 644 23 20 af
196 647 70 17 ortens
278 644 153 25 jämförelsevis
443 647 56 17 stora
510 644 163 24 trafikeentrum,
684 638 47 25 Åbo
742 644 53 19 stad.
821 643 41 20 Rö-

104 673 67 20 relsen
186 673 38 20 och
239 673 145 26 lifaktigheten
400 673 110 20 härstädes
520 673 70 19 kunna
600 676 93 17 närmast
702 673 104 19 likställas
817 672 46 19 med

104 701 46 24 den,
166 709 43 12 som
226 708 48 19 eger
288 709 44 12 rum
348 702 6 19 i
369 701 141 26 Helsingfors”
527 701 89 26 omnäjd,
633 701 86 26 specielt
734 701 7 20 i
754 701 109 20 kustsock-

104 737 64 13 narna
190 731 139 25 däromkring.
358 730 48 20 Men
429 737 26 12 en
469 731 88 25 jernväg
579 737 74 19 genom
669 731 6 18 i
690 730 61 26 fråga
773 730 90 19 varande

104 759 94 20 landsdel
213 759 37 20 har
265 765 25 13 en
305 759 80 20 kanske
407 762 56 16 ännu
486 762 66 17 större
576 759 107 26 betydelse
706 759 51 24 däri,
777 761 31 17 att
823 759 40 19 den

103 787 69 20 blefve
187 795 25 12 en
228 787 68 20 direkt
318 787 136 26 fortsättning
469 787 24 20 af
505 788 118 19 kustbanan
638 788 32 19 till
685 788 75 25 Hangö
777 788 37 19 och
831 788 32 19 så-

104 816 56 20 ledes
167 816 33 20 för
207 817 117 19 vidsträkta
333 819 55 17 orter
395 823 84 13 norrom
486 811 47 25 Åbo
542 817 38 19 och
585 817 131 25 Björneborg
722 817 95 25 öppnade
823 816 40 19 den

103 845 93 20 kortaste
210 849 41 22 väg
266 845 32 20 till
313 845 81 20 landets
409 845 138 20 vinterhamn.
570 845 30 20 På
615 846 68 25 grund
698 845 23 20 af
730 845 35 20 det
777 845 87 20 anförda

104 874 38 20 och
157 881 43 13 som
215 868 46 26 Åbo
277 875 38 19 och
329 874 142 26 Björneborgs
486 874 35 20 län
541 874 130 20 beträffande
686 874 35 20 km
734 874 89 26 jernväg
839 881 24 18 pr

104 903 54 19 areal
173 906 54 17 ännu
242 906 15 16 t.
273 910 18 13 o.
306 910 27 13 m.
349 903 52 20 efter
423 903 157 20 fullbordandet
603 903 22 19 af
643 898 234 24 Äbo—Karis-banan
870 894 10 39 '

104 931 66 21 skulle
192 932 82 20 komma
288 934 32 18 att
335 933 32 19 stä
383 931 52 20 efter
453 932 102 25 Nylands,
571 932 129 20 Tavastehus
716 932 39 19 och
771 932 91 24 Viborgs

103 960 41 25 län,
159 961 64 25 vägar
236 962 36 24 jag
286 960 86 26 utbedja
387 960 42 26 mig
444 960 106 26 vällofliga
570 961 183 25 borgareständets
768 961 95 25 benägna

103 990 125 19 medvärkan
243 990 33 19 till
291 996 26 13 en
331 989 130 26 underdänig
477 990 173 25 ständerpetition
665 990 7 19 i
688 990 35 19 det
738 989 65 26 syfte:

308 1043 29 18 att
348 1042 28 24 pä
390 1042 127 19 statsvärkets
532 1042 101 19 bekostnad
647 1042 60 19 måtte
723 1042 95 19 anställas
833 1041 28 19 in-

239 1071 113 27 strumental
374 1070 140 25 undersökning
536 1070 33 24 för
591 1071 96 24 byggande
705 1071 25 24 af
747 1077 21 13 en
779 1071 82 23 jernväg

240 1099 46 24 från
300 1100 40 19 Abo
356 1105 67 19 genom
439 1099 76 25 Nystad
531 1100 29 18 till
574 1099 77 20 Raumo
667 1100 46 19 eller
729 1100 61 24 någon
801 1099 61 24 lämp-

241 1128 26 24 lig
277 1128 180 25 anslutningspunkt
465 1128 28 24 pä
503 1128 103 25 sydligaste
616 1128 53 20 delen
679 1128 25 24 af
714 1128 147 20 Raumo-vanan

240 1158 51 18 samt
311 1157 57 25 nädig
390 1157 113 25 propostion
526 1163 30 13 om
571 1164 22 12 en
607 1157 62 19 sädan
691 1158 59 18 banas
765 1156 96 26 byggande

240 1186 109 24 Töreläggas
364 1186 51 24 först
429 1186 182 20 sammanträdande
629 1186 86 19 Ständer.

172 1236 132 26 Helsingfors
320 1236 39 20 den
376 1237 11 19 5
403 1237 102 19 Februari
523 1238 60 18 1897.

405 1277 34 21 Th.
455 1277 103 28 Tallgvist.

171 1317 78 19 Härom
264 1317 72 20 förena
352 1317 43 26 sig:

171 1357 56 21 Ferd.
242 1356 95 23 Juselius.
409 1357 21 21 A.
447 1357 114 27 Stigzelius.
633 1357 20 22 E.
671 1357 122 22 Dahlström.

170 1385 20 22 A.
208 1385 82 22 Kumlin.
407 1385 21 22 V.
445 1386 110 21 Forselius.
633 1387 19 21 A.
668 1386 95 21 Juselius.

386 1414 14 22 J.
417 1415 20 21 V.
453 1415 120 22 Söderlund.
