1075 1748
309 182 279 23 Petitionsbetänkande
603 182 40 23 N:o
659 182 38 22 28.

421 623 183 22 Allmänna
649 623 230 28 petitionsut-

340 659 155 22 skottets
523 659 139 28 förslag
690 659 40 22 till
760 665 119 16 samman-

338 695 133 28 jämkning
494 695 27 22 af
541 695 119 22 Ständens
680 694 143 29 skiljaktiga
838 695 40 21 be-

341 731 49 22 slut
406 731 9 22 i
431 731 87 28 frågan
529 737 40 16 om
580 731 133 22 Utskottets
724 730 155 23 betänkande

341 767 45 23 N:o
413 767 27 22 18
467 767 56 22 med
549 767 137 27 anledning
708 767 28 22 af
756 767 91 22 tvänne
870 766 9 21 i

342 802 180 29 Ridderskapet
537 803 47 22 och
600 803 78 22 Adeln
692 803 62 22 samt
764 802 115 27 Borgare-

342 839 96 22 ståndet
468 839 99 27 ingifna
596 839 213 28 petitionsförslag
840 843 39 17 om

342 875 113 27 åtgärder
470 874 41 23 för
527 874 196 29 kyrkoarkivens
736 873 143 29 skyddande

341 911 52 22 mot
407 910 153 23 förstörelse.

198 1014 74 26 Enligt
287 1014 59 20 hvad
356 1014 111 20 Utskottet
475 1014 191 20 tillhandakomna
677 1014 201 26 protokollsutdrag

127 1050 36 19 vid
187 1050 89 20 handen
300 1050 59 26 gifva
383 1050 66 20 hafva
473 1050 100 20 Ständen
593 1050 36 20 vid
645 1050 198 26 handläggningen
858 1050 24 20 af

129 1085 151 21 ofvannämda
295 1086 140 20 betänkande
451 1086 65 20 fattat
531 1086 98 25 följande
645 1086 80 20 beslut:

200 1121 161 27 Ridderskapet
377 1122 37 20 och
431 1122 71 20 Adeln
526 1122 41 20 har
583 1122 50 20 med
650 1122 141 20 förkastande
807 1122 24 20 af
845 1122 34 20 be-

127 1157 122 20 tänkandet
272 1157 102 20 omfattat
397 1163 28 15 en
449 1158 91 24 petition
564 1157 24 20 af
609 1157 97 25 följande
730 1157 94 26 lydelse:
849 1159 32 18 att

127 1192 62 20 Hans
212 1193 124 25 Kejserliga
360 1193 104 25 Majestät
487 1193 52 20 ville
563 1195 52 23 taga
638 1193 7 19 i
669 1192 163 26 öfvervägande
852 1195 28 23 pä

126 1229 59 19 hvad
208 1229 43 20 sätt
266 1229 86 20 landets
369 1229 133 25 kyrkoarkiv
519 1230 41 19 och
577 1229 69 20 andra
662 1229 74 20 lokala
751 1229 62 20 arkiv
830 1229 49 20 med

125 1264 101 26 offentlig
241 1266 65 18 natur
317 1265 72 20 kunde
405 1265 71 20 bättre
496 1265 28 20 än
541 1265 99 20 härintils
656 1265 96 26 skyddas
769 1267 46 18 mot
838 1265 41 20 för-

126 1301 92 20 störelse
242 1301 41 19 och
304 1301 65 25 göras
393 1301 138 25 tillgängliga
555 1301 33 20 för
611 1301 116 26 forskning
751 1303 57 18 samt
832 1301 46 19 där-

127 1336 55 21 efter
206 1337 51 20 med
280 1337 37 20 det
340 1337 68 20 första
432 1337 90 26 vidtaga
546 1337 26 20 de
589 1337 109 26 ätgärder,
714 1343 48 14 som
778 1337 7 20 i
801 1337 79 20 sädant

126 1372 58 25 syfte
200 1373 100 20 befinnas
316 1379 53 14 vara
385 1373 129 25 päkallade;
539 1373 114 20 äfvensom
670 1375 32 18 att
717 1373 62 20 Hans
795 1373 85 24 Kejser-

126 1409 45 24 liga
194 1409 105 24 Majestät
314 1409 51 20 ville
381 1409 89 26 vidtaga
487 1409 77 26 åtgärd
582 1409 90 23 därhän,
690 1411 32 18 att
737 1409 26 20 de
780 1409 6 19 i
802 1409 78 25 kyrko-

126 1445 92 20 arkiven
235 1445 113 25 befintliga
365 1451 15 14 s.
393 1445 20 19 k.
426 1445 244 20 ministerialböekerna
686 1445 55 20 intill
750 1447 24 18 är
786 1447 53 18 1800
852 1445 28 19 ad

126 1480 88 20 interim
230 1480 167 26 öfverflyttades
413 1481 32 19 till
461 1481 107 20 Finlands
584 1481 122 20 statsarkiv.

198 1527 108 18 Allmänna
316 1527 181 23 petitionsutskoitets
511 1527 117 18 betänkande
641 1527 37 18 N:o
691 1527 28 19 18.
