1056 1734
180 222 120 24 Betydelsen
322 222 21 19 af
365 222 65 19 denna
454 222 21 19 af
497 222 39 24 mig
560 222 113 24 föreslagna
688 222 116 24 tvågreniga
818 221 52 19 bana

110 250 62 24 ligger
195 250 60 20 likväl
274 250 135 24 förnämligast
425 251 50 23 deri,
491 254 29 16 att
536 251 113 19 densamma
664 250 64 20 skulle
744 250 21 20 åt
781 256 23 14 en
821 252 49 21 stor,

110 279 74 19 folkrik
205 279 36 19 och
264 279 71 24 bördig
356 280 55 18 trakt
434 279 90 19 medföra
544 280 126 23 möjligheten
686 279 31 19 till
733 285 23 13 en
773 278 96 20 snabbare

111 308 119 22 utveckling.
260 307 74 20 Genom
351 310 30 17 att
395 308 151 20 sammanbinda
562 308 117 20 Vasabanan
696 308 25 24 på
737 313 72 14 samma
819 308 51 23 gång

111 336 44 19 med
170 336 96 20 Savolaks
277 336 37 20 och
323 337 131 19 Riihimäki—
460 336 29 20 S:t
495 336 197 25 Petersburgsbanan
704 336 77 20 komme
792 336 38 19 den
840 337 30 18 att

111 364 75 20 erhålla
209 371 23 13 en
255 367 42 17 stor
323 366 100 23 betydelse
445 365 32 19 för
496 368 72 17 nästan
588 366 45 19 hela
652 366 75 22 landet,
746 367 49 17 enär
810 364 60 20 den
859 360 16 34 i

112 394 113 23 betydande
247 394 44 18 mån
307 394 76 19 komme
400 397 29 16 att
445 394 92 19 förkorta
552 396 62 22 vägen
630 394 44 20 från
690 394 46 19 hela
752 395 66 17 vestra
832 392 37 20 och

110 422 117 20 nordvestra
243 422 84 20 Finland
343 422 30 20 till
389 422 96 20 Savolaks
502 423 38 19 och
555 423 30 19 till
602 425 55 17 östra
673 423 36 19 och
720 422 93 24 sydöstra
822 421 48 19 Fin-

110 450 48 20 land
180 451 37 19 och
233 451 84 19 sålunda
331 451 76 19 komme
423 454 30 17 att
469 454 77 17 ersätta
560 452 75 19 bristen
651 452 27 24 på
693 457 24 13 en
734 451 60 19 redan
812 450 57 24 länge

109 479 105 24 ifrågasatt
229 480 252 24 sammanbindningsbana.
511 480 52 20 Dess
578 481 102 23 betydelse
696 486 59 18 synes
770 480 38 22 mig
823 480 6 18 i
846 484 24 14 en

110 508 109 24 aflägsnare
235 508 80 20 framtid
330 508 78 20 komma
424 512 29 16 att
471 508 61 20 blifva
548 511 51 18 ännu
616 511 72 21 större,
704 511 49 17 enär
764 508 34 19 det
810 508 60 23 enligt

110 537 39 19 min
172 537 60 19 tanke
255 540 22 16 är
299 537 106 24 själffallet,
429 540 30 17 att
481 538 65 19 banan
568 538 44 19 med
636 538 54 19 tiden
706 537 104 19 fortsättes
826 536 42 20 från

110 566 107 24 Jyväskylä
240 569 69 16 norrut
330 566 30 19 till
383 566 96 20 närheten
503 566 22 20 af
546 567 106 23 Ylivieska,
674 566 51 20 Sievi
742 566 48 19 eller
805 565 65 24 någon

111 600 64 14 annan
195 595 34 19 vid
245 592 323 27 Östermyra
369 588 13 35 —
392 592 176 27 Uleäborgsbanan
584 596 83 23 belägen
684 596 80 22 station,
781 600 41 14 som
838 594 31 19 vid

110 629 24 13 en
150 623 94 19 framtida
259 624 149 23 undersökning
423 624 40 19 kan
479 624 89 19 befinnas
583 624 88 24 lämplig.

177 652 30 19 På
221 652 63 24 grund
300 652 21 19 af
335 653 24 18 de
375 652 22 19 af
410 653 39 23 mig
465 652 119 20 framhällna
600 653 50 21 skäl,
666 652 62 24 vågar
742 652 34 24 jag
786 651 83 20 sålunda

110 680 100 20 vördsamt
233 681 85 23 anhälla,
335 684 29 16 att
379 681 34 19 det
428 682 125 18 hedervärda
568 682 152 19 Bondeständet
735 680 46 20 ville
797 680 72 19 under-

110 709 65 24 stödja
190 714 24 14 en
225 710 90 25 petition,

315 769 38 22 att,
372 769 77 25 genast
477 767 54 27 efter
556 767 34 21 det
613 765 254 29 Keuru—Jyväskylä—

249 794 174 22 Suolahtibanan
440 795 74 27 blifvit
525 795 139 27 fullbordad,
676 796 66 20 måtte
753 795 79 27 byggas
843 801 24 13 en

240 823 111 27 jernbana
363 824 59 27 från
437 824 124 28 Jyväskylä
572 824 50 21 stad
630 831 76 21 genom
719 822 149 24 Leivonmäki,

243 852 86 25 Joutsa,
352 852 96 21 Hartola
472 852 38 21 och
536 853 76 28 Sysmä
635 852 94 22 socknar
744 854 56 19 samt
816 851 52 21 Hei-

245 881 52 20 nola
320 881 50 21 stad
385 882 35 20 till
437 881 84 21 trakten
539 883 31 26 af
582 881 78 22 Lahtis
675 882 81 21 station
772 881 36 20 vid
822 880 46 21 Rii-

246 909 145 22 himäki—S:t
401 910 145 28 Petersburgs
557 911 95 27 jernväg
663 913 57 18 samt
726 910 60 27 från
798 909 71 27 sagda

245 940 40 25 väg
302 945 25 14 en
343 938 80 21 bibana
435 939 59 27 frän
511 939 85 21 trakten
613 940 30 23 af
654 939 80 21 Joutsa
750 938 68 27 kyrka
834 937 35 21 till

246 967 104 21 närheten
373 967 30 28 af
424 967 145 28 Mäntyharju
592 969 81 20 station
697 968 37 20 vid
754 966 115 22 Savolaks-

248 995 83 26 banan;
347 996 112 27 äfvensom
475 999 32 18 att
525 997 123 20 Ständerna
663 997 69 20 redan
743 996 36 21 vid
789 1002 29 14 nu
827 995 43 27 pä-

245 1024 82 27 gäende
348 1025 107 27 landtdag
471 1025 66 20 mätte
552 1025 78 27 bevilja
646 1025 76 27 nödigt
738 1025 77 27 anslag
828 1023 42 28 för

243 1052 139 28 Ppälörjande
398 1054 31 27 af
441 1053 193 28 byggnadsarbetet
654 1054 36 21 vid
706 1053 82 21 nämda
805 1053 63 20 bana.

177 1109 132 26 Helsingfors,
325 1112 37 19 den
379 1111 12 20 8
407 1111 88 20 februari
513 1111 61 20 1897.

621 1168 56 23 A.F.
694 1168 105 24 Danielson.

468 1207 73 30 August
557 1208 80 24 Feliman
653 1210 81 20 förenar
750 1210 29 24 sig
794 1210 74 19 härom.

247 1457 110 23 Helsingfors
369 1459 51 17 1897.
445 1459 111 23 Helsingfors
570 1460 153 23 Centraltryckeri.
