1070 1745
862 161 10 20 7

124 234 71 21 denna
210 233 61 22 åsikt
286 233 108 28 förtjänar
409 233 71 22 likväl
495 233 68 27 något
578 232 132 28 beaktande,
725 232 91 22 emedan
832 231 42 22 den

125 270 110 27 uppbäres
249 269 48 27 just
312 269 24 22 af
350 269 42 22 den
408 269 36 22 del
460 269 25 22 af
498 268 77 28 folket,
593 275 45 15 som
654 269 7 20 i
677 267 94 22 främsta
781 270 94 19 rummet

124 306 164 27 upprätthåller
299 305 26 22 de
336 305 67 28 djupa
411 305 76 22 ledens
496 305 85 27 sedliga
589 304 67 28 kraft,
665 303 145 23 hvarförutan
818 303 57 22 intet

125 341 46 22 folk
184 342 7 21 i
203 341 94 22 världen
311 341 45 22 kan
366 341 104 22 existera.
496 341 79 27 Enligt
585 341 72 21 denna
667 341 61 21 åsikt
738 342 25 19 är
774 340 38 21 det
822 342 53 19 mot-

127 378 110 27 bjudande
253 379 33 20 att
301 378 101 22 använda
417 377 49 22 med
481 377 82 22 folkets
581 379 59 20 svett
656 377 41 22 och
707 376 62 22 möda
779 375 95 22 förvärf-

127 414 57 22 vade
207 414 72 21 medel
298 413 34 22 för
346 413 155 27 inrättningar,
518 413 89 22 hvilkas
622 413 117 27 betydelse
753 413 9 20 i
777 412 43 21 den
836 411 44 22 all-

126 452 79 19 männa
228 450 141 27 bildningens
392 449 70 28 tjänst
482 449 113 22 härintills
618 449 60 22 varit
700 448 80 23 tvifvel
796 447 79 22 under-

128 485 85 22 kastad.
246 485 51 22 Men
320 486 27 21 då
363 486 96 21 svenska
474 487 88 20 teatern
577 485 145 22 härförinnan
738 491 78 21 genom
832 483 43 22 för-

128 521 96 28 månliga
239 522 38 21 lån
293 521 141 22 understödts
450 521 25 22 af
488 523 80 26 staten,
587 521 88 21 fordrar
698 520 177 27 konsekvensen,

128 559 33 20 att
176 558 67 21 också
259 558 42 21 den
317 557 71 22 finska
403 557 152 28 understödes,
572 557 40 22 och
628 556 76 22 därför
717 559 26 19 är
754 563 27 15 en
791 558 85 25 vägran

127 600 90 15 numera
235 594 50 21 icke
301 593 81 28 möjlig,
398 593 48 22 ifall
462 600 49 15 man
526 593 51 22 icke
591 593 41 22 vill
646 593 58 27 begå
720 599 27 16 en
763 592 114 27 uppenbar

130 631 108 21 orättvisa
261 631 44 20 mot
328 630 42 21 den
394 630 71 21 finska
487 631 94 20 teatern.
613 629 44 22 Det
675 629 98 22 återstår
789 628 87 22 således

129 672 29 15 nu
173 666 79 22 endast
267 666 142 27 möjligheten
425 668 33 19 att
472 665 76 22 fordra
563 666 38 21 det
616 665 122 27 Styrelsen,
755 665 28 26 på
796 670 81 16 samma

128 703 59 26 gång
202 702 43 22 den
261 708 40 21 ger
316 703 110 21 materielt
442 702 120 22 understöd
578 702 23 21 åt
624 703 95 26 teatern,
743 701 67 22 äfven
833 699 43 22 för-

130 738 66 22 söker
218 745 58 20 noga
291 739 57 21 vaka
364 738 103 22 däröfver
482 740 33 19 att
531 738 83 21 dennas
629 737 183 27 föreställningar
827 736 50 21 icke

130 774 50 21 såra
203 774 123 27 sanningen
346 775 40 20 och
407 774 144 27 sedligheten,
568 774 77 22 hvilka
660 773 68 22 äfven
745 773 36 22 för
804 773 73 21 staten

131 812 79 25 utgöra
233 810 38 21 det
293 810 63 21 bästa
378 810 55 21 stöd.
466 810 46 21 Och
536 810 61 21 detta
612 809 165 22 öfvervakande
792 809 41 21 bör
849 808 28 21 då

129 846 140 21 konsekvent
284 846 126 21 utsträckas
433 846 35 21 till
491 846 44 21 alla
559 846 26 21 de
608 847 92 24 teatrar,
724 851 45 16 som
792 844 86 27 åtnjuta

130 881 184 27 statsunderstöd,
334 882 122 21 oberoende
481 881 24 22 af
527 882 112 21 olikheten
662 881 7 21 i
694 881 74 27 språk.
800 880 78 21 Denna

131 916 90 22 fordran
237 917 63 21 torde
315 917 50 22 icke
380 924 53 15 vara
449 917 83 27 obillig,
548 920 24 24 ty
589 917 37 22 det
636 919 26 19 är
670 917 25 27 ju
707 919 85 19 statens
802 917 75 20 natur-

131 953 45 27 liga
191 952 108 28 rättighet
314 955 33 20 att
363 952 120 23 öfvervaka
499 953 43 22 alla
558 953 70 22 under
643 953 126 22 densamma
782 952 96 27 lydande

128 989 162 26 inrättningars
315 989 142 22 värksamhet
483 991 85 20 ensamt
590 989 28 27 på
642 989 42 22 den
708 989 71 27 grund
802 990 34 19 att
852 988 26 21 de

133 1025 85 27 åtnjuta
233 1026 85 20 statens
335 1025 79 27 skydd.

200 1060 33 21 På
248 1061 72 26 grund
336 1060 24 22 af
374 1061 37 21 det
426 1061 92 22 anförda
533 1061 70 27 vågar
616 1061 38 27 jag
670 1061 83 22 föreslå
776 1063 34 19 att
832 1061 46 20 lan-

132 1096 48 22 dets
203 1096 125 28 Höglofliga
352 1096 94 23 Ständer
465 1097 68 22 måtte
549 1097 77 22 förena
642 1097 34 27 sig
693 1103 34 16 om
742 1103 28 16 en
786 1097 93 26 petition

131 1132 84 22 därhän

415 1177 32 20 att
469 1177 135 26 Regeringen
626 1175 67 22 måtte
717 1176 75 26 bevilja
814 1177 66 20 stats-

346 1212 121 21 understöd
479 1213 39 26 för
533 1213 48 26 nytt
597 1212 110 27 tidsenligt
722 1212 42 21 hus
775 1211 24 22 åt
807 1211 73 26 finska

344 1249 84 20 teatern
442 1249 9 20 i
465 1248 141 27 Helsingfors
621 1249 59 20 samt
693 1248 121 27 framdeles
824 1247 56 21 vaka

347 1283 104 27 däröfver
466 1285 32 20 att
513 1284 37 21 vid
560 1285 128 20 teatrarnas
696 1283 184 27 föreställningar

346 1320 96 26 sanning
457 1320 39 20 och
511 1319 103 27 sedlighet
628 1319 44 21 icke
687 1319 105 21 kränkas.

622 1396 15 22 J.
653 1396 20 22 V.
690 1396 118 22 Vartiainen.
