1092 1739
442 196 84 25 Förslag
545 196 29 19 till
591 195 115 25 förordning
722 195 94 25 angående
832 195 139 24 inskränkning
987 195 9 19 i

374 225 53 19 vissa
449 224 44 24 fall,
516 224 26 24 af
560 224 79 20 handels
662 224 122 24 bedrifvande
807 230 65 18 genom
896 224 47 19 barn
961 224 34 19 och

375 253 100 25 omyndiga
489 259 97 19 personer.

446 310 38 20 Till
499 310 142 25 förebyggande
656 310 26 24 af
694 310 22 20 de
732 310 8 19 i
753 310 69 24 sedligt
836 310 88 24 afseende
940 311 53 19 skad-

375 339 40 25 liga
434 339 124 25 inflytanden,
574 339 33 24 för
622 340 64 19 hvilka
702 340 48 18 barn
765 339 34 19 och
814 340 101 24 omyndiga
928 346 66 18 perso-

375 374 34 13 ner
423 368 64 19 kunna
503 374 48 13 vara
566 370 78 22 utsatta,
660 368 25 20 då
700 368 22 19 de
737 368 87 24 bedrifva
838 368 69 20 handel
916 368 13 19 å
939 370 56 22 gator

375 397 33 19 och
431 398 46 23 torg,
494 403 43 18 eger
551 397 139 19 vederbörande
704 396 148 24 stadskommun,
868 396 37 20 där
919 396 75 20 sådana

375 425 180 24 missförhållanden
570 425 102 25 försports,
687 427 47 18 utan
749 425 67 19 hinder
831 426 25 22 af
862 425 132 25 stadgandena

375 454 9 19 i
405 454 38 19 Ste
463 455 16 23 $
494 454 25 23 af
531 454 71 24 nådiga
617 454 136 24 förordningen
768 460 30 13 om
813 454 127 25 näringarna,
956 454 37 24 gif-

374 489 34 13 ven
430 482 35 20 den
489 483 24 19 31
535 483 57 19 Mars
616 483 59 24 1879,
699 484 61 18 ordna
782 483 33 19 och
834 483 92 25 begränsa
942 483 53 23 dylik

375 511 68 20 handel
465 518 65 18 genom
551 512 99 19 särskilda
664 511 123 25 föreskrifter
802 513 50 18 samt
866 512 73 19 inrätta
955 512 38 19 till-

374 546 35 18 syn
424 540 99 24 däröfver.

444 597 78 20 Sådana
544 598 123 23 föreskrifter
689 598 91 19 insändas
804 598 28 18 till
851 599 116 23 guvernören
985 598 8 17 i

375 626 56 25 länet,
447 632 40 14 som
500 627 56 23 jemte
571 628 40 22 eget
626 626 87 24 yttrande
728 626 130 24 öfverlemnar
872 626 96 20 desamma
985 626 8 18 i

375 654 88 24 afseende
477 655 13 19 å
501 654 94 25 pröfning
610 655 33 19 och
658 655 124 24 fastställelse
798 655 29 19 till
840 654 90 21 Senatens
940 654 52 20 Eko-

376 684 59 19 nomie
451 683 133 25 departement.

307 740 128 25 Helsingfors,
452 741 37 19 den
505 741 11 19 6
532 741 96 19 Februari
647 742 59 19 1897.

788 798 19 20 L.
823 798 103 21 Mechelin.

345 1443 103 16 Helsingfors,
457 1443 82 16 Tidnings-
549 1442 11 14 &
570 1443 184 17 Tryckeriaktiebolagets
764 1442 72 17 tryckeri,
846 1443 38 12 1897.
