1075 1748
846 156 24 20 15

117 225 30 17 att
163 222 31 21 till
209 222 130 20 medlemmar
355 222 7 19 i
378 222 123 24 densamma,
519 222 65 25 enligt
599 221 78 26 förslag
692 221 113 26 uppgjordt
815 223 14 17 t.
841 228 30 13 ex.

117 252 23 20 af
152 252 121 20 Historiska
289 252 122 25 samfundet,
428 252 67 19 skulle
510 251 108 20 förordnas
634 251 40 20 fem
686 251 130 25 sakkunniga
826 257 45 19 per-

118 289 66 19 soner,
200 281 72 21 hvilka
295 282 66 20 skulle
377 282 80 25 åtnjuta
472 281 106 20 faststäldt
594 281 76 20 arvode
686 281 31 20 för
732 281 72 25 hvarje
819 288 52 12 sam-

117 312 112 20 manträde.

189 342 57 20 Enär
261 341 57 20 detta
334 341 75 20 ärende
425 341 113 19 emellertid
554 341 46 19 med
616 340 96 21 afseende
728 342 11 18 &
754 342 74 24 mänga
839 340 33 20 de-

118 372 60 26 taljer
194 375 56 17 ännu
265 374 23 17 är
304 371 121 25 oförberedt,
441 378 60 12 anser
517 371 119 19 Historiska
652 370 115 21 samfundet
779 371 34 19 det
823 377 50 13 vara

118 402 129 25 nödvändigt
263 404 31 16 att
309 401 130 25 Regeringen
457 400 106 20 nedsätter
579 407 25 13 en
620 400 23 20 af
657 401 131 25 sakkunniga
803 407 68 19 perso-

118 439 37 13 ner
173 431 113 21 bestående
308 431 82 25 komit6,
413 431 84 19 hvilken
521 430 52 26 ägde
593 434 93 22 uppgöra
704 433 31 17 ett
751 430 121 26 detaljeradt

118 462 78 25 förslag
211 462 7 19 i
234 461 69 25 saken,
319 461 64 19 innan
398 468 46 12 man
460 461 67 19 skulle
543 460 71 20 skrida
629 461 32 19 till
677 460 97 26 ätgärder
787 460 32 20 för
829 466 42 14 rea-

118 491 116 21 liserandet
249 491 23 19 af
286 491 60 20 ofvan
362 490 121 20 framhällna
499 490 62 20 idéer.

190 522 30 19 På
240 521 68 25 grund
324 520 22 20 af
358 520 57 20 hvad
430 520 119 20 Historiska
565 520 117 20 samfundet
698 520 43 20 haft
753 523 50 17 äran
815 520 57 19 fram-

119 552 63 25 lägga
197 551 32 20 får
244 550 120 21 Samfundet
380 550 65 20 uttala
461 550 39 20 den
516 550 144 26 förhoppning,

407 627 20 24 1)
451 628 29 18 att
496 627 120 25 Regeringen
626 626 38 24 för
678 629 30 17 att
718 626 117 21 säkerställa
845 627 28 19 be-

335 657 95 19 varandet
450 657 24 23 af
491 657 45 19 vårt
552 657 56 19 lands
623 657 71 24 många
709 657 42 19 små
767 657 59 19 arkiv
841 657 33 19 och

335 688 33 22 för
385 689 30 17 att
433 687 111 19 underlätta
562 687 57 19 deras
635 687 126 19 användande
777 687 32 19 till
824 693 51 18 gagn

335 716 36 20 den
393 717 107 19 historiska
519 716 136 25 forskningen,
676 717 59 19 måtte
749 717 81 24 vidtaga
845 716 29 19 åt-

334 747 34 24 för
378 746 71 25 gärder
459 747 83 23 därhän,
555 748 29 17 att
592 746 8 19 i
608 747 95 24 lämpliga
712 746 163 20 landsortsstäder

336 776 60 23 blefve
418 776 99 20 inrättade
533 778 34 22 tre,
584 777 91 18 eventuelt
690 776 54 25 fyra,
761 776 113 25 landskaps-

336 806 64 25 arkiv,
421 807 7 18 i
444 806 68 19 hvilka
528 806 116 24 kyrkornas,
667 806 146 25 domkapitlens,
835 807 40 18 stä-

335 836 76 24 dernas,
434 836 171 24 länestyrelsernas
627 842 25 13 m.
670 836 20 20 fi.
706 837 66 18 lokala
787 835 88 26 myndig-

335 866 62 20 heters
419 866 54 19 äldre
493 865 119 26 handlingar
628 866 61 20 skulle
709 866 73 20 samlas
796 864 35 28 för
846 867 30 18 att

336 894 135 27 omsorgsfullt
487 896 92 26 bevaras;
595 898 51 17 samt

408 926 22 25 2)
446 927 30 18 att
491 924 34 28 för
541 926 100 25 ledningen
656 924 26 28 af
690 926 74 19 landets
775 926 101 19 allmänna

336 956 60 19 arkiv
411 956 59 19 måtte
487 956 93 19 tillsättas
596 962 22 13 en
634 956 86 19 särskild
731 956 144 24 arkivstyrelse,

336 992 40 13 som
391 986 62 19 skulle
469 986 50 19 bestå
536 984 26 27 af
569 986 43 23 fem
628 986 26 22 af
666 986 111 24 regeringen
790 986 29 24 på
829 985 46 24 för-

336 1016 43 24 slag
395 1016 25 23 af
439 1016 113 19 Historiska
573 1014 109 21 samfundet
698 1015 79 20 utsedda
791 1015 84 20 sakkun-

336 1046 46 24 niga
395 1051 93 19 personer
503 1045 34 20 och
560 1046 59 19 hvars
642 1045 124 19 medlemmar
785 1051 44 13 vore
845 1045 30 19 be-

337 1075 99 25 rättigade
459 1077 29 17 att
516 1076 76 18 erhålla
615 1075 101 24 faststälät
745 1075 69 20 arvode
840 1074 37 24 för

337 1105 68 24 hvarje
420 1105 150 19 sammanträde.

621 1141 26 19 In
662 1141 71 19 fidem:

560 1188 70 21 Artturi
647 1188 21 21 H.
685 1188 107 22 Snellman.

464 1235 61 15 Finska
537 1236 61 14 Histor.
608 1236 102 13 samfundets
720 1239 16 10 n.
747 1239 14 10 v.
771 1236 105 13 sekreterare.

194 1371 77 22 Ehuru
284 1371 39 28 jag
339 1372 68 21 också
417 1372 6 21 i
435 1372 68 27 detalj
512 1372 62 22 delar
585 1372 128 22 Historiska
724 1371 136 22 samfundets
870 1371 8 22 i

124 1407 160 22 ofvanstående
294 1407 113 22 utlåtande
423 1407 132 22 framhållna
568 1408 67 27 åsikt,
644 1414 66 15 anser
715 1408 39 27 jag
765 1407 55 22 dock
828 1407 50 22 icke

124 1443 99 27 önskligt
232 1445 33 20 att
272 1443 124 22 Ständerna
402 1449 77 21 genom
491 1443 104 27 speciella
609 1443 164 27 bestämningar
784 1442 95 23 rörande
