1050 1698
804 124 11 19 7

96 188 46 26 kas,
159 188 26 22 så
201 187 113 23 förefaller
330 188 38 21 det
383 188 44 26 väl,
443 194 44 15 som
504 194 34 15 om
555 187 27 23 de
593 188 44 21 läto
650 190 32 20 ett
692 188 156 22 innehållslöst

96 225 91 21 talesätt
203 224 73 22 inleda
292 224 35 27 sig
342 224 29 26 på
387 230 27 15 en
430 226 50 25 väg,
492 230 47 16 som
555 224 73 22 skulle
644 223 48 23 föra
707 224 95 22 tillbaka
813 224 34 21 till

96 262 33 20 ett
144 260 101 22 tillstånd
261 260 25 21 af
299 260 116 28 sjelfsvåld
431 260 40 21 och
487 260 94 22 barbari.

167 296 219 22 Petitionsutskottet
402 296 41 20 har
458 296 134 27 visserligen
608 296 134 22 åtminstone
758 296 7 20 i
776 296 72 27 någon

96 338 49 16 mon
167 332 90 22 förstått
275 334 34 20 att
324 332 143 27 undandraga
483 332 34 27 sig
533 334 33 20 ett
582 332 78 22 sådant
676 332 128 28 inflytande,
821 332 28 21 då

97 368 37 22 det
145 368 40 22 har
195 367 116 29 föreslagit
322 370 34 20 att
366 368 27 22 de
403 368 92 28 kyrkor,
507 368 76 22 hvilka
595 368 117 22 framledes
721 368 86 22 komma
816 370 33 19 att

96 403 112 28 uppföras,
225 404 53 22 böra
290 404 72 22 förses
373 404 49 22 med
433 404 298 28 uppvärmningsapparater.
748 404 41 22 Att
798 404 50 22 här-

96 440 50 22 med
163 440 70 22 likväl
249 440 50 22 icke
315 440 89 27 mycket
420 442 25 20 är
460 442 84 20 vunnet
557 440 60 22 inses
628 440 47 27 lätt,
686 440 29 22 då
725 446 49 16 man
785 442 64 25 tager

97 476 7 21 i
127 476 152 26 betraktande,
303 478 34 19 att
360 476 27 22 de
410 475 64 23 flesta
497 475 25 22 af
542 476 55 22 våra
613 476 83 27 kyrkor
713 478 58 19 ännu
787 476 62 22 äro
837 471 15 37 i

98 512 52 28 godt
165 512 70 27 skick,
253 514 33 20 att
302 514 33 20 ett
351 514 56 20 stort
423 512 61 22 antal
500 512 25 22 af
533 512 110 22 desamma
654 514 90 26 utgöres
755 512 25 22 af
789 514 58 20 sten-

98 548 90 28 kyrkor,
205 548 7 21 i
228 548 76 22 hvilka
320 548 81 22 kölden
416 548 41 22 har
473 550 34 20 ett
522 550 59 20 ännu
592 548 126 28 skadligare
729 548 120 27 inflytande

98 586 28 20 än
141 584 7 22 i
165 584 155 28 träkyrkorna,
337 584 39 22 och
393 586 33 20 att
441 584 55 22 flera
511 591 44 21 nya
570 584 85 28 kyrkor
669 587 52 19 utan
732 586 117 25 uppvärm-

98 620 158 27 ningsapparat
269 620 83 27 jemväl
362 620 8 22 i
381 622 89 20 senaste
485 620 32 22 tid
528 620 75 22 blifvit
614 620 114 27 uppförda.
755 620 46 22 Och
813 620 37 22 det

98 658 25 19 är
135 656 37 22 väl
183 656 98 28 omöjligt
291 658 34 20 att
335 656 62 28 fatta,
409 658 32 20 att
453 663 28 15 en
491 656 137 28 förkylning,
640 662 45 16 som
696 662 50 15 man
755 656 95 27 ådrager

98 692 34 27 sig
147 692 7 21 i
171 698 27 15 en
219 692 143 21 härförinnan
379 692 94 26 uppförd
489 692 79 27 kyrka,
584 692 72 22 skulle
672 691 67 22 hafva
754 691 35 22 för
805 692 44 21 hel-

99 734 38 15 san
161 728 84 22 mindre
269 728 127 27 förderfliga
417 728 88 28 följder,
521 730 28 20 än
566 728 27 22 de
609 734 49 15 man
674 728 103 22 åsamkar
792 727 35 27 sig
843 727 7 21 i

99 764 27 21 de
141 764 91 27 kyrkor,
249 764 76 21 hvilka
341 764 100 22 härefter
457 764 86 22 komma
559 767 33 19 att
607 764 110 27 uppföras.

171 800 115 22 Utskottet
306 799 122 28 medgifver
444 799 66 23 äfven
527 800 71 22 denna
614 800 139 27 motsägelse,
769 800 28 21 då
813 800 38 21 det

100 836 66 21 söker
189 838 54 25 göra
264 836 84 27 troligt,
372 838 30 19 att
419 836 186 27 församlingarna
621 835 98 23 härefter
735 836 29 27 på
780 835 70 22 frivil-

100 872 109 27 lighetens
233 874 44 25 väg
299 872 87 21 komma
408 874 33 19 att
465 872 60 22 förse
549 872 48 22 sina
613 872 67 22 redan
696 878 29 15 nu
742 871 109 28 uppförda

100 913 85 28 kyrkor
207 914 49 21 med
275 914 300 27 uppvärmningsapparater,
592 914 25 21 så
633 916 61 19 snart
710 913 27 22 de
753 913 46 22 lära
817 913 34 27 sig

99 949 48 22 inse
159 949 57 22 huru
229 949 64 28 ringa
303 949 68 28 utgift
382 949 133 28 vidtagande
526 949 25 22 af
559 956 27 15 en
598 949 68 22 sådan
677 949 80 28 åtgärd
765 949 86 21 komme

100 987 32 20 att
148 985 103 22 medföra.
281 985 52 22 Men
349 985 72 22 denna
431 985 114 22 förmodan
556 987 25 20 är
592 985 116 27 grundlös;
719 985 52 22 dess
782 984 69 22 förut-

100 1021 125 28 sättningar
240 1023 37 20 äro
294 1021 117 22 obevisade
427 1021 40 21 och
484 1021 74 22 kunna
574 1021 49 22 icke
634 1021 93 22 bevisas.
752 1021 45 21 Det
807 1020 44 21 kan

100 1057 36 21 väl
159 1057 95 27 inträffa,
277 1060 34 19 att
333 1057 72 27 någon
428 1056 131 28 församling
583 1057 105 27 antingen
705 1063 52 15 vare
774 1056 34 27 sig
824 1056 28 27 på

100 1093 70 27 grund
194 1092 25 22 af
239 1093 84 22 utifrån
347 1093 71 28 gifvet
433 1092 113 23 föredöme
562 1093 55 22 eller
634 1095 50 25 eget
700 1092 153 28 sjelfständigt

100 1129 103 27 omdöme,
225 1129 105 27 frivilligt
352 1129 72 22 förser
440 1129 35 22 sin
491 1129 73 27 kyrka
580 1129 49 21 med
645 1128 207 27 värmeinrättning,

100 1171 49 15 men
165 1165 98 21 deremot
281 1165 44 21 kan
347 1171 50 15 man
418 1165 50 22 med
484 1165 87 22 visshet
586 1164 126 27 förutsätta,
729 1166 38 25 att,
785 1163 68 22 sedan

100 1202 33 19 ett
156 1201 158 26 lagstadgande
339 1207 34 15 om
396 1201 79 21 endast
499 1207 44 21 nya
565 1200 97 27 kyrkors
688 1199 165 28 uppvärmande

100 1236 91 21 kommit
200 1237 34 21 till
245 1237 71 27 stånd,
329 1236 180 22 motståndarena
519 1237 49 21 med
579 1236 124 27 eftertryck
714 1236 63 21 skola
787 1235 66 28 vädja

101 1272 34 21 till
151 1272 72 22 denna
239 1273 135 27 ständerlag,
391 1275 40 19 när
447 1272 38 22 det
501 1273 70 26 gäller
588 1274 33 19 att
637 1271 74 28 afböja
721 1271 99 22 fattande
831 1272 22 21 at

100 1309 73 21 beslut
189 1315 34 15 om
239 1309 68 21 redan
323 1308 109 27 uppförda
448 1309 97 26 kyrkors
562 1308 168 27 uppvärmande.

171 1344 32 21 På
218 1345 71 26 grund
306 1344 66 22 häraf
386 1345 101 22 anhåller
499 1344 38 27 jag
552 1345 113 21 vördsamt
681 1346 33 19 att
730 1344 124 21 Ständerna

100 1380 49 22 med
172 1380 160 27 godkännande
354 1379 24 22 af
392 1380 37 21 det
447 1381 57 20 1893
521 1380 75 21 hållna
611 1380 152 27 kyrkomötets
780 1379 74 22 beslut

101 1416 53 22 ville
166 1417 34 21 till
211 1416 62 22 Hans
285 1417 126 26 Kejserliga
423 1416 104 27 Majestät
536 1416 51 27 ingå
596 1416 49 21 med
653 1415 137 28 underdånig
798 1415 55 27 peti-
