1073 1745
205 172 13 20 4
338 170 84 23 Ständ.
438 172 53 22 Pet.
508 184 26 2 —
550 171 174 23 Petitionsbet.
740 171 43 23 N:o
798 171 37 22 21.

206 243 69 22 siska
302 244 84 28 lyceer
413 244 90 21 vinner
526 244 89 28 nådigt
640 243 71 23 bifall
734 244 64 22 samt
820 243 145 30 läraretjen-

207 279 85 21 sterna
311 278 8 22 i
338 278 74 29 tyska
426 278 45 22 och
486 278 105 22 franska
604 278 110 29 språken
729 278 98 22 således
841 278 124 23 ombildas

207 312 43 23 vid
278 313 175 23 förstnämnda
480 313 119 22 läroverk
627 313 36 22 till
681 311 106 24 lektors-
806 313 46 22 och
872 313 42 23 vid
934 314 30 22 de

207 354 90 16 senare
316 348 36 22 till
370 348 215 29 kollegatjenster,
605 348 96 22 kvinna
721 348 64 22 skall
804 354 62 16 vara
883 348 82 22 berät-

207 382 71 29 tigad
298 384 36 20 att
352 384 60 21 utan
432 382 109 22 särskild
561 382 102 29 dispens
682 382 78 22 vinna
778 382 138 23 befordran
929 383 35 22 till

208 416 97 23 sådana
324 418 112 27 tjenster.

277 451 35 22 På
332 451 83 30 grund
435 452 26 22 af
479 452 41 22 det
541 451 107 23 anförda
667 451 25 22 få
713 451 143 22 Ständerna
876 451 89 22 under-

208 485 102 30 dånigst
329 486 112 23 anhålla:

484 551 36 21 alt
547 550 98 22 kvinna
673 550 158 22 förunnades
858 551 52 22 rätt
929 552 37 21 att

414 586 64 21 utan
504 585 94 22 hinder
625 585 32 22 af
681 585 43 22 sitt
749 585 50 22 kön
817 585 63 22 söka
898 587 67 20 samt

415 619 61 22 efter
502 619 151 29 skicklighet
681 620 45 21 och
750 619 117 29 förtjenst
885 620 79 22 vinna

417 654 139 22 befordran
575 654 42 22 till
630 654 196 29 lektorstjenster
838 655 45 22 vid
896 655 69 22 kvin-

416 689 47 29 ligt
485 689 170 22 seminarium
673 690 68 21 samt
760 689 41 22 till
820 689 145 22 arvodeslä-

415 724 162 28 raretjenster
605 724 10 21 i
642 724 123 22 moderna
793 723 85 30 språk,
905 724 60 22 teck-

416 759 70 28 ning,
515 758 139 29 kalligrafi
673 759 45 21 och
737 757 65 29 sång
820 759 46 21 vid
885 759 81 28 lyceer

416 793 45 22 och
472 792 222 23 elementarskolor
729 794 67 21 samt
830 794 44 25 att,
904 793 62 22 ifall

416 827 335 29 arvodesläraretjensterna
780 828 11 21 i
818 828 74 28 tyska
919 828 45 22 och

416 862 106 22 franska
552 862 110 29 språken
696 862 79 29 enligt
805 862 159 22 Ständernas

415 897 45 21 vid
472 897 177 22 innevarande
663 897 128 28 landtdag
804 896 104 23 aflåtna
920 903 44 16 un-

416 931 144 29 derdåniga
576 931 110 29 petition
705 931 102 22 komma
827 933 37 20 att
876 931 88 22 ombil-

416 966 48 22 das
482 966 10 21 i
510 966 221 28 normallyceerna
751 965 41 23 till
806 966 100 22 lektors-
919 966 45 22 och

415 1001 10 21 i
444 1001 84 21 andra
548 1001 128 21 klassiska
696 1001 81 28 lyceer
795 1001 42 22 till
856 1001 108 28 kollega-

415 1035 108 28 tjenster,
538 1035 97 22 kvinna
650 1035 38 28 på
701 1041 101 16 samma
815 1035 83 22 vilkor
911 1042 53 15 som

415 1076 61 16 man
496 1069 80 23 blefve
596 1070 146 28 berättigad
755 1071 37 20 att
805 1070 98 22 ansöka
914 1070 50 21 kol-

416 1104 161 29 legatjenster
607 1104 10 22 i
647 1104 118 22 nämnda
796 1104 94 22 ämnen
920 1104 44 22 vid

414 1138 206 29 ifrågavarande
639 1139 88 28 lyceer.

276 1201 121 22 Finlands
418 1201 108 23 Ständer
545 1201 146 23 framhärda
711 1203 44 20 etc.

276 1263 170 30 Helsingfors,
466 1265 48 22 den
534 1265 33 22 26
587 1265 72 28 April
679 1265 76 22 1897.

320 1487 11 1 —
346 1483 117 40 Helsingfors
476 1487 48 27 1897.
550 1483 114 40 Helsingfors
673 1483 154 40 Centraltryckeri.
