1073 1748
198 172 192 34 (Öfversättning.)

474 538 199 28 Reservation.

269 608 89 28 Frågan
370 616 34 15 om
415 610 136 21 inrättandet
562 609 25 22 af
595 616 27 16 en
635 609 160 23 döfstumskola
806 610 7 21 i
824 610 125 27 Uleåborgs

196 645 38 21 län
249 644 47 28 har,
313 646 29 26 på
358 647 45 20 sätt
418 646 148 26 petitionären
582 646 104 26 påpekar,
702 646 131 22 behandlats
851 646 25 21 af
885 645 64 22 Stän-

195 680 69 22 derna
285 681 37 22 vid
346 683 56 19 1888
419 682 37 21 års
475 676 112 33 landtdag.
619 682 42 21 Vid
679 682 68 27 sagda
763 682 105 27 landtdag
891 683 57 20 utta-

195 716 51 22 lade
270 717 34 27 sig
327 717 118 22 Allmänna
460 718 210 27 besvärsutskottet,
691 718 35 21 till
742 718 67 21 hvars
826 718 123 26 beredning

195 752 95 23 ärendet
300 750 114 31 hänsköts,
426 754 90 27 därhän,
528 756 34 18 att
573 754 78 26 frågan
663 760 33 15 om
707 753 126 22 inrättande
844 752 25 22 af
875 760 27 15 en
912 753 36 27 dy-

195 788 32 21 lik
256 788 131 23 läroanstalt
410 796 53 15 vore
488 790 8 20 i
519 790 44 26 hög
578 790 55 27 grad
649 789 171 22 beaktansvärd.
852 789 51 21 Men
921 789 28 22 då

194 823 79 29 frågan
298 831 34 15 om
350 825 207 22 abnormskolornas
574 825 176 27 reorganisation
769 824 113 27 samtidigt
903 830 39 16 var

195 859 95 23 föremål
304 860 36 22 för
355 861 166 27 handläggning
536 861 58 21 inom
609 860 148 28 Regeringen,
769 860 76 22 förtöll
856 860 93 22 ärendet

194 895 36 22 för
246 896 72 22 denna
334 897 64 27 gång.

267 932 54 22 Fem
338 933 25 21 år
379 932 98 23 derefter
493 933 56 21 eller
564 933 26 21 år
608 934 55 19 1893
676 932 140 21 framstäldes
827 932 38 22 vid
875 932 73 27 tredje

195 967 112 22 allmänna
328 969 142 26 kyrkomötet
485 969 7 20 i
508 968 76 22 landet
600 975 27 15 en
643 968 90 21 likadan
749 968 109 21 anhållan.
891 967 57 28 Kyr-

194 1003 111 22 komötets
322 1004 111 21 allmänna
448 1004 222 27 beredningsutskott
685 1003 117 22 förordade
819 1003 129 22 äfvenledes

195 1042 73 19 varmt
293 1039 129 28 petitionen,
447 1040 39 21 och
510 1040 37 21 det
567 1040 29 27 på
617 1042 30 19 ett
666 1041 51 25 sätt,
735 1045 46 16 som
795 1039 40 28 jag
850 1039 7 21 i
873 1039 74 21 anled-

194 1075 56 27 ning
265 1074 25 22 af
303 1075 44 22 min
364 1075 123 22 kännedom
502 1082 34 15 om
553 1076 27 21 de
596 1075 73 22 lokala
685 1075 167 22 förhållandena
868 1075 20 27 ej
903 1075 44 20 kan

194 1111 118 22 underlåta
328 1113 33 20 att
376 1112 108 21 särskildt
500 1112 122 21 framhålla.

268 1147 116 22 Utskottet
399 1149 73 26 yttrar
487 1147 67 22 bland
569 1149 77 20 annat:

270 1183 77 26 »Hvad
369 1183 105 28 slutligen
495 1183 70 27 angår
585 1183 121 26 petitionen
727 1189 34 14 om
782 1181 126 22 inrättande
924 1181 26 22 af

194 1224 28 15 en
246 1218 160 22 döfstumskola
426 1219 6 21 i
454 1219 123 27 Uleåborgs
598 1219 44 26 län,
664 1219 25 21 så
709 1224 66 15 anser
794 1217 110 22 utskottet
920 1223 27 16 en

194 1255 70 21 sädan
285 1255 125 28 inrättning
425 1255 25 21 af
462 1254 105 23 behofvet
582 1254 105 27 påkallad
702 1254 7 21 i
725 1253 111 22 anseende
853 1253 35 21 till
905 1253 42 21 den

194 1297 30 14 nu
239 1290 99 22 rådande
353 1291 86 21 bristen
454 1291 29 26 på
498 1290 77 27 dylika
586 1290 149 27 inrättningar
752 1292 57 19 samt
823 1289 125 26 Uleåborgs

193 1325 51 22 läns
260 1325 83 23 afsides
358 1326 71 27 läge.,
443 1339 24 3 --
477 1339 30 3 —
517 1326 46 27 ,De
575 1326 143 21 döfstummas
734 1325 163 22 intellektuella
908 1324 41 21 och

194 1361 106 28 kristliga
316 1361 130 28 uppfostran
462 1361 131 23 förutsätter
609 1368 28 15 en
653 1362 7 21 i
677 1361 63 22 skola
754 1360 101 23 erhållen
868 1360 80 21 under-

193 1397 98 28 visning,
308 1398 39 21 och
364 1398 114 27 möjlighet
493 1397 77 22 härför
585 1400 26 19 är
626 1403 77 21 genom
714 1396 142 22 oftanämnda
867 1395 83 28 nådiga

193 1433 137 27 kungörelse
346 1433 32 27 (af
393 1436 27 19 30
434 1434 48 27 juni
499 1435 66 25 1892)
581 1433 83 22 beredd
680 1432 35 22 för
725 1433 43 21 den
779 1432 72 21 finska
861 1431 87 22 befolk-
