1073 1739
466 383 257 45 Reservation.

293 467 36 21 Uti
346 467 133 29 underdånig
495 468 88 28 petition
601 468 63 21 hafva
674 468 83 22 landets
768 467 89 22 Ständer
867 468 36 21 vid
915 468 55 21 1891

221 502 34 22 årg
275 503 101 28 landtdag
396 503 87 22 anhållit
505 505 29 20 att
554 503 119 29 Kejserliga
693 504 141 28 kungörelsen
855 504 22 20 af
897 504 40 21 den
958 504 13 20 6

220 539 53 21 Juni
291 539 62 27 1864,
370 539 109 29 angående
496 540 55 20 hvad
564 540 31 21 till
609 540 173 22 förekommande
793 540 42 21 och
845 539 126 22 hämmande

220 575 21 21 af
262 575 153 21 smittosamma
435 576 223 28 kreaturssjukdomar
673 576 103 28 iakttagas
791 575 44 28 bör,
852 575 64 22 måtte
931 582 40 14 un-

221 610 108 22 derkastas
349 611 66 28 nödig
434 612 93 21 revision
549 613 54 20 samt
622 611 117 23 Ständerna
755 612 97 21 försättas
867 612 8 20 i
891 611 80 22 tillfälle

220 648 30 20 att
266 647 7 21 i
289 647 88 21 ärendet
392 647 66 21 uttala
474 648 37 28 sig.

292 683 10 21 I
318 683 116 29 anledning
453 684 60 21 häraf
529 684 86 22 tillsatte
631 684 134 28 Regeringen
781 690 26 15 en
824 684 85 28 komité,
924 690 46 15 som

219 719 7 21 i
242 719 45 21 Juli
305 719 56 21 1893
379 718 58 30 afgaf
451 720 37 21 sitt
503 720 140 28 betänkande,
657 720 114 21 hvaröfver
781 719 189 27 Medicinalstyrel-

219 761 38 16 sen
275 755 40 22 och
330 755 112 22 förstärkta
458 755 239 28 Landtbruksstyrelsen
713 755 77 22 hördes
805 755 40 22 och
861 755 108 22 inkommo

219 791 50 22 med
285 791 123 22 utlåtanden
424 792 6 21 i
446 792 45 21 Juli
509 793 63 20 1895.

291 827 114 22 Dessutom
426 828 54 22 hade
496 828 134 28 Regeringen
646 828 21 21 åt
682 835 26 14 en
725 827 90 22 särskild
831 827 138 22 kommission

219 863 140 22 öfverlemnat
374 865 30 20 att
422 864 97 21 utarbeta
538 864 79 28 förslag
632 864 31 21 till
679 864 97 28 åtgärder
791 865 57 20 emot
863 863 105 22 tuberkel-

218 899 78 27 sjukan
307 899 39 22 hos
359 899 151 29 nötboskapen.
527 900 29 21 Af
569 900 178 22 kommissionens
759 899 134 22 betänkande
905 900 63 21 fram-

218 935 38 28 går
276 935 65 21 bland
362 937 65 20 annat
448 937 30 20 att
498 936 41 21 den
561 936 102 21 verkstält
682 943 26 14 en
729 935 79 29 mängd
829 936 70 21 försök
920 935 48 22 med

218 971 73 22 Kochs
307 971 72 28 lymfa,
389 971 116 22 undersökt
515 971 194 28 boskapsstammar
721 972 40 21 och
773 971 134 22 införskaffat
916 978 52 21 nog-

217 1013 82 22 granna
319 1007 155 28 upplysningar
489 1014 35 15 om
541 1007 185 28 tuberkelsjukans
742 1007 65 22 bland
823 1007 145 28 nötboskapen

217 1043 117 22 förekomst
349 1043 7 21 i
373 1043 56 21 olika
445 1043 59 22 delar
519 1044 22 21 af
557 1043 77 28 landet,
649 1044 114 21 hvaröfver
776 1043 127 28 detaljerade
916 1050 52 21 upp-

217 1079 63 28 gifter
295 1079 8 21 i
318 1079 143 22 betänkandet
476 1080 91 28 intagits.

289 1115 125 22 Sedermera
429 1115 60 22 torde
505 1115 73 28 frågan
595 1115 70 22 berott
680 1115 26 28 på
718 1115 118 28 beredning
847 1115 57 21 inom
918 1115 50 28 Kej-

217 1151 78 28 serliga
310 1151 97 22 Senaten.
439 1151 28 21 Af
482 1153 29 20 ett
526 1151 27 28 på
568 1151 69 28 privat
651 1153 40 26 väg
703 1151 108 22 Utskottet
822 1151 146 22 tillhandahål-

216 1187 29 21 let
266 1187 109 28 exemplar
395 1187 22 21 af
437 1187 159 22 vederbörande
617 1188 102 21 referents
735 1187 42 22 den
794 1188 27 20 14
837 1187 56 22 Mars
911 1188 56 21 1896

216 1223 100 21 daterade
332 1223 147 28 underdåniga
493 1223 135 22 betänkande
644 1223 98 28 framgår,
758 1224 29 21 att
803 1223 30 21 till
850 1223 117 29 Kejserliga

216 1258 104 22 Senatens
340 1261 97 19 närmare
458 1259 130 28 behandling
603 1259 100 28 förelagts
718 1259 64 21 bland
799 1261 74 19 annat:
890 1259 77 28 förslag

215 1294 32 21 till
263 1295 126 28 förordning
403 1295 145 21 innefattande
570 1295 201 28 djurfarsotsstadga
792 1295 33 21 för
840 1295 72 21 landet
927 1295 40 21 och

215 1330 79 29 förslag
315 1331 29 20 till
366 1331 127 28 kungörelse
514 1337 35 15 om
565 1331 55 21 hvad
643 1337 46 15 som
709 1331 67 21 borde
796 1331 104 27 iakttagas
918 1331 49 21 med

215 1366 100 22 afseende
332 1366 12 21 å
363 1367 207 28 verkställigheteten
587 1367 21 20 af
623 1367 140 21 förenämnda
778 1367 129 28 förordning.
939 1367 28 20 Af

216 1402 63 22 dessa
294 1403 78 27 förslag
388 1409 51 15 vore
455 1403 35 21 det
503 1403 145 21 förstnämnda
659 1403 68 21 afsedt
737 1404 30 20 att
779 1403 116 27 föreläggas
905 1402 62 22 Stän-

215 1438 77 22 dernas
312 1439 105 28 pröfning,
437 1440 63 27 jemte
519 1439 36 21 det
575 1439 61 21 deras
657 1439 98 27 yttrande
776 1438 67 22 skulle
863 1439 104 21 inhemtas

215 1474 60 21 öfver
290 1474 100 28 förslaget
406 1475 31 21 till
454 1475 146 27 kungörelsen.

287 1516 182 18 Ekonomiutskottets
481 1517 109 17 betänkande
603 1516 34 18 N:o
651 1518 36 17 14.:
