1092 1748
238 184 27 20 10
435 183 262 23 Motionsbetänkande
709 183 43 22 N:o
768 182 38 23 10.

236 246 167 27 ringskomitén
419 249 50 25 nytt
484 247 85 26 förslag
584 247 33 21 till
634 247 107 27 aflöning,
758 247 97 21 hvarvid
872 247 122 27 kyrkoher-

236 281 58 20 dens
317 282 43 20 och
377 281 149 28 kapellanens
542 281 127 22 inkomster
684 281 166 28 uppskattades
865 281 35 21 till
920 281 73 26 10,277

237 315 67 20 mark
319 316 28 20 86
362 316 76 27 penni.
469 315 30 21 Af
512 316 60 21 detta
588 316 84 27 belopp
689 316 74 20 skulle
775 315 220 27 lägenhetsinnehaf-

236 356 84 14 varene
343 351 89 26 erlägga
452 351 13 20 3
481 350 121 21 hektoliter
617 351 14 20 8
646 350 50 21 liter
711 350 40 27 råg
767 352 66 25 samt,
849 350 7 20 i
872 350 74 21 stället
960 349 35 21 för

236 383 95 27 tidigare
355 384 128 27 föreslagna
505 385 28 20 58
549 384 50 21 liter
615 385 65 26 korn,
696 391 38 14 sex
751 385 66 20 mark
834 385 43 20 och
894 384 34 21 för
942 384 53 21 fisk-

236 418 79 21 tionde
332 419 9 20 1
359 419 66 20 mark
441 419 26 20 65
484 419 76 27 penni,
583 419 40 20 allt
644 419 35 20 för
697 419 47 20 helt
764 419 94 26 mantal,
876 418 118 21 äfvensom

237 452 80 27 hvarje
343 459 90 21 person,
450 460 50 14 som
516 453 98 27 uppnått
631 454 25 19 16
673 453 37 21 års
726 453 70 26 ålder,
811 453 105 20 besuttne
932 452 63 21 såväl

237 493 51 14 som
310 487 126 26 obesuttne,
453 489 26 19 75
496 487 75 28 penni.
603 487 126 21 Fördelade
744 487 71 26 enligt
830 487 76 20 denna
921 486 73 27 grund

236 521 117 27 uppgingo
381 521 119 27 afgifterna
521 521 70 28 jämte
615 521 158 21 inkomsterna
796 521 50 20 från
870 521 125 20 embetsbo-

237 556 97 20 ställena
356 556 33 21 till
416 557 75 26 10,409
514 556 66 21 mark
603 557 24 19 17
652 556 76 27 penni,
744 556 89 21 säledes
849 555 69 26 nägot
933 561 62 14 mera

237 591 31 19 än
284 590 63 20 hvad
362 590 95 27 tidigare
473 590 199 27 aflöningsförslag
688 590 110 27 upptagit.
817 590 52 20 Men
878 589 116 21 dessutom

237 624 76 21 skulle
338 625 117 26 bergverk,
471 625 59 20 bruk
546 625 43 20 och
606 625 73 20 andra
695 625 135 20 industriela
845 623 150 26 inrättningar

238 658 120 21 äfvensom
375 659 197 20 landthandlande
588 659 43 21 och
647 666 109 20 personer
765 661 56 18 utan
831 659 43 20 fast
884 657 110 28 egendom

237 693 76 20 betala
329 694 27 19 60
375 693 70 27 penni
462 693 33 21 för
511 693 78 27 hvarje
609 695 40 19 100
666 693 77 21 marks
759 693 109 26 inkomst,
884 692 60 21 dock
961 692 34 21 sä-

236 727 73 20 lunda
325 730 31 18 att
371 727 44 21 den
432 735 50 13 som
499 727 49 21 icke
564 727 60 21 hade
639 728 43 20 400
694 727 79 21 marks
784 727 102 20 inkomst
896 733 53 14 vore
960 726 33 21 fri.

236 761 76 21 Sedan
332 762 171 21 vederbörande
526 762 135 26 församling
684 762 43 21 och
752 762 116 25 löntagare
892 761 73 20 blifvit
987 760 8 21 i

237 796 72 20 saken
331 796 72 21 hörde
427 799 59 18 samt
509 796 152 27 domkapitlet
684 796 43 21 och
751 797 143 25 guvernören
909 795 87 26 afgifvit

236 830 159 27 underdäniga
425 831 133 20 utlåtanden
582 831 56 26 däri,
658 830 49 21 blef
727 829 140 27 regleringen
890 829 104 26 slutligen

237 864 105 21 faststäld
351 865 104 26 sålunda,
465 867 31 19 att
505 865 297 27 lägenhetsinnehafvarene
810 864 55 26 egde
876 864 75 20 betala
961 863 34 21 för

238 899 80 27 hvarje
341 900 47 20 helt
409 900 87 20 mantal
515 900 12 20 3
544 899 121 21 hektoliter
680 899 40 27 råg
735 899 45 21 och
798 900 25 19 12
839 898 66 21 mark
920 898 7 20 i
943 904 52 21 pen-

238 933 89 27 ningar,
350 933 78 27 hvarje
451 934 253 26 församlingsmedlem,
728 940 51 14 som
803 932 97 28 uppnått
917 933 25 19 16
959 932 36 21 års

238 967 70 26 ålder,
324 974 54 14 man
397 969 8 19 1
424 968 66 20 mark
506 968 27 20 20
549 968 69 27 penni
636 968 43 20 och
696 968 87 20 kvinna
800 968 27 20 60
836 966 75 28 penni,
921 967 75 20 äfven-

237 1008 52 14 som
306 1002 133 20 industriela
455 1002 55 20 verk
519 1002 43 20 och
570 1002 152 26 inrättningar
730 1004 60 18 samt
799 1000 196 21 landthandlande

238 1036 45 20 och
299 1036 72 26 öfriga
388 1042 108 21 personer
512 1039 54 17 utan
582 1036 44 20 fast
639 1036 111 26 egendom
764 1036 118 20 dessutom
891 1036 27 19 50
927 1035 68 27 penni

237 1070 36 20 för
298 1070 78 26 hvarje
403 1070 39 20 vid
471 1073 88 18 senaste
590 1070 242 26 kommunaltaxering
857 1069 138 27 uppskattad

237 1104 104 20 inkomst
363 1104 25 20 af
409 1104 123 21 etthundra
554 1104 72 26 mark,
651 1104 70 20 likväl
745 1104 25 20 så
794 1106 32 18 att
848 1103 34 26 de,
906 1103 89 20 hvilkas

238 1138 104 21 inkomst
365 1138 50 21 icke
438 1138 100 28 uppgick
561 1139 33 20 till
618 1138 138 21 femhundra
780 1138 66 20 mark
870 1144 52 14 vore
946 1137 50 21 från

238 1172 112 26 sistsagda
367 1173 63 25 afgift
446 1173 48 20 fria.

313 1206 96 21 Oafsedt
424 1207 44 20 den
485 1206 131 28 förhöjning
631 1214 39 13 om
687 1207 58 26 1,341
764 1206 68 21 mark
849 1207 24 19 17
890 1206 69 27 penni
975 1206 24 20 af

238 1241 181 27 presterskapets
432 1241 102 21 inkomst
545 1241 7 20 i
563 1249 32 13 nu
606 1241 174 26 ifrågavarande
791 1241 142 25 församling,
946 1247 50 14 som

238 1275 35 21 för
289 1275 66 27 öfrigt
367 1276 25 20 af
405 1275 225 27 regleringskomitén
642 1275 133 27 föreslagits,
781 1275 43 20 har
832 1274 165 28 presterskapet

238 1310 78 21 såsom
325 1312 30 18 ett
363 1310 129 27 ytterligare
500 1310 96 21 tillskott
607 1309 196 27 tillgodokommit
814 1309 45 20 alla
871 1308 28 21 de
910 1308 87 26 afgifter

238 1344 51 20 från
298 1344 135 21 industriela
442 1345 56 20 verk
507 1346 59 19 samt
578 1344 198 21 landthandlande
788 1343 44 21 och
841 1343 71 26 öfriga
923 1349 74 20 perso-

237 1385 42 13 ner
294 1380 55 18 utan
365 1378 45 21 fast
425 1378 119 26 egendom,
560 1385 50 14 som
622 1378 53 26 utgå
689 1378 52 21 med
755 1378 27 20 50
795 1377 70 27 penni
876 1377 35 20 för
919 1375 78 28 hvarje

239 1413 40 19 100
305 1412 78 21 marks
408 1412 109 21 inkomst.
549 1413 8 20 I
586 1412 113 21 afsaknad
724 1412 26 20 af
770 1411 85 26 nödiga
878 1410 119 27 uppgifter,

237 1446 80 20 hvilka
337 1446 109 21 utskottet
465 1447 49 20 icke
533 1447 49 20 haft
597 1446 33 21 tid
646 1447 44 20 och
705 1446 88 21 tillfälle
809 1447 32 18 att
856 1444 141 26 införskaffa,

237 1480 47 20 kan
301 1481 110 20 utskottet
423 1481 50 20 icke
485 1481 108 27 uppgifva
604 1481 33 20 till
649 1481 87 20 hvilket
748 1480 85 27 belopp
845 1478 153 28 nyssberörda

306 1525 49 22 Lag-
367 1525 32 17 och
412 1525 182 18 Ekonomiutskottets
607 1525 111 18 betänkande
730 1525 36 17 N:n
779 1525 29 17 16.
