1075 1748
205 155 27 20 12

204 221 65 19 måste
293 220 66 20 fästas
381 220 36 20 vid
440 220 60 20 deras
521 220 118 20 bevarande
654 219 32 20 för
701 219 121 21 kommande
837 219 58 20 tider.
926 220 33 20 Då

204 250 18 26 ej
244 250 66 20 häller
324 250 159 26 ifrågavarande
497 250 61 20 arkiv
573 249 46 21 med
635 249 96 21 afseende
753 250 11 19 &
785 249 52 20 vård
853 250 50 19 eller
918 250 40 20 för-

203 280 164 26 varingsplatser
383 280 82 20 befinna
480 280 33 25 sig
523 280 7 19 i
541 279 75 20 sådant
631 280 52 25 läge,
694 282 32 17 att
736 279 61 20 deras
807 279 91 21 innehåll
908 286 50 14 vore

204 310 126 20 säkerstäldt
345 313 54 17 emot
408 310 124 25 förstörelse,
542 310 38 20 bör
591 310 136 25 ovilkorligen
738 310 81 25 hänsyn
827 312 60 23 tagas
897 310 61 19 äfven

204 340 31 19 till
251 340 51 25 dem,
319 340 26 19 då
361 346 46 14 man
424 340 81 20 skrider
521 340 33 19 till
568 339 99 26 åtgärder
683 339 31 20 för
731 339 132 26 skyddandet
879 339 22 20 af
913 340 44 19 lan-

204 369 46 20 dets
266 373 78 17 smärre
361 370 64 20 arkiv.

276 400 57 20 Fullt
355 399 134 21 erkännande
510 400 37 19 bör
563 399 122 25 visserligen
701 399 68 25 gifvas
785 400 22 18 åt
823 398 39 21 den
878 399 23 20 af
914 399 43 19 lan-

204 429 46 20 dets
274 430 84 20 ständer
381 430 37 19 och
441 429 88 26 styrelse
548 432 126 22 gemensamt
693 429 99 25 vidtagna
809 429 80 25 åtgärd,
905 428 52 20 afse-

204 459 53 20 ende
272 466 25 13 en
314 460 67 20 bättre
397 459 53 21 vård
465 459 24 20 af
501 459 113 20 historiska
629 459 214 25 urkundssamlingar,
859 459 32 19 till
906 458 51 26 följd

203 489 77 20 hvaraf
292 490 8 19 i
315 496 25 13 en
356 489 63 26 nådig
437 489 123 25 förordning
578 489 22 20 af
616 490 24 18 år
653 489 56 19 1888
721 488 122 26 bestämdes,
854 491 31 17 att
900 488 57 20 äldre

203 519 124 26 handlingar
342 520 7 19 i
365 519 146 26 domsagornas
527 519 60 19 arkiv
604 519 66 19 skulle
686 518 32 20 för
733 521 31 17 att
779 519 68 19 bättre
863 518 94 21 förvaras

204 548 128 27 öfverflyttas
352 550 33 19 till
403 549 140 24 statsarkivet,
560 549 85 20 likasom
661 550 22 18 åt
698 548 36 21 det
749 548 23 20 af
785 548 172 21 statsarkivarien

204 579 77 20 doktor
296 580 25 19 R.
339 580 22 19 T.
378 580 85 19 Hausen
479 579 37 19 hos
532 579 122 26 regeringen
670 580 24 18 år
712 579 56 19 1889
784 578 121 20 framstälda
915 578 41 20 för-

204 608 68 26 slaget
282 616 32 13 om
324 609 164 26 kyrkoarkivens
497 608 143 21 öfverförande
652 608 31 20 till
695 616 76 13 samma
779 608 177 26 förvaringsplats,

204 638 79 20 hvilket
303 639 78 25 förslag
401 639 32 19 till
451 638 50 26 följd
517 638 23 20 af
553 638 151 26 domkapitlens
719 638 134 26 afstyrkande
869 639 88 19 utlåtan-

205 668 39 20 den
269 669 52 19 dock
336 669 18 25 ej
371 669 60 20 ledde
451 669 31 19 till
502 669 64 25 något
584 669 92 19 resultat.
707 668 118 20 Historiska
841 668 116 20 samfundet

204 698 41 20 kan
262 698 113 20 emellertid
391 699 18 25 ej
425 698 126 20 understöda
566 698 39 20 den
622 699 86 25 åsikten,
720 701 31 17 att
761 698 29 20 alt
798 698 158 26 arkivmaterial,

204 735 44 13 som
271 728 100 26 förtjänar
394 731 31 17 att
448 729 136 26 uppbevaras,
608 728 22 20 af
648 728 55 20 hvad
723 728 91 20 innehåll
833 728 34 20 det
883 731 25 17 än
923 729 34 19 må

204 765 56 19 vara,
283 758 63 20 borde
369 758 46 20 från
439 759 40 19 alla
501 758 81 20 landets
607 758 79 20 trakter
709 758 148 20 sammanföras
878 758 31 20 till
925 761 30 17 ett

204 788 184 26 förvaringsställe.
412 788 85 20 Oafsedt
513 788 40 20 den
569 788 184 26 omständigheten,
769 790 30 18 att
815 788 66 20 denna
897 788 59 26 plans

204 818 159 25 genomförande
383 818 68 20 blefve
473 818 91 25 omöjligt
584 818 63 20 redan
663 818 7 19 i
686 818 112 25 anledning
818 818 23 20 af
854 818 35 20 det
904 818 51 20 otill-

203 848 94 25 räckliga
320 851 111 23 utrymmet
445 848 8 20 i
468 849 47 19 vårt
537 848 121 20 nuvarande
681 847 119 25 statsarkiv,
819 849 23 18 så
857 854 48 14 vore
921 848 34 19 ho-

203 878 77 25 pandet
298 879 26 25 på
340 885 25 13 en
381 879 54 25 plats
446 878 23 20 af
477 879 46 19 vårt
533 878 61 20 lands
605 878 95 26 samtliga
710 878 112 19 historiska
833 877 122 26 handlingar

203 910 15 17 t.
234 915 18 12 o.
268 915 25 12 m.
309 908 94 20 förenadt
422 908 46 20 med
483 908 50 25 risk,
549 911 50 16 enär
614 908 26 19 de
656 911 13 16 t.
686 915 30 13 ex.
733 907 65 20 under
813 907 90 26 krigstid
917 908 38 19 lät-

203 937 77 26 teligen
303 938 76 24 kunde,
402 945 32 13 om
458 938 25 19 de
506 945 49 12 vore
571 937 90 20 samlade
676 938 7 19 i
699 937 159 25 hufvudstaden,
875 938 39 19 alla
929 939 27 24 pä

203 974 25 13 en
252 969 56 24 gång
331 967 92 26 undergå
441 968 123 19 förströelse.
595 968 25 25 Ej
636 968 66 19 häller
717 974 49 13 vore
781 970 30 17 ett
827 967 74 20 sådant
915 967 40 20 till-

202 997 134 25 vägagäende
368 998 91 25 önskligt
496 997 46 20 från
560 993 10 34 =
578 997 231 25 historieforskningens
843 997 112 26 synpunkt.

202 1026 134 26 Helsingfors
360 1027 78 20 komme
462 1027 101 26 nämligen
586 1027 8 20 i
610 1027 64 20 sådan
690 1027 99 20 händelse
804 1029 31 17 att
850 1034 50 13 vara
916 1027 39 19 den

203 1057 53 19 enda
280 1060 32 16 ort
326 1057 7 19 i
350 1059 46 18 vårt
411 1057 54 24 land,
482 1057 37 20 där
535 1060 29 17 ett
580 1058 27 25 på
622 1057 93 26 orginala
731 1057 106 19 urkunder
852 1057 104 25 grundadt

202 1087 110 19 historiskt
334 1087 190 26 forskningsarbete
546 1087 69 20 blefve
637 1087 84 25 möjligt.
753 1086 68 20 Också
843 1086 35 20 det
896 1087 60 25 ringa

202 1116 113 20 historiska
330 1117 94 25 intresse,
440 1124 43 13 som
499 1117 31 19 för
545 1117 130 19 närvarande
690 1116 109 20 förefinnes
813 1116 7 19 i
831 1116 124 25 landsorten,

202 1146 68 19 skulle
290 1147 86 19 sålunda
392 1147 107 26 ohjälpligt
514 1147 26 19 dö
556 1147 52 24 bort,
624 1147 27 19 då
666 1147 48 25 inga
731 1147 56 24 slags
803 1146 153 25 källsamlingar

202 1175 60 20 stode
278 1176 45 19 dem
339 1177 31 18 till
386 1177 59 24 buds,
461 1177 70 19 hvilka
546 1176 32 20 för
593 1177 32 19 sin
641 1177 91 19 utkomst
747 1177 66 19 måste
827 1177 81 19 bosätta
924 1176 32 25 sig

202 1208 56 17 utom
282 1206 159 20 hufvudstaden.
472 1207 32 19 Då
527 1206 114 20 emellertid
664 1206 89 20 flertalet
775 1205 23 20 af
818 1205 52 26 dem,
885 1205 71 20 hvilka

201 1235 68 20 under
292 1236 44 19 sina
360 1236 109 19 studentår
487 1239 61 22 egnat
564 1236 32 25 sig
612 1237 21 18 åt
648 1236 112 20 historiska
776 1235 85 26 studier,
876 1236 80 19 komma

201 1265 32 20 till
255 1265 126 26 landsorten,
403 1266 31 20 till
458 1266 120 19 skollärare-
594 1266 38 19 och
650 1266 66 19 andra
731 1265 92 26 tjänster,
839 1265 66 20 skulle
921 1265 35 20 det

201 1294 107 21 förorsaka
332 1295 40 20 den
395 1295 106 20 inhemska
520 1295 134 26 forskningen
670 1298 44 17 stor
731 1295 70 25 skada,
817 1302 32 13 om
865 1295 7 20 i
887 1295 68 20 lands-

202 1327 59 17 orten
285 1325 18 25 ej
319 1325 74 20 funnes
408 1325 161 26 källsamlingar,
585 1332 42 13 som
644 1325 69 20 kunde
729 1325 150 20 tillfredsställa
895 1325 60 20 deras

200 1354 114 20 historiska
336 1355 167 26 forskningslust.
534 1355 42 20 Det
596 1358 23 17 är
634 1355 61 25 klart,
711 1358 31 17 att
757 1355 198 26 förvaringsplatsen

201 1383 33 20 för
258 1384 77 20 sådana
358 1385 112 25 urkunder,
493 1392 43 13 som
552 1385 72 26 belysa
639 1385 46 20 hela
700 1385 83 20 landets
798 1385 103 19 allmänna
914 1384 41 19 till-

200 1414 63 19 stånd
278 1415 38 19 och
331 1415 126 25 utveckling,
474 1414 105 25 själffallet
594 1415 38 19 bör
648 1421 50 14 vara
713 1414 141 26 statsarkivet,
870 1414 37 20 och
923 1414 32 19 för

200 1446 31 17 att
255 1444 71 20 kunna
348 1445 94 25 begagna
467 1445 32 25 sig
521 1445 24 19 af
566 1445 50 25 dem,
640 1446 65 18 måste
726 1444 121 20 forskarena
861 1443 94 21 bedrifva
