<?xml version="1.0" encoding="UTF-8"?>
<alto xmlns="http://www.loc.gov/standards/alto/ns-v3#" xmlns:xlink="http://www.w3.org/1999/xlink" xmlns:xsi="http://www.w3.org/2001/XMLSchema-instance" xsi:schemaLocation="http://www.loc.gov/standards/alto/ns-v3# http://www.loc.gov/alto/v3/alto-3-0.xsd">
	<Description>
		<MeasurementUnit>pixel</MeasurementUnit>
		<sourceImageInformation>
			<fileName>/tmp/tess_8sapnmnq_input.PNG</fileName>
		</sourceImageInformation>
		<OCRProcessing ID="OCR_0">
			<ocrProcessingStep>
				<processingSoftware>
					<softwareName>tesseract 5.3.4</softwareName>
				</processingSoftware>
			</ocrProcessingStep>
		</OCRProcessing>
	</Description>
	<Layout>
		<Page WIDTH="1056" HEIGHT="1734" PHYSICAL_IMG_NR="0" ID="page_0">
			<PrintSpace HPOS="0" VPOS="0" WIDTH="1056" HEIGHT="1734">
				<ComposedBlock ID="cblock_0" HPOS="178" VPOS="176" WIDTH="616" HEIGHT="91">
					<TextBlock ID="block_0" HPOS="178" VPOS="176" WIDTH="616" HEIGHT="82">
						<TextLine ID="line_0" HPOS="338" VPOS="176" WIDTH="300" HEIGHT="28">
							<String ID="string_0" HPOS="338" VPOS="176" WIDTH="300" HEIGHT="28" WC="0.90" CONTENT="Petitionsmemorial."/>
						</TextLine>
						<TextLine ID="line_1" HPOS="178" VPOS="231" WIDTH="616" HEIGHT="36">
							<String ID="string_1" HPOS="178" VPOS="231" WIDTH="118" HEIGHT="36" WC="0.92" CONTENT="Bondest."/><SP WIDTH="385" VPOS="231" HPOS="296"/>
							<String ID="string_2" HPOS="681" VPOS="234" WIDTH="45" HEIGHT="23" WC="0.94" CONTENT="N:o"/><SP WIDTH="16" VPOS="234" HPOS="726"/>
							<String ID="string_3" HPOS="742" VPOS="234" WIDTH="52" HEIGHT="23" WC="0.96" CONTENT="123."/>
						</TextLine>
					</TextBlock>
				</ComposedBlock>
				<ComposedBlock ID="cblock_1" HPOS="274" VPOS="431" WIDTH="524" HEIGHT="78">
					<TextBlock ID="block_1" HPOS="274" VPOS="431" WIDTH="524" HEIGHT="78">
						<TextLine ID="line_2" HPOS="647" VPOS="431" WIDTH="151" HEIGHT="27">
							<String ID="string_4" HPOS="647" VPOS="431" WIDTH="151" HEIGHT="27" WC="0.90" CONTENT="(Öfversättning.)"/>
						</TextLine>
						<TextLine ID="line_3" HPOS="274" VPOS="487" WIDTH="431" HEIGHT="22">
							<String ID="string_5" HPOS="274" VPOS="487" WIDTH="47" HEIGHT="21" WC="0.93" CONTENT="Till"/><SP WIDTH="16" VPOS="487" HPOS="321"/>
							<String ID="string_6" HPOS="337" VPOS="488" WIDTH="157" HEIGHT="20" WC="0.91" CONTENT="Hedervärda"/><SP WIDTH="14" VPOS="488" HPOS="494"/>
							<String ID="string_7" HPOS="508" VPOS="489" WIDTH="197" HEIGHT="20" WC="0.91" CONTENT="Bondeståndet."/>
						</TextLine>
					</TextBlock>
				</ComposedBlock>
				<ComposedBlock ID="cblock_2" HPOS="106" VPOS="545" WIDTH="763" HEIGHT="970">
					<TextBlock ID="block_2" HPOS="106" VPOS="545" WIDTH="763" HEIGHT="513">
						<TextLine ID="line_4" HPOS="179" VPOS="545" WIDTH="689" HEIGHT="26">
							<String ID="string_8" HPOS="179" VPOS="545" WIDTH="40" HEIGHT="20" WC="0.96" CONTENT="Det"/><SP WIDTH="22" VPOS="545" HPOS="219"/>
							<String ID="string_9" HPOS="241" VPOS="548" WIDTH="23" HEIGHT="17" WC="0.96" CONTENT="är"/><SP WIDTH="20" VPOS="548" HPOS="264"/>
							<String ID="string_10" HPOS="284" VPOS="551" WIDTH="24" HEIGHT="14" WC="0.96" CONTENT="en"/><SP WIDTH="21" VPOS="551" HPOS="308"/>
							<String ID="string_11" HPOS="329" VPOS="545" WIDTH="54" HEIGHT="20" WC="0.96" CONTENT="känd"/><SP WIDTH="20" VPOS="545" HPOS="383"/>
							<String ID="string_12" HPOS="403" VPOS="545" WIDTH="43" HEIGHT="26" WC="0.96" CONTENT="sak,"/><SP WIDTH="24" VPOS="545" HPOS="446"/>
							<String ID="string_13" HPOS="470" VPOS="547" WIDTH="30" HEIGHT="18" WC="0.96" CONTENT="att"/><SP WIDTH="20" VPOS="547" HPOS="500"/>
							<String ID="string_14" HPOS="520" VPOS="551" WIDTH="44" HEIGHT="14" WC="0.96" CONTENT="man"/><SP WIDTH="13" VPOS="551" HPOS="564"/>
							<String ID="string_15" HPOS="577" VPOS="545" WIDTH="93" HEIGHT="20" WC="0.96" CONTENT="öfverallt"/><SP WIDTH="14" VPOS="545" HPOS="670"/>
							<String ID="string_16" HPOS="684" VPOS="546" WIDTH="6" HEIGHT="19" WC="0.96" CONTENT="i"/><SP WIDTH="16" VPOS="546" HPOS="690"/>
							<String ID="string_17" HPOS="706" VPOS="546" WIDTH="44" HEIGHT="19" WC="0.96" CONTENT="vårt"/><SP WIDTH="15" VPOS="546" HPOS="750"/>
							<String ID="string_18" HPOS="765" VPOS="545" WIDTH="52" HEIGHT="24" WC="0.95" CONTENT="land,"/><SP WIDTH="16" VPOS="545" HPOS="817"/>
							<String ID="string_19" HPOS="833" VPOS="546" WIDTH="35" HEIGHT="18" WC="0.96" CONTENT="der"/>
						</TextLine>
						<TextLine ID="line_5" HPOS="106" VPOS="573" WIDTH="761" HEIGHT="26">
							<String ID="string_20" HPOS="106" VPOS="575" WIDTH="107" HEIGHT="24" WC="0.92" CONTENT="jernvägar"/><SP WIDTH="15" VPOS="575" HPOS="213"/>
							<String ID="string_21" HPOS="228" VPOS="577" WIDTH="52" HEIGHT="17" WC="0.93" CONTENT="ännu"/><SP WIDTH="16" VPOS="577" HPOS="280"/>
							<String ID="string_22" HPOS="296" VPOS="574" WIDTH="80" HEIGHT="23" WC="0.93" CONTENT="saknas,"/><SP WIDTH="15" VPOS="574" HPOS="376"/>
							<String ID="string_23" HPOS="391" VPOS="574" WIDTH="96" HEIGHT="19" WC="0.92" CONTENT="åstundar"/><SP WIDTH="15" VPOS="574" HPOS="487"/>
							<String ID="string_24" HPOS="502" VPOS="575" WIDTH="45" HEIGHT="19" WC="0.96" CONTENT="dem"/><SP WIDTH="15" VPOS="575" HPOS="547"/>
							<String ID="string_25" HPOS="562" VPOS="575" WIDTH="6" HEIGHT="18" WC="0.96" CONTENT="i"/><SP WIDTH="16" VPOS="575" HPOS="568"/>
							<String ID="string_26" HPOS="584" VPOS="575" WIDTH="22" HEIGHT="19" WC="0.96" CONTENT="så"/><SP WIDTH="15" VPOS="575" HPOS="606"/>
							<String ID="string_27" HPOS="621" VPOS="575" WIDTH="39" HEIGHT="24" WC="0.96" CONTENT="hög"/><SP WIDTH="15" VPOS="575" HPOS="660"/>
							<String ID="string_28" HPOS="675" VPOS="575" WIDTH="55" HEIGHT="23" WC="0.96" CONTENT="grad,"/><SP WIDTH="16" VPOS="575" HPOS="730"/>
							<String ID="string_29" HPOS="746" VPOS="576" WIDTH="30" HEIGHT="18" WC="0.96" CONTENT="att"/><SP WIDTH="15" VPOS="576" HPOS="776"/>
							<String ID="string_30" HPOS="791" VPOS="575" WIDTH="17" HEIGHT="24" WC="0.93" CONTENT="ej"/><SP WIDTH="12" VPOS="575" HPOS="808"/>
							<String ID="string_31" HPOS="820" VPOS="573" WIDTH="47" HEIGHT="20" WC="0.92" CONTENT="alle-"/>
						</TextLine>
						<TextLine ID="line_6" HPOS="108" VPOS="603" WIDTH="759" HEIGHT="25">
							<String ID="string_32" HPOS="108" VPOS="606" WIDTH="46" HEIGHT="17" WC="0.96" CONTENT="nast"/><SP WIDTH="21" VPOS="606" HPOS="154"/>
							<String ID="string_33" HPOS="175" VPOS="603" WIDTH="122" HEIGHT="25" WC="0.95" CONTENT="kommuner,"/><SP WIDTH="19" VPOS="603" HPOS="297"/>
							<String ID="string_34" HPOS="316" VPOS="605" WIDTH="47" HEIGHT="17" WC="0.95" CONTENT="utan"/><SP WIDTH="23" VPOS="605" HPOS="363"/>
							<String ID="string_35" HPOS="386" VPOS="603" WIDTH="114" HEIGHT="20" WC="0.95" CONTENT="tillochmed"/><SP WIDTH="16" VPOS="603" HPOS="500"/>
							<String ID="string_36" HPOS="516" VPOS="605" WIDTH="74" HEIGHT="18" WC="0.96" CONTENT="smärre"/><SP WIDTH="15" VPOS="605" HPOS="590"/>
							<String ID="string_37" HPOS="605" VPOS="603" WIDTH="49" HEIGHT="24" WC="0.93" CONTENT="byar"/><SP WIDTH="16" VPOS="603" HPOS="654"/>
							<String ID="string_38" HPOS="670" VPOS="603" WIDTH="118" HEIGHT="20" WC="0.90" CONTENT="föranstalta"/><SP WIDTH="14" VPOS="603" HPOS="788"/>
							<String ID="string_39" HPOS="802" VPOS="604" WIDTH="65" HEIGHT="18" WC="0.96" CONTENT="möten"/>
						</TextLine>
						<TextLine ID="line_7" HPOS="108" VPOS="631" WIDTH="760" HEIGHT="25">
							<String ID="string_40" HPOS="108" VPOS="631" WIDTH="32" HEIGHT="21" WC="0.93" CONTENT="för"/><SP WIDTH="17" VPOS="631" HPOS="140"/>
							<String ID="string_41" HPOS="157" VPOS="632" WIDTH="131" HEIGHT="24" WC="0.90" CONTENT="rådplägning"/><SP WIDTH="15" VPOS="632" HPOS="288"/>
							<String ID="string_42" HPOS="303" VPOS="634" WIDTH="51" HEIGHT="17" WC="0.93" CONTENT="samt"/><SP WIDTH="14" VPOS="634" HPOS="354"/>
							<String ID="string_43" HPOS="368" VPOS="631" WIDTH="115" HEIGHT="20" WC="0.91" CONTENT="utlofvande"/><SP WIDTH="15" VPOS="631" HPOS="483"/>
							<String ID="string_44" HPOS="498" VPOS="631" WIDTH="22" HEIGHT="20" WC="0.96" CONTENT="af"/><SP WIDTH="13" VPOS="631" HPOS="520"/>
							<String ID="string_45" HPOS="533" VPOS="632" WIDTH="71" HEIGHT="24" WC="0.93" CONTENT="bidrag"/><SP WIDTH="14" VPOS="632" HPOS="604"/>
							<String ID="string_46" HPOS="618" VPOS="632" WIDTH="32" HEIGHT="19" WC="0.97" CONTENT="för"/><SP WIDTH="15" VPOS="632" HPOS="650"/>
							<String ID="string_47" HPOS="665" VPOS="637" WIDTH="23" HEIGHT="14" WC="0.96" CONTENT="en"/><SP WIDTH="17" VPOS="637" HPOS="688"/>
							<String ID="string_48" HPOS="705" VPOS="632" WIDTH="67" HEIGHT="24" WC="0.93" CONTENT="möjlig"/><SP WIDTH="13" VPOS="632" HPOS="772"/>
							<String ID="string_49" HPOS="785" VPOS="632" WIDTH="83" HEIGHT="24" WC="0.91" CONTENT="jernväg"/>
						</TextLine>
						<TextLine ID="line_8" HPOS="108" VPOS="659" WIDTH="759" HEIGHT="27">
							<String ID="string_50" HPOS="108" VPOS="661" WIDTH="32" HEIGHT="19" WC="0.94" CONTENT="till"/><SP WIDTH="23" VPOS="661" HPOS="140"/>
							<String ID="string_51" HPOS="163" VPOS="662" WIDTH="63" HEIGHT="18" WC="0.96" CONTENT="orten."/><SP WIDTH="30" VPOS="662" HPOS="226"/>
							<String ID="string_52" HPOS="256" VPOS="660" WIDTH="61" HEIGHT="20" WC="0.93" CONTENT="Detta"/><SP WIDTH="15" VPOS="660" HPOS="317"/>
							<String ID="string_53" HPOS="332" VPOS="660" WIDTH="139" HEIGHT="26" WC="0.91" CONTENT="ådagalägger,"/><SP WIDTH="15" VPOS="660" HPOS="471"/>
							<String ID="string_54" HPOS="486" VPOS="663" WIDTH="30" HEIGHT="16" WC="0.96" CONTENT="att"/><SP WIDTH="16" VPOS="663" HPOS="516"/>
							<String ID="string_55" HPOS="532" VPOS="666" WIDTH="30" HEIGHT="14" WC="0.96" CONTENT="om"/><SP WIDTH="15" VPOS="666" HPOS="562"/>
							<String ID="string_56" HPOS="577" VPOS="660" WIDTH="51" HEIGHT="20" WC="0.96" CONTENT="blott"/><SP WIDTH="15" VPOS="660" HPOS="628"/>
							<String ID="string_57" HPOS="643" VPOS="661" WIDTH="64" HEIGHT="19" WC="0.96" CONTENT="medel"/><SP WIDTH="15" VPOS="661" HPOS="707"/>
							<String ID="string_58" HPOS="722" VPOS="661" WIDTH="78" HEIGHT="23" WC="0.96" CONTENT="funnes,"/><SP WIDTH="16" VPOS="661" HPOS="800"/>
							<String ID="string_59" HPOS="816" VPOS="659" WIDTH="51" HEIGHT="20" WC="0.94" CONTENT="hade"/>
						</TextLine>
						<TextLine ID="line_9" HPOS="108" VPOS="689" WIDTH="760" HEIGHT="26">
							<String ID="string_60" HPOS="108" VPOS="695" WIDTH="44" HEIGHT="14" WC="0.96" CONTENT="man"/><SP WIDTH="22" VPOS="695" HPOS="152"/>
							<String ID="string_61" HPOS="174" VPOS="695" WIDTH="39" HEIGHT="18" WC="0.95" CONTENT="nog"/><SP WIDTH="22" VPOS="695" HPOS="213"/>
							<String ID="string_62" HPOS="235" VPOS="689" WIDTH="85" HEIGHT="19" WC="0.95" CONTENT="intresse"/><SP WIDTH="23" VPOS="689" HPOS="320"/>
							<String ID="string_63" HPOS="343" VPOS="689" WIDTH="32" HEIGHT="19" WC="0.96" CONTENT="för"/><SP WIDTH="19" VPOS="689" HPOS="375"/>
							<String ID="string_64" HPOS="394" VPOS="689" WIDTH="62" HEIGHT="20" WC="0.96" CONTENT="saken"/><SP WIDTH="16" VPOS="689" HPOS="456"/>
							<String ID="string_65" HPOS="472" VPOS="689" WIDTH="5" HEIGHT="19" WC="0.96" CONTENT="i"/><SP WIDTH="22" VPOS="689" HPOS="477"/>
							<String ID="string_66" HPOS="499" VPOS="689" WIDTH="62" HEIGHT="20" WC="0.96" CONTENT="sådan"/><SP WIDTH="15" VPOS="689" HPOS="561"/>
							<String ID="string_67" HPOS="576" VPOS="689" WIDTH="57" HEIGHT="26" WC="0.96" CONTENT="grad,"/><SP WIDTH="16" VPOS="689" HPOS="633"/>
							<String ID="string_68" HPOS="649" VPOS="692" WIDTH="29" HEIGHT="17" WC="0.96" CONTENT="att"/><SP WIDTH="15" VPOS="692" HPOS="678"/>
							<String ID="string_69" HPOS="693" VPOS="695" WIDTH="44" HEIGHT="14" WC="0.97" CONTENT="man"/><SP WIDTH="17" VPOS="695" HPOS="737"/>
							<String ID="string_70" HPOS="754" VPOS="689" WIDTH="93" HEIGHT="20" WC="0.94" CONTENT="öfverallt"/><SP WIDTH="14" VPOS="689" HPOS="847"/>
							<String ID="string_71" HPOS="861" VPOS="689" WIDTH="7" HEIGHT="18" WC="0.96" CONTENT="i"/>
						</TextLine>
						<TextLine ID="line_10" HPOS="108" VPOS="717" WIDTH="760" HEIGHT="27">
							<String ID="string_72" HPOS="108" VPOS="718" WIDTH="45" HEIGHT="19" WC="0.96" CONTENT="vårt"/><SP WIDTH="21" VPOS="718" HPOS="153"/>
							<String ID="string_73" HPOS="174" VPOS="718" WIDTH="47" HEIGHT="19" WC="0.95" CONTENT="land"/><SP WIDTH="20" VPOS="718" HPOS="221"/>
							<String ID="string_74" HPOS="241" VPOS="717" WIDTH="64" HEIGHT="20" WC="0.95" CONTENT="skulle"/><SP WIDTH="15" VPOS="717" HPOS="305"/>
							<String ID="string_75" HPOS="320" VPOS="718" WIDTH="64" HEIGHT="24" WC="0.93" CONTENT="bygga"/><SP WIDTH="17" VPOS="718" HPOS="384"/>
							<String ID="string_76" HPOS="401" VPOS="718" WIDTH="106" HEIGHT="24" WC="0.91" CONTENT="jernvägar"/><SP WIDTH="22" VPOS="718" HPOS="507"/>
							<String ID="string_77" HPOS="529" VPOS="718" WIDTH="26" HEIGHT="24" WC="0.96" CONTENT="på"/><SP WIDTH="18" VPOS="718" HPOS="555"/>
							<String ID="string_78" HPOS="573" VPOS="723" WIDTH="48" HEIGHT="19" WC="0.95" CONTENT="egen"/><SP WIDTH="22" VPOS="723" HPOS="621"/>
							<String ID="string_79" HPOS="643" VPOS="718" WIDTH="118" HEIGHT="26" WC="0.95" CONTENT="bekostnad,"/><SP WIDTH="15" VPOS="718" HPOS="761"/>
							<String ID="string_80" HPOS="776" VPOS="721" WIDTH="47" HEIGHT="16" WC="0.96" CONTENT="utan"/><SP WIDTH="16" VPOS="721" HPOS="823"/>
							<String ID="string_81" HPOS="839" VPOS="719" WIDTH="29" HEIGHT="17" WC="0.95" CONTENT="att"/>
						</TextLine>
						<TextLine ID="line_11" HPOS="108" VPOS="745" WIDTH="760" HEIGHT="26">
							<String ID="string_82" HPOS="108" VPOS="746" WIDTH="84" HEIGHT="20" WC="0.96" CONTENT="besvära"/><SP WIDTH="15" VPOS="746" HPOS="192"/>
							<String ID="string_83" HPOS="207" VPOS="747" WIDTH="115" HEIGHT="23" WC="0.96" CONTENT="regeringen"/><SP WIDTH="16" VPOS="747" HPOS="322"/>
							<String ID="string_84" HPOS="338" VPOS="747" WIDTH="26" HEIGHT="23" WC="0.96" CONTENT="på"/><SP WIDTH="15" VPOS="747" HPOS="364"/>
							<String ID="string_85" HPOS="379" VPOS="749" WIDTH="61" HEIGHT="16" WC="0.93" CONTENT="annat"/><SP WIDTH="15" VPOS="749" HPOS="440"/>
							<String ID="string_86" HPOS="455" VPOS="749" WIDTH="46" HEIGHT="22" WC="0.96" CONTENT="sätt,"/><SP WIDTH="16" VPOS="749" HPOS="501"/>
							<String ID="string_87" HPOS="517" VPOS="749" WIDTH="25" HEIGHT="16" WC="0.96" CONTENT="än"/><SP WIDTH="15" VPOS="749" HPOS="542"/>
							<String ID="string_88" HPOS="557" VPOS="747" WIDTH="43" HEIGHT="18" WC="0.96" CONTENT="med"/><SP WIDTH="16" VPOS="747" HPOS="600"/>
							<String ID="string_89" HPOS="616" VPOS="747" WIDTH="93" HEIGHT="19" WC="0.80" CONTENT="anhållan"/><SP WIDTH="15" VPOS="747" HPOS="709"/>
							<String ID="string_90" HPOS="724" VPOS="752" WIDTH="31" HEIGHT="14" WC="0.93" CONTENT="om"/><SP WIDTH="16" VPOS="752" HPOS="755"/>
							<String ID="string_91" HPOS="771" VPOS="745" WIDTH="97" HEIGHT="20" WC="0.92" CONTENT="statssub-"/>
						</TextLine>
						<TextLine ID="line_12" HPOS="109" VPOS="774" WIDTH="759" HEIGHT="25">
							<String ID="string_92" HPOS="109" VPOS="776" WIDTH="88" HEIGHT="19" WC="0.89" CONTENT="vention."/><SP WIDTH="29" VPOS="776" HPOS="197"/>
							<String ID="string_93" HPOS="226" VPOS="775" WIDTH="76" HEIGHT="24" WC="0.96" CONTENT="Tyvärr"/><SP WIDTH="19" VPOS="775" HPOS="302"/>
							<String ID="string_94" HPOS="321" VPOS="775" WIDTH="84" HEIGHT="24" WC="0.96" CONTENT="gestalta"/><SP WIDTH="16" VPOS="775" HPOS="405"/>
							<String ID="string_95" HPOS="421" VPOS="775" WIDTH="30" HEIGHT="24" WC="0.96" CONTENT="sig"/><SP WIDTH="16" VPOS="775" HPOS="451"/>
							<String ID="string_96" HPOS="467" VPOS="775" WIDTH="51" HEIGHT="20" WC="0.97" CONTENT="dock"/><SP WIDTH="16" VPOS="775" HPOS="518"/>
							<String ID="string_97" HPOS="534" VPOS="775" WIDTH="150" HEIGHT="20" WC="0.69" CONTENT="förhållandena"/><SP WIDTH="16" VPOS="775" HPOS="684"/>
							<String ID="string_98" HPOS="700" VPOS="775" WIDTH="123" HEIGHT="20" WC="0.93" CONTENT="annorlunda"/><SP WIDTH="16" VPOS="775" HPOS="823"/>
							<String ID="string_99" HPOS="839" VPOS="774" WIDTH="29" HEIGHT="20" WC="0.92" CONTENT="ät-"/>
						</TextLine>
						<TextLine ID="line_13" HPOS="108" VPOS="803" WIDTH="759" HEIGHT="26">
							<String ID="string_100" HPOS="108" VPOS="804" WIDTH="97" HEIGHT="19" WC="0.93" CONTENT="minstone"/><SP WIDTH="15" VPOS="804" HPOS="205"/>
							<String ID="string_101" HPOS="220" VPOS="803" WIDTH="8" HEIGHT="20" WC="0.96" CONTENT="i"/><SP WIDTH="15" VPOS="803" HPOS="228"/>
							<String ID="string_102" HPOS="243" VPOS="803" WIDTH="96" HEIGHT="20" WC="0.96" CONTENT="Savolaks"/><SP WIDTH="14" VPOS="803" HPOS="339"/>
							<String ID="string_103" HPOS="353" VPOS="803" WIDTH="38" HEIGHT="20" WC="0.96" CONTENT="och"/><SP WIDTH="15" VPOS="803" HPOS="391"/>
							<String ID="string_104" HPOS="406" VPOS="803" WIDTH="94" HEIGHT="26" WC="0.95" CONTENT="Karelen,"/><SP WIDTH="14" VPOS="803" HPOS="500"/>
							<String ID="string_105" HPOS="514" VPOS="803" WIDTH="81" HEIGHT="20" WC="0.96" CONTENT="hvarest"/><SP WIDTH="14" VPOS="803" HPOS="595"/>
							<String ID="string_106" HPOS="609" VPOS="804" WIDTH="32" HEIGHT="19" WC="0.96" CONTENT="för"/><SP WIDTH="15" VPOS="804" HPOS="641"/>
							<String ID="string_107" HPOS="656" VPOS="804" WIDTH="124" HEIGHT="19" WC="0.96" CONTENT="närvarande"/><SP WIDTH="15" VPOS="804" HPOS="780"/>
							<String ID="string_108" HPOS="795" VPOS="803" WIDTH="72" HEIGHT="20" WC="0.96" CONTENT="saknas"/>
						</TextLine>
						<TextLine ID="line_14" HPOS="110" VPOS="832" WIDTH="758" HEIGHT="24">
							<String ID="string_109" HPOS="110" VPOS="832" WIDTH="36" HEIGHT="20" WC="0.96" CONTENT="och"/><SP WIDTH="22" VPOS="832" HPOS="146"/>
							<String ID="string_110" HPOS="168" VPOS="832" WIDTH="85" HEIGHT="23" WC="0.95" CONTENT="troligen"/><SP WIDTH="21" VPOS="832" HPOS="253"/>
							<String ID="string_111" HPOS="274" VPOS="833" WIDTH="63" HEIGHT="19" WC="0.96" CONTENT="under"/><SP WIDTH="21" VPOS="833" HPOS="337"/>
							<String ID="string_112" HPOS="358" VPOS="832" WIDTH="76" HEIGHT="24" WC="0.96" CONTENT="ganska"/><SP WIDTH="17" VPOS="832" HPOS="434"/>
							<String ID="string_113" HPOS="451" VPOS="832" WIDTH="47" HEIGHT="24" WC="0.96" CONTENT="lång"/><SP WIDTH="19" VPOS="832" HPOS="498"/>
							<String ID="string_114" HPOS="517" VPOS="832" WIDTH="30" HEIGHT="19" WC="0.96" CONTENT="tid"/><SP WIDTH="16" VPOS="832" HPOS="547"/>
							<String ID="string_115" HPOS="563" VPOS="832" WIDTH="71" HEIGHT="20" WC="0.96" CONTENT="framåt"/><SP WIDTH="14" VPOS="832" HPOS="634"/>
							<String ID="string_116" HPOS="648" VPOS="833" WIDTH="88" HEIGHT="19" WC="0.96" CONTENT="kommer"/><SP WIDTH="15" VPOS="833" HPOS="736"/>
							<String ID="string_117" HPOS="751" VPOS="835" WIDTH="29" HEIGHT="17" WC="0.96" CONTENT="att"/><SP WIDTH="15" VPOS="835" HPOS="780"/>
							<String ID="string_118" HPOS="795" VPOS="832" WIDTH="73" HEIGHT="19" WC="0.96" CONTENT="saknas"/>
						</TextLine>
						<TextLine ID="line_15" HPOS="109" VPOS="859" WIDTH="760" HEIGHT="27">
							<String ID="string_119" HPOS="109" VPOS="863" WIDTH="64" HEIGHT="17" WC="0.96" CONTENT="större"/><SP WIDTH="23" VPOS="863" HPOS="173"/>
							<String ID="string_120" HPOS="196" VPOS="861" WIDTH="132" HEIGHT="25" WC="0.96" CONTENT="kapitalister,"/><SP WIDTH="25" VPOS="861" HPOS="328"/>
							<String ID="string_121" HPOS="353" VPOS="861" WIDTH="67" HEIGHT="19" WC="0.96" CONTENT="hvilka"/><SP WIDTH="15" VPOS="861" HPOS="420"/>
							<String ID="string_122" HPOS="435" VPOS="861" WIDTH="66" HEIGHT="20" WC="0.93" CONTENT="kunde"/><SP WIDTH="16" VPOS="861" HPOS="501"/>
							<String ID="string_123" HPOS="517" VPOS="861" WIDTH="140" HEIGHT="20" WC="0.92" CONTENT="sammansluta"/><SP WIDTH="15" VPOS="861" HPOS="657"/>
							<String ID="string_124" HPOS="672" VPOS="861" WIDTH="31" HEIGHT="25" WC="0.96" CONTENT="sig"/><SP WIDTH="15" VPOS="861" HPOS="703"/>
							<String ID="string_125" HPOS="718" VPOS="861" WIDTH="30" HEIGHT="19" WC="0.95" CONTENT="till"/><SP WIDTH="15" VPOS="861" HPOS="748"/>
							<String ID="string_126" HPOS="763" VPOS="861" WIDTH="59" HEIGHT="24" WC="0.96" CONTENT="bolag"/><SP WIDTH="15" VPOS="861" HPOS="822"/>
							<String ID="string_127" HPOS="837" VPOS="859" WIDTH="32" HEIGHT="21" WC="0.96" CONTENT="för"/>
						</TextLine>
						<TextLine ID="line_16" HPOS="109" VPOS="890" WIDTH="760" HEIGHT="24">
							<String ID="string_128" HPOS="109" VPOS="890" WIDTH="75" HEIGHT="19" WC="0.96" CONTENT="sådana"/><SP WIDTH="7" VPOS="890" HPOS="184"/>
							<String ID="string_129" HPOS="191" VPOS="890" WIDTH="87" HEIGHT="24" WC="0.93" CONTENT="företags"/><SP WIDTH="9" VPOS="890" HPOS="278"/>
							<String ID="string_130" HPOS="287" VPOS="890" WIDTH="142" HEIGHT="19" WC="0.91" CONTENT="realiserande."/><SP WIDTH="16" VPOS="890" HPOS="429"/>
							<String ID="string_131" HPOS="445" VPOS="890" WIDTH="136" HEIGHT="24" WC="0.92" CONTENT="Jernvägarne"/><SP WIDTH="11" VPOS="890" HPOS="581"/>
							<String ID="string_132" HPOS="592" VPOS="892" WIDTH="35" HEIGHT="18" WC="0.96" CONTENT="äro"/><SP WIDTH="11" VPOS="892" HPOS="627"/>
							<String ID="string_133" HPOS="638" VPOS="890" WIDTH="22" HEIGHT="20" WC="0.96" CONTENT="så"/><SP WIDTH="10" VPOS="890" HPOS="660"/>
							<String ID="string_134" HPOS="670" VPOS="890" WIDTH="113" HEIGHT="24" WC="0.96" CONTENT="betydande"/><SP WIDTH="9" VPOS="890" HPOS="783"/>
							<String ID="string_135" HPOS="792" VPOS="890" WIDTH="77" HEIGHT="23" WC="0.96" CONTENT="företag"/>
						</TextLine>
						<TextLine ID="line_17" HPOS="109" VPOS="918" WIDTH="760" HEIGHT="26">
							<String ID="string_136" HPOS="109" VPOS="918" WIDTH="37" HEIGHT="20" WC="0.92" CONTENT="och"/><SP WIDTH="12" VPOS="918" HPOS="146"/>
							<String ID="string_137" HPOS="158" VPOS="918" WIDTH="73" HEIGHT="20" WC="0.91" CONTENT="kräfva"/><SP WIDTH="14" VPOS="918" HPOS="231"/>
							<String ID="string_138" HPOS="245" VPOS="918" WIDTH="23" HEIGHT="20" WC="0.96" CONTENT="så"/><SP WIDTH="15" VPOS="918" HPOS="268"/>
							<String ID="string_139" HPOS="283" VPOS="921" WIDTH="54" HEIGHT="17" WC="0.96" CONTENT="stora"/><SP WIDTH="16" VPOS="921" HPOS="337"/>
							<String ID="string_140" HPOS="353" VPOS="918" WIDTH="82" HEIGHT="26" WC="0.96" CONTENT="kapital,"/><SP WIDTH="16" VPOS="918" HPOS="435"/>
							<String ID="string_141" HPOS="451" VPOS="920" WIDTH="31" HEIGHT="18" WC="0.96" CONTENT="att"/><SP WIDTH="15" VPOS="920" HPOS="482"/>
							<String ID="string_142" HPOS="497" VPOS="918" WIDTH="89" HEIGHT="20" WC="0.96" CONTENT="enskilde"/><SP WIDTH="16" VPOS="918" HPOS="586"/>
							<String ID="string_143" HPOS="602" VPOS="919" WIDTH="44" HEIGHT="19" WC="0.96" CONTENT="icke"/><SP WIDTH="15" VPOS="919" HPOS="646"/>
							<String ID="string_144" HPOS="661" VPOS="919" WIDTH="50" HEIGHT="23" WC="0.93" CONTENT="våga"/><SP WIDTH="15" VPOS="919" HPOS="711"/>
							<String ID="string_145" HPOS="726" VPOS="919" WIDTH="62" HEIGHT="19" WC="0.91" CONTENT="inlåta"/><SP WIDTH="15" VPOS="919" HPOS="788"/>
							<String ID="string_146" HPOS="803" VPOS="918" WIDTH="30" HEIGHT="24" WC="0.96" CONTENT="sig"/><SP WIDTH="10" VPOS="918" HPOS="833"/>
							<String ID="string_147" HPOS="843" VPOS="918" WIDTH="26" HEIGHT="24" WC="0.96" CONTENT="på"/>
						</TextLine>
						<TextLine ID="line_18" HPOS="109" VPOS="947" WIDTH="760" HEIGHT="25">
							<String ID="string_148" HPOS="109" VPOS="947" WIDTH="68" HEIGHT="24" WC="0.96" CONTENT="dylika"/><SP WIDTH="24" VPOS="947" HPOS="177"/>
							<String ID="string_149" HPOS="201" VPOS="947" WIDTH="157" HEIGHT="24" WC="0.89" CONTENT="spekulationer."/><SP WIDTH="29" VPOS="947" HPOS="358"/>
							<String ID="string_150" HPOS="387" VPOS="947" WIDTH="85" HEIGHT="19" WC="0.92" CONTENT="Derföre"/><SP WIDTH="25" VPOS="947" HPOS="472"/>
							<String ID="string_151" HPOS="497" VPOS="948" WIDTH="74" HEIGHT="23" WC="0.86" CONTENT="nödgas"/><SP WIDTH="27" VPOS="948" HPOS="571"/>
							<String ID="string_152" HPOS="598" VPOS="953" WIDTH="43" HEIGHT="14" WC="0.96" CONTENT="man"/><SP WIDTH="19" VPOS="953" HPOS="641"/>
							<String ID="string_153" HPOS="660" VPOS="948" WIDTH="36" HEIGHT="19" WC="0.96" CONTENT="allt"/><SP WIDTH="15" VPOS="948" HPOS="696"/>
							<String ID="string_154" HPOS="711" VPOS="947" WIDTH="97" HEIGHT="25" WC="0.96" CONTENT="framgent"/><SP WIDTH="14" VPOS="947" HPOS="808"/>
							<String ID="string_155" HPOS="822" VPOS="949" WIDTH="47" HEIGHT="21" WC="0.95" CONTENT="taga"/>
						</TextLine>
						<TextLine ID="line_19" HPOS="108" VPOS="975" WIDTH="760" HEIGHT="25">
							<String ID="string_156" HPOS="108" VPOS="976" WIDTH="30" HEIGHT="19" WC="0.96" CONTENT="sin"/><SP WIDTH="16" VPOS="976" HPOS="138"/>
							<String ID="string_157" HPOS="154" VPOS="975" WIDTH="81" HEIGHT="25" WC="0.94" CONTENT="tillflykt"/><SP WIDTH="15" VPOS="975" HPOS="235"/>
							<String ID="string_158" HPOS="250" VPOS="976" WIDTH="31" HEIGHT="18" WC="0.96" CONTENT="till"/><SP WIDTH="15" VPOS="976" HPOS="281"/>
							<String ID="string_159" HPOS="296" VPOS="976" WIDTH="99" HEIGHT="19" WC="0.96" CONTENT="allmänna"/><SP WIDTH="15" VPOS="976" HPOS="395"/>
							<String ID="string_160" HPOS="410" VPOS="976" WIDTH="64" HEIGHT="19" WC="0.96" CONTENT="medel"/><SP WIDTH="16" VPOS="976" HPOS="474"/>
							<String ID="string_161" HPOS="490" VPOS="978" WIDTH="50" HEIGHT="18" WC="0.93" CONTENT="samt"/><SP WIDTH="14" VPOS="978" HPOS="540"/>
							<String ID="string_162" HPOS="554" VPOS="976" WIDTH="79" HEIGHT="20" WC="0.90" CONTENT="anbålla"/><SP WIDTH="12" VPOS="976" HPOS="633"/>
							<String ID="string_163" HPOS="645" VPOS="982" WIDTH="31" HEIGHT="13" WC="0.96" CONTENT="om"/><SP WIDTH="11" VPOS="982" HPOS="676"/>
							<String ID="string_164" HPOS="687" VPOS="976" WIDTH="117" HEIGHT="20" WC="0.93" CONTENT="ständernas"/><SP WIDTH="11" VPOS="976" HPOS="804"/>
							<String ID="string_165" HPOS="815" VPOS="975" WIDTH="53" HEIGHT="19" WC="0.92" CONTENT="med-"/>
						</TextLine>
						<TextLine ID="line_20" HPOS="107" VPOS="1004" WIDTH="762" HEIGHT="25">
							<String ID="string_166" HPOS="107" VPOS="1004" WIDTH="82" HEIGHT="20" WC="0.91" CONTENT="verkan."/><SP WIDTH="31" VPOS="1004" HPOS="189"/>
							<String ID="string_167" HPOS="220" VPOS="1004" WIDTH="125" HEIGHT="20" WC="0.89" CONTENT="Statsverket"/><SP WIDTH="15" VPOS="1004" HPOS="345"/>
							<String ID="string_168" HPOS="360" VPOS="1007" WIDTH="23" HEIGHT="17" WC="0.96" CONTENT="är"/><SP WIDTH="12" VPOS="1007" HPOS="383"/>
							<String ID="string_169" HPOS="395" VPOS="1005" WIDTH="22" HEIGHT="23" WC="0.96" CONTENT="ju"/><SP WIDTH="17" VPOS="1005" HPOS="417"/>
							<String ID="string_170" HPOS="434" VPOS="1004" WIDTH="65" HEIGHT="20" WC="0.96" CONTENT="starkt"/><SP WIDTH="15" VPOS="1004" HPOS="499"/>
							<String ID="string_171" HPOS="514" VPOS="1010" WIDTH="39" HEIGHT="18" WC="0.96" CONTENT="nog"/><SP WIDTH="11" VPOS="1010" HPOS="553"/>
							<String ID="string_172" HPOS="564" VPOS="1006" WIDTH="29" HEIGHT="18" WC="0.96" CONTENT="att"/><SP WIDTH="10" VPOS="1006" HPOS="593"/>
							<String ID="string_173" HPOS="603" VPOS="1004" WIDTH="123" HEIGHT="20" WC="0.93" CONTENT="fortfarande"/><SP WIDTH="9" VPOS="1004" HPOS="726"/>
							<String ID="string_174" HPOS="735" VPOS="1004" WIDTH="49" HEIGHT="25" WC="0.85" CONTENT="fyl&#39;a"/><SP WIDTH="9" VPOS="1004" HPOS="784"/>
							<String ID="string_175" HPOS="793" VPOS="1004" WIDTH="76" HEIGHT="20" WC="0.96" CONTENT="sådana"/>
						</TextLine>
						<TextLine ID="line_21" HPOS="107" VPOS="1032" WIDTH="761" HEIGHT="26">
							<String ID="string_176" HPOS="107" VPOS="1032" WIDTH="66" HEIGHT="26" WC="0.92" CONTENT="behof,"/><SP WIDTH="11" VPOS="1032" HPOS="173"/>
							<String ID="string_177" HPOS="184" VPOS="1032" WIDTH="67" HEIGHT="20" WC="0.96" CONTENT="hvilka"/><SP WIDTH="10" VPOS="1032" HPOS="251"/>
							<String ID="string_178" HPOS="261" VPOS="1033" WIDTH="38" HEIGHT="19" WC="0.96" CONTENT="den"/><SP WIDTH="13" VPOS="1033" HPOS="299"/>
							<String ID="string_179" HPOS="312" VPOS="1033" WIDTH="91" HEIGHT="19" WC="0.96" CONTENT="enskilda"/><SP WIDTH="13" VPOS="1033" HPOS="403"/>
							<String ID="string_180" HPOS="416" VPOS="1032" WIDTH="179" HEIGHT="25" WC="0.95" CONTENT="företagsamheten"/><SP WIDTH="13" VPOS="1032" HPOS="595"/>
							<String ID="string_181" HPOS="608" VPOS="1034" WIDTH="44" HEIGHT="19" WC="0.96" CONTENT="icke"/><SP WIDTH="11" VPOS="1034" HPOS="652"/>
							<String ID="string_182" HPOS="663" VPOS="1034" WIDTH="39" HEIGHT="19" WC="0.96" CONTENT="kan"/><SP WIDTH="13" VPOS="1034" HPOS="702"/>
							<String ID="string_183" HPOS="715" VPOS="1032" WIDTH="153" HEIGHT="21" WC="0.95" CONTENT="tillfredsställa."/>
						</TextLine>
					</TextBlock>
					<TextBlock ID="block_3" HPOS="107" VPOS="1061" WIDTH="762" HEIGHT="196">
						<TextLine ID="line_22" HPOS="179" VPOS="1061" WIDTH="690" HEIGHT="25">
							<String ID="string_184" HPOS="179" VPOS="1062" WIDTH="27" HEIGHT="19" WC="0.94" CONTENT="Sä"/><SP WIDTH="26" VPOS="1062" HPOS="206"/>
							<String ID="string_185" HPOS="232" VPOS="1062" WIDTH="37" HEIGHT="19" WC="0.96" CONTENT="har"/><SP WIDTH="24" VPOS="1062" HPOS="269"/>
							<String ID="string_186" HPOS="293" VPOS="1068" WIDTH="44" HEIGHT="13" WC="0.87" CONTENT="man"/><SP WIDTH="27" VPOS="1068" HPOS="337"/>
							<String ID="string_187" HPOS="364" VPOS="1062" WIDTH="31" HEIGHT="19" WC="0.95" CONTENT="väl"/><SP WIDTH="20" VPOS="1062" HPOS="395"/>
							<String ID="string_188" HPOS="415" VPOS="1062" WIDTH="59" HEIGHT="20" WC="0.96" CONTENT="äfven"/><SP WIDTH="18" VPOS="1062" HPOS="474"/>
							<String ID="string_189" HPOS="492" VPOS="1068" WIDTH="26" HEIGHT="14" WC="0.96" CONTENT="nu"/><SP WIDTH="16" VPOS="1068" HPOS="518"/>
							<String ID="string_190" HPOS="534" VPOS="1062" WIDTH="44" HEIGHT="19" WC="0.96" CONTENT="skäl"/><SP WIDTH="14" VPOS="1062" HPOS="578"/>
							<String ID="string_191" HPOS="592" VPOS="1064" WIDTH="30" HEIGHT="18" WC="0.96" CONTENT="att"/><SP WIDTH="15" VPOS="1064" HPOS="622"/>
							<String ID="string_192" HPOS="637" VPOS="1062" WIDTH="75" HEIGHT="24" WC="0.96" CONTENT="hoppas"/><SP WIDTH="17" VPOS="1062" HPOS="712"/>
							<String ID="string_193" HPOS="729" VPOS="1062" WIDTH="25" HEIGHT="24" WC="0.96" CONTENT="på"/><SP WIDTH="15" VPOS="1062" HPOS="754"/>
							<String ID="string_194" HPOS="769" VPOS="1061" WIDTH="100" HEIGHT="20" WC="0.96" CONTENT="Karelska"/>
						</TextLine>
						<TextLine ID="line_23" HPOS="108" VPOS="1089" WIDTH="761" HEIGHT="27">
							<String ID="string_195" HPOS="108" VPOS="1090" WIDTH="75" HEIGHT="19" WC="0.95" CONTENT="banans"/><SP WIDTH="22" VPOS="1090" HPOS="183"/>
							<String ID="string_196" HPOS="205" VPOS="1089" WIDTH="132" HEIGHT="27" WC="0.96" CONTENT="förlängning,"/><SP WIDTH="16" VPOS="1089" HPOS="337"/>
							<String ID="string_197" HPOS="353" VPOS="1091" WIDTH="61" HEIGHT="19" WC="0.90" CONTENT="sedan"/><SP WIDTH="17" VPOS="1091" HPOS="414"/>
							<String ID="string_198" HPOS="431" VPOS="1091" WIDTH="65" HEIGHT="19" WC="0.93" CONTENT="denna"/><SP WIDTH="15" VPOS="1091" HPOS="496"/>
							<String ID="string_199" HPOS="511" VPOS="1091" WIDTH="94" HEIGHT="23" WC="0.90" CONTENT="landtdag"/><SP WIDTH="15" VPOS="1091" HPOS="605"/>
							<String ID="string_200" HPOS="620" VPOS="1091" WIDTH="92" HEIGHT="24" WC="0.96" CONTENT="möjligen"/><SP WIDTH="15" VPOS="1091" HPOS="712"/>
							<String ID="string_201" HPOS="727" VPOS="1090" WIDTH="62" HEIGHT="20" WC="0.96" CONTENT="fattar"/><SP WIDTH="14" VPOS="1090" HPOS="789"/>
							<String ID="string_202" HPOS="803" VPOS="1090" WIDTH="66" HEIGHT="20" WC="0.95" CONTENT="beslut"/>
						</TextLine>
						<TextLine ID="line_24" HPOS="108" VPOS="1118" WIDTH="761" HEIGHT="26">
							<String ID="string_203" HPOS="108" VPOS="1123" WIDTH="31" HEIGHT="15" WC="0.95" CONTENT="om"/><SP WIDTH="16" VPOS="1123" HPOS="139"/>
							<String ID="string_204" HPOS="155" VPOS="1119" WIDTH="24" HEIGHT="19" WC="0.95" CONTENT="de"/><SP WIDTH="15" VPOS="1119" HPOS="179"/>
							<String ID="string_205" HPOS="194" VPOS="1118" WIDTH="67" HEIGHT="24" WC="0.95" CONTENT="linjer,"/><SP WIDTH="15" VPOS="1118" HPOS="261"/>
							<String ID="string_206" HPOS="276" VPOS="1124" WIDTH="42" HEIGHT="14" WC="0.96" CONTENT="som"/><SP WIDTH="15" VPOS="1124" HPOS="318"/>
							<String ID="string_207" HPOS="333" VPOS="1119" WIDTH="26" HEIGHT="24" WC="0.96" CONTENT="på"/><SP WIDTH="15" VPOS="1119" HPOS="359"/>
							<String ID="string_208" HPOS="374" VPOS="1119" WIDTH="108" HEIGHT="25" WC="0.93" CONTENT="styrelsens"/><SP WIDTH="16" VPOS="1119" HPOS="482"/>
							<String ID="string_209" HPOS="498" VPOS="1119" WIDTH="156" HEIGHT="20" WC="0.91" CONTENT="föranstaltande"/><SP WIDTH="16" VPOS="1119" HPOS="654"/>
							<String ID="string_210" HPOS="670" VPOS="1122" WIDTH="36" HEIGHT="17" WC="0.95" CONTENT="äro"/><SP WIDTH="16" VPOS="1122" HPOS="706"/>
							<String ID="string_211" HPOS="722" VPOS="1118" WIDTH="147" HEIGHT="20" WC="0.96" CONTENT="instrumentalt"/>
						</TextLine>
						<TextLine ID="line_25" HPOS="108" VPOS="1146" WIDTH="760" HEIGHT="26">
							<String ID="string_212" HPOS="108" VPOS="1146" WIDTH="38" HEIGHT="21" WC="0.96" CONTENT="och"/><SP WIDTH="20" VPOS="1146" HPOS="146"/>
							<String ID="string_213" HPOS="166" VPOS="1147" WIDTH="127" HEIGHT="20" WC="0.96" CONTENT="ekonomiskt"/><SP WIDTH="15" VPOS="1147" HPOS="293"/>
							<String ID="string_214" HPOS="308" VPOS="1148" WIDTH="129" HEIGHT="24" WC="0.96" CONTENT="undersökta,"/><SP WIDTH="16" VPOS="1148" HPOS="437"/>
							<String ID="string_215" HPOS="453" VPOS="1148" WIDTH="61" HEIGHT="19" WC="0.95" CONTENT="bland"/><SP WIDTH="16" VPOS="1148" HPOS="514"/>
							<String ID="string_216" HPOS="530" VPOS="1148" WIDTH="44" HEIGHT="19" WC="0.93" CONTENT="dem"/><SP WIDTH="16" VPOS="1148" HPOS="574"/>
							<String ID="string_217" HPOS="590" VPOS="1148" WIDTH="122" HEIGHT="20" WC="0.91" CONTENT="Savolakska"/><SP WIDTH="14" VPOS="1148" HPOS="712"/>
							<String ID="string_218" HPOS="726" VPOS="1148" WIDTH="77" HEIGHT="20" WC="0.93" CONTENT="banans"/><SP WIDTH="16" VPOS="1148" HPOS="803"/>
							<String ID="string_219" HPOS="819" VPOS="1147" WIDTH="49" HEIGHT="20" WC="0.93" CONTENT="fort-"/>
						</TextLine>
						<TextLine ID="line_26" HPOS="108" VPOS="1176" WIDTH="760" HEIGHT="25">
							<String ID="string_220" HPOS="108" VPOS="1176" WIDTH="88" HEIGHT="24" WC="0.95" CONTENT="sättning"/><SP WIDTH="23" VPOS="1176" HPOS="196"/>
							<String ID="string_221" HPOS="219" VPOS="1176" WIDTH="43" HEIGHT="20" WC="0.96" CONTENT="från"/><SP WIDTH="23" VPOS="1176" HPOS="262"/>
							<String ID="string_222" HPOS="285" VPOS="1176" WIDTH="79" HEIGHT="25" WC="0.96" CONTENT="Kuopio"/><SP WIDTH="23" VPOS="1176" HPOS="364"/>
							<String ID="string_223" HPOS="387" VPOS="1182" WIDTH="70" HEIGHT="18" WC="0.96" CONTENT="genom"/><SP WIDTH="24" VPOS="1182" HPOS="457"/>
							<String ID="string_224" HPOS="481" VPOS="1177" WIDTH="74" HEIGHT="19" WC="0.92" CONTENT="Iisalmi"/><SP WIDTH="13" VPOS="1177" HPOS="555"/>
							<String ID="string_225" HPOS="568" VPOS="1177" WIDTH="31" HEIGHT="19" WC="0.96" CONTENT="till"/><SP WIDTH="15" VPOS="1177" HPOS="599"/>
							<String ID="string_226" HPOS="614" VPOS="1177" WIDTH="84" HEIGHT="24" WC="0.96" CONTENT="Kajana."/><SP WIDTH="30" VPOS="1177" HPOS="698"/>
							<String ID="string_227" HPOS="728" VPOS="1176" WIDTH="40" HEIGHT="20" WC="0.93" CONTENT="Vid"/><SP WIDTH="16" VPOS="1176" HPOS="768"/>
							<String ID="string_228" HPOS="784" VPOS="1176" WIDTH="84" HEIGHT="20" WC="0.92" CONTENT="bestäm-"/>
						</TextLine>
						<TextLine ID="line_27" HPOS="107" VPOS="1204" WIDTH="762" HEIGHT="28">
							<String ID="string_229" HPOS="107" VPOS="1204" WIDTH="80" HEIGHT="28" WC="0.93" CONTENT="mandet"/><SP WIDTH="22" VPOS="1204" HPOS="187"/>
							<String ID="string_230" HPOS="209" VPOS="1204" WIDTH="22" HEIGHT="20" WC="0.93" CONTENT="af"/><SP WIDTH="19" VPOS="1204" HPOS="231"/>
							<String ID="string_231" HPOS="250" VPOS="1205" WIDTH="75" HEIGHT="19" WC="0.92" CONTENT="banans"/><SP WIDTH="22" VPOS="1205" HPOS="325"/>
							<String ID="string_232" HPOS="347" VPOS="1205" WIDTH="88" HEIGHT="24" WC="0.89" CONTENT="riktning"/><SP WIDTH="15" VPOS="1205" HPOS="435"/>
							<String ID="string_233" HPOS="450" VPOS="1206" WIDTH="68" HEIGHT="19" WC="0.93" CONTENT="kunna"/><SP WIDTH="14" VPOS="1206" HPOS="518"/>
							<String ID="string_234" HPOS="532" VPOS="1206" WIDTH="44" HEIGHT="19" WC="0.93" CONTENT="äter"/><SP WIDTH="15" VPOS="1206" HPOS="576"/>
							<String ID="string_235" HPOS="591" VPOS="1208" WIDTH="30" HEIGHT="17" WC="0.93" CONTENT="tre"/><SP WIDTH="15" VPOS="1208" HPOS="621"/>
							<String ID="string_236" HPOS="636" VPOS="1206" WIDTH="66" HEIGHT="19" WC="0.92" CONTENT="skilda"/><SP WIDTH="14" VPOS="1206" HPOS="702"/>
							<String ID="string_237" HPOS="716" VPOS="1205" WIDTH="59" HEIGHT="25" WC="0.90" CONTENT="linjer"/><SP WIDTH="15" VPOS="1205" HPOS="775"/>
							<String ID="string_238" HPOS="790" VPOS="1205" WIDTH="79" HEIGHT="19" WC="0.96" CONTENT="komma"/>
						</TextLine>
						<TextLine ID="line_28" HPOS="107" VPOS="1232" WIDTH="87" HEIGHT="25">
							<String ID="string_239" HPOS="107" VPOS="1233" WIDTH="7" HEIGHT="19" WC="0.93" CONTENT="i"/><SP WIDTH="14" VPOS="1233" HPOS="114"/>
							<String ID="string_240" HPOS="128" VPOS="1232" WIDTH="66" HEIGHT="25" WC="0.91" CONTENT="fräga:"/>
						</TextLine>
					</TextBlock>
					<TextBlock ID="block_4" HPOS="108" VPOS="1261" WIDTH="761" HEIGHT="82">
						<TextLine ID="line_29" HPOS="180" VPOS="1261" WIDTH="689" HEIGHT="26">
							<String ID="string_241" HPOS="180" VPOS="1261" WIDTH="33" HEIGHT="20" WC="0.91" CONTENT="1:o"/><SP WIDTH="30" VPOS="1261" HPOS="213"/>
							<String ID="string_242" HPOS="243" VPOS="1262" WIDTH="52" HEIGHT="19" WC="0.96" CONTENT="Från"/><SP WIDTH="16" VPOS="1262" HPOS="295"/>
							<String ID="string_243" HPOS="311" VPOS="1262" WIDTH="89" HEIGHT="19" WC="0.96" CONTENT="Joensuu"/><SP WIDTH="15" VPOS="1262" HPOS="400"/>
							<String ID="string_244" HPOS="415" VPOS="1262" WIDTH="46" HEIGHT="20" WC="0.93" CONTENT="stad"/><SP WIDTH="15" VPOS="1262" HPOS="461"/>
							<String ID="string_245" HPOS="476" VPOS="1263" WIDTH="100" HEIGHT="19" WC="0.92" CONTENT="eventuelt"/><SP WIDTH="10" VPOS="1263" HPOS="576"/>
							<String ID="string_246" HPOS="586" VPOS="1262" WIDTH="26" HEIGHT="25" WC="0.96" CONTENT="pä"/><SP WIDTH="15" VPOS="1262" HPOS="612"/>
							<String ID="string_247" HPOS="627" VPOS="1268" WIDTH="38" HEIGHT="14" WC="0.96" CONTENT="ena"/><SP WIDTH="13" VPOS="1268" HPOS="665"/>
							<String ID="string_248" HPOS="678" VPOS="1262" WIDTH="49" HEIGHT="20" WC="0.96" CONTENT="eller"/><SP WIDTH="11" VPOS="1262" HPOS="727"/>
							<String ID="string_249" HPOS="738" VPOS="1262" WIDTH="63" HEIGHT="20" WC="0.96" CONTENT="andra"/><SP WIDTH="10" VPOS="1262" HPOS="801"/>
							<String ID="string_250" HPOS="811" VPOS="1262" WIDTH="58" HEIGHT="19" WC="0.97" CONTENT="sidan"/>
						</TextLine>
						<TextLine ID="line_30" HPOS="108" VPOS="1290" WIDTH="761" HEIGHT="25">
							<String ID="string_251" HPOS="108" VPOS="1295" WIDTH="31" HEIGHT="14" WC="0.96" CONTENT="om"/><SP WIDTH="15" VPOS="1295" HPOS="139"/>
							<String ID="string_252" HPOS="154" VPOS="1290" WIDTH="112" HEIGHT="25" WC="0.96" CONTENT="Pielisjärvi"/><SP WIDTH="21" VPOS="1290" HPOS="266"/>
							<String ID="string_253" HPOS="287" VPOS="1290" WIDTH="31" HEIGHT="20" WC="0.92" CONTENT="till"/><SP WIDTH="15" VPOS="1290" HPOS="318"/>
							<String ID="string_254" HPOS="333" VPOS="1290" WIDTH="92" HEIGHT="25" WC="0.96" CONTENT="Nurmes,"/><SP WIDTH="16" VPOS="1290" HPOS="425"/>
							<String ID="string_255" HPOS="441" VPOS="1290" WIDTH="38" HEIGHT="21" WC="0.93" CONTENT="och"/><SP WIDTH="15" VPOS="1290" HPOS="479"/>
							<String ID="string_256" HPOS="494" VPOS="1290" WIDTH="88" HEIGHT="21" WC="0.90" CONTENT="derifrän"/><SP WIDTH="15" VPOS="1290" HPOS="582"/>
							<String ID="string_257" HPOS="597" VPOS="1296" WIDTH="79" HEIGHT="15" WC="0.92" CONTENT="norrom"/><SP WIDTH="15" VPOS="1296" HPOS="676"/>
							<String ID="string_258" HPOS="691" VPOS="1290" WIDTH="107" HEIGHT="21" WC="0.91" CONTENT="Uleäträsk"/><SP WIDTH="15" VPOS="1290" HPOS="798"/>
							<String ID="string_259" HPOS="813" VPOS="1290" WIDTH="56" HEIGHT="20" WC="0.96" CONTENT="öfver"/>
						</TextLine>
						<TextLine ID="line_31" HPOS="108" VPOS="1319" WIDTH="226" HEIGHT="24">
							<String ID="string_260" HPOS="108" VPOS="1319" WIDTH="62" HEIGHT="20" WC="0.96" CONTENT="Vaala"/><SP WIDTH="15" VPOS="1319" HPOS="170"/>
							<String ID="string_261" HPOS="185" VPOS="1319" WIDTH="29" HEIGHT="20" WC="0.96" CONTENT="till"/><SP WIDTH="12" VPOS="1319" HPOS="214"/>
							<String ID="string_262" HPOS="226" VPOS="1319" WIDTH="108" HEIGHT="24" WC="0.96" CONTENT="Uleåborg."/>
						</TextLine>
					</TextBlock>
					<TextBlock ID="block_5" HPOS="108" VPOS="1347" WIDTH="761" HEIGHT="83">
						<TextLine ID="line_32" HPOS="180" VPOS="1347" WIDTH="689" HEIGHT="22">
							<String ID="string_263" HPOS="180" VPOS="1347" WIDTH="33" HEIGHT="21" WC="0.67" CONTENT="2:o"/><SP WIDTH="30" VPOS="1347" HPOS="213"/>
							<String ID="string_264" HPOS="243" VPOS="1348" WIDTH="53" HEIGHT="20" WC="0.89" CONTENT="Från"/><SP WIDTH="23" VPOS="1348" HPOS="296"/>
							<String ID="string_265" HPOS="319" VPOS="1348" WIDTH="88" HEIGHT="20" WC="0.96" CONTENT="Värtsilä"/><SP WIDTH="24" VPOS="1348" HPOS="407"/>
							<String ID="string_266" HPOS="431" VPOS="1349" WIDTH="73" HEIGHT="19" WC="0.96" CONTENT="station"/><SP WIDTH="23" VPOS="1349" HPOS="504"/>
							<String ID="string_267" HPOS="527" VPOS="1348" WIDTH="111" HEIGHT="20" WC="0.93" CONTENT="berörande"/><SP WIDTH="22" VPOS="1348" HPOS="638"/>
							<String ID="string_268" HPOS="660" VPOS="1349" WIDTH="96" HEIGHT="20" WC="0.96" CONTENT="Ilomants"/><SP WIDTH="16" VPOS="1349" HPOS="756"/>
							<String ID="string_269" HPOS="772" VPOS="1349" WIDTH="74" HEIGHT="20" WC="0.96" CONTENT="socken"/><SP WIDTH="16" VPOS="1349" HPOS="846"/>
							<String ID="string_270" HPOS="862" VPOS="1349" WIDTH="7" HEIGHT="18" WC="0.96" CONTENT="i"/>
						</TextLine>
						<TextLine ID="line_33" HPOS="108" VPOS="1377" WIDTH="761" HEIGHT="25">
							<String ID="string_271" HPOS="108" VPOS="1377" WIDTH="46" HEIGHT="19" WC="0.93" CONTENT="dess"/><SP WIDTH="15" VPOS="1377" HPOS="154"/>
							<String ID="string_272" HPOS="169" VPOS="1377" WIDTH="84" HEIGHT="24" WC="0.92" CONTENT="vestliga"/><SP WIDTH="16" VPOS="1377" HPOS="253"/>
							<String ID="string_273" HPOS="269" VPOS="1377" WIDTH="32" HEIGHT="20" WC="0.93" CONTENT="del"/><SP WIDTH="15" VPOS="1377" HPOS="301"/>
							<String ID="string_274" HPOS="316" VPOS="1377" WIDTH="110" HEIGHT="20" WC="0.92" CONTENT="direktaste"/><SP WIDTH="15" VPOS="1377" HPOS="426"/>
							<String ID="string_275" HPOS="441" VPOS="1379" WIDTH="64" HEIGHT="22" WC="0.96" CONTENT="vägen"/><SP WIDTH="15" VPOS="1379" HPOS="505"/>
							<String ID="string_276" HPOS="520" VPOS="1378" WIDTH="31" HEIGHT="19" WC="0.93" CONTENT="till"/><SP WIDTH="15" VPOS="1378" HPOS="551"/>
							<String ID="string_277" HPOS="566" VPOS="1377" WIDTH="118" HEIGHT="25" WC="0.91" CONTENT="Pielisjärvi,"/><SP WIDTH="16" VPOS="1377" HPOS="684"/>
							<String ID="string_278" HPOS="700" VPOS="1378" WIDTH="36" HEIGHT="19" WC="0.96" CONTENT="der"/><SP WIDTH="15" VPOS="1378" HPOS="736"/>
							<String ID="string_279" HPOS="751" VPOS="1378" WIDTH="38" HEIGHT="19" WC="0.96" CONTENT="den"/><SP WIDTH="16" VPOS="1378" HPOS="789"/>
							<String ID="string_280" HPOS="805" VPOS="1377" WIDTH="64" HEIGHT="20" WC="0.96" CONTENT="skulle"/>
						</TextLine>
						<TextLine ID="line_34" HPOS="108" VPOS="1404" WIDTH="388" HEIGHT="26">
							<String ID="string_281" HPOS="108" VPOS="1404" WIDTH="71" HEIGHT="21" WC="0.96" CONTENT="förena"/><SP WIDTH="14" VPOS="1404" HPOS="179"/>
							<String ID="string_282" HPOS="193" VPOS="1405" WIDTH="30" HEIGHT="24" WC="0.96" CONTENT="sig"/><SP WIDTH="15" VPOS="1405" HPOS="223"/>
							<String ID="string_283" HPOS="238" VPOS="1406" WIDTH="44" HEIGHT="19" WC="0.93" CONTENT="med"/><SP WIDTH="15" VPOS="1406" HPOS="282"/>
							<String ID="string_284" HPOS="297" VPOS="1405" WIDTH="128" HEIGHT="25" WC="0.91" CONTENT="nyssangifna"/><SP WIDTH="16" VPOS="1405" HPOS="425"/>
							<String ID="string_285" HPOS="441" VPOS="1405" WIDTH="55" HEIGHT="25" WC="0.96" CONTENT="linje."/>
						</TextLine>
					</TextBlock>
					<TextBlock ID="block_6" HPOS="108" VPOS="1433" WIDTH="761" HEIGHT="82">
						<TextLine ID="line_35" HPOS="180" VPOS="1433" WIDTH="689" HEIGHT="26">
							<String ID="string_286" HPOS="180" VPOS="1433" WIDTH="33" HEIGHT="20" WC="0.89" CONTENT="3:o"/><SP WIDTH="30" VPOS="1433" HPOS="213"/>
							<String ID="string_287" HPOS="243" VPOS="1434" WIDTH="47" HEIGHT="19" WC="0.96" CONTENT="Med"/><SP WIDTH="23" VPOS="1434" HPOS="290"/>
							<String ID="string_288" HPOS="313" VPOS="1434" WIDTH="89" HEIGHT="19" WC="0.96" CONTENT="Joensuu"/><SP WIDTH="16" VPOS="1434" HPOS="402"/>
							<String ID="string_289" HPOS="418" VPOS="1434" WIDTH="65" HEIGHT="20" WC="0.93" CONTENT="såsom"/><SP WIDTH="16" VPOS="1434" HPOS="483"/>
							<String ID="string_290" HPOS="499" VPOS="1434" WIDTH="146" HEIGHT="25" WC="0.92" CONTENT="utgånspunkt:"/><SP WIDTH="16" VPOS="1434" HPOS="645"/>
							<String ID="string_291" HPOS="661" VPOS="1434" WIDTH="88" HEIGHT="20" WC="0.91" CONTENT="derifrån"/><SP WIDTH="15" VPOS="1434" HPOS="749"/>
							<String ID="string_292" HPOS="764" VPOS="1434" WIDTH="57" HEIGHT="20" WC="0.93" CONTENT="öfver"/><SP WIDTH="15" VPOS="1434" HPOS="821"/>
							<String ID="string_293" HPOS="836" VPOS="1433" WIDTH="33" HEIGHT="20" WC="0.89" CONTENT="Li-"/>
						</TextLine>
						<TextLine ID="line_36" HPOS="109" VPOS="1461" WIDTH="760" HEIGHT="26">
							<String ID="string_294" HPOS="109" VPOS="1461" WIDTH="66" HEIGHT="26" WC="0.91" CONTENT="belits,"/><SP WIDTH="15" VPOS="1461" HPOS="175"/>
							<String ID="string_295" HPOS="190" VPOS="1462" WIDTH="83" HEIGHT="25" WC="0.96" CONTENT="Taipale"/><SP WIDTH="23" VPOS="1462" HPOS="273"/>
							<String ID="string_296" HPOS="296" VPOS="1463" WIDTH="38" HEIGHT="19" WC="0.91" CONTENT="och"/><SP WIDTH="22" VPOS="1463" HPOS="334"/>
							<String ID="string_297" HPOS="356" VPOS="1463" WIDTH="108" HEIGHT="24" WC="0.88" CONTENT="Kuusjärvi"/><SP WIDTH="24" VPOS="1463" HPOS="464"/>
							<String ID="string_298" HPOS="488" VPOS="1463" WIDTH="30" HEIGHT="20" WC="0.95" CONTENT="till"/><SP WIDTH="23" VPOS="1463" HPOS="518"/>
							<String ID="string_299" HPOS="541" VPOS="1463" WIDTH="71" HEIGHT="20" WC="0.95" CONTENT="sundet"/><SP WIDTH="22" VPOS="1463" HPOS="612"/>
							<String ID="string_300" HPOS="634" VPOS="1463" WIDTH="71" HEIGHT="20" WC="0.93" CONTENT="mellan"/><SP WIDTH="16" VPOS="1463" HPOS="705"/>
							<String ID="string_301" HPOS="721" VPOS="1463" WIDTH="92" HEIGHT="24" WC="0.92" CONTENT="Juojärvi"/><SP WIDTH="19" VPOS="1463" HPOS="813"/>
							<String ID="string_302" HPOS="832" VPOS="1462" WIDTH="37" HEIGHT="20" WC="0.96" CONTENT="och"/>
						</TextLine>
						<TextLine ID="line_37" HPOS="108" VPOS="1490" WIDTH="761" HEIGHT="25">
							<String ID="string_303" HPOS="108" VPOS="1490" WIDTH="107" HEIGHT="21" WC="0.91" CONTENT="Rikkavesi"/><SP WIDTH="22" VPOS="1490" HPOS="215"/>
							<String ID="string_304" HPOS="237" VPOS="1491" WIDTH="62" HEIGHT="24" WC="0.96" CONTENT="sjöar,"/><SP WIDTH="21" VPOS="1491" HPOS="299"/>
							<String ID="string_305" HPOS="320" VPOS="1491" WIDTH="68" HEIGHT="20" WC="0.96" CONTENT="vidare"/><SP WIDTH="15" VPOS="1491" HPOS="388"/>
							<String ID="string_306" HPOS="403" VPOS="1497" WIDTH="70" HEIGHT="18" WC="0.93" CONTENT="genom"/><SP WIDTH="17" VPOS="1497" HPOS="473"/>
							<String ID="string_307" HPOS="490" VPOS="1492" WIDTH="111" HEIGHT="19" WC="0.92" CONTENT="Tuusniemi"/><SP WIDTH="15" VPOS="1492" HPOS="601"/>
							<String ID="string_308" HPOS="616" VPOS="1491" WIDTH="56" HEIGHT="20" WC="0.93" CONTENT="öfver"/><SP WIDTH="14" VPOS="1491" HPOS="672"/>
							<String ID="string_309" HPOS="686" VPOS="1492" WIDTH="117" HEIGHT="20" WC="0.91" CONTENT="Jännevirta"/><SP WIDTH="15" VPOS="1492" HPOS="803"/>
							<String ID="string_310" HPOS="818" VPOS="1491" WIDTH="51" HEIGHT="20" WC="0.96" CONTENT="sund"/>
						</TextLine>
					</TextBlock>
				</ComposedBlock>
			</PrintSpace>
		</Page>
	</Layout>
</alto>
