1056 1734
231 141 28 22 22
392 141 272 23 Petitionsbetänkande
680 141 40 23 N:o
736 142 20 21 2.

203 200 56 21 relse
278 199 90 21 emellan
389 199 26 22 de
434 200 58 21 olika
512 200 116 26 förslagen.
658 200 44 22 Det
716 202 24 18 är
755 199 112 22 Utskottet
884 200 77 21 visser-

203 234 56 27 ligen
283 233 84 27 bekant,
391 236 32 19 att
441 234 6 20 i
467 234 40 21 den
531 234 105 26 landsdel,
656 240 45 15 som
720 234 84 21 komme
824 236 31 19 att
874 240 88 20 genom-

202 268 78 21 skäras
299 268 22 21 af
339 274 26 14 en
383 268 46 21 från
449 264 126 31 Östermyra
593 268 33 21 till
646 268 216 27 Björneborgsbanan
880 269 80 26 dragen

200 302 161 27 jernvägslinie,
383 302 66 22 finnas
472 303 6 20 i
503 302 78 27 många
604 302 113 22 afseenden
741 302 58 21 såväl
816 303 54 21 hvad
890 303 71 27 odling

203 343 45 15 som
276 339 159 19 naturresurser
461 337 102 21 beträffar
589 337 145 21 framstående
756 337 132 26 kommuner,
912 344 48 15 men

202 373 33 20 att
266 371 161 21 förhållandena
456 372 7 20 i
492 372 58 21 olika
579 372 61 21 delar
666 372 24 20 af
714 371 127 27 landskapet
870 372 92 26 gestalta

201 406 36 26 sig
267 405 80 27 ganska
381 406 63 21 olika.
486 406 74 21 Under
593 406 37 21 det
663 406 111 21 trakterna
803 406 63 26 kring
897 406 64 21 linien

202 435 289 32 Östermyra—Björneborg
507 440 202 27 öfverhufvudtaget
725 440 97 21 utmärka
838 440 33 27 sig
886 446 75 21 genom

203 476 32 19 ett
255 474 119 27 betydande
391 475 112 26 jordbruk,
523 474 68 21 finnas
611 475 6 20 i
637 475 66 26 nägra
723 474 23 21 af
764 474 120 21 socknarna
899 475 63 26 kring

204 509 65 20 linien
290 504 147 31 Östermyra—
443 509 90 21 Karkku
553 509 97 21 deremot
666 511 58 19 stora
740 509 37 21 och
794 509 117 26 veterligen
928 509 33 21 väl

204 543 123 21 bibehälina
353 543 84 27 skogar,
462 544 67 27 jemte
552 543 36 22 det
612 544 118 27 betydande
753 543 134 21 industriella
910 543 52 21 verk

204 577 86 22 komme
305 579 30 20 att
352 577 57 28 ligga
424 578 34 21 vid
475 578 68 21 denna
561 578 60 21 linies
638 578 107 27 sydligare
762 577 33 21 del
809 577 38 22 och
859 577 46 22 icke
918 578 44 21 hel-

204 612 33 21 ler
252 612 7 21 i
273 612 105 27 jordbruk
393 612 145 21 framstäende
553 612 83 21 trakter
652 612 44 21 helt
707 612 39 21 och
757 612 66 21 hället
834 613 32 20 att
876 612 84 21 saknas.

205 647 84 20 Förrän
309 647 35 20 det
362 647 42 21 kan
421 647 154 26 ifrägakomma
591 649 31 19 att
638 647 75 26 afgöra
729 647 55 20 huru
800 646 162 27 ifrägavarande

205 683 60 18 stora
281 681 150 27 jernvägsruta
447 681 66 22 borde
530 688 76 20 genom
622 681 176 22 sekundärbanor
813 681 73 21 vidare
903 681 57 21 inde-

206 716 39 25 las,
261 715 67 22 borde
344 716 85 21 derföre
444 716 27 21 de
487 716 139 21 ekonomiska
642 715 163 22 förhällandena
820 715 142 22 underkastas

205 756 26 15 en
247 750 8 21 i
271 750 64 27 detalj
351 751 82 26 gäende
448 751 137 26 granskning.

276 784 111 21 Utskottet
413 785 38 21 har
477 785 133 21 fördenskull
636 787 60 18 enats
723 785 79 25 derom,
826 786 32 19 att
884 785 79 20 ekono-

205 818 71 22 miska
294 819 182 27 undersökningar
495 819 66 21 borde
580 819 111 21 derstädes
710 819 46 20 före
773 819 189 21 nästinstundande

205 853 104 27 landtdag
327 853 136 22 verkställas.
493 853 50 21 Men
562 853 56 21 huru
635 853 112 21 resultatet
763 853 23 21 af
800 853 70 21 denna
885 853 78 21 under-

205 888 92 26 sökning
315 890 26 18 än
357 888 34 21 mä
406 888 83 26 utfalla,
505 894 62 16 anser
582 888 112 22 Utskottet
710 888 36 21 det
761 888 54 21 dock
831 888 57 26 ligga
903 890 58 19 utom

205 922 40 21 allt
264 922 78 26 tvifvel,
361 924 33 20 att
411 922 207 27 förutsättningarna
637 922 32 22 för
685 928 25 16 en
724 922 89 27 jernväg
828 922 47 21 frän
891 918 72 26 Öster-

205 962 61 22 myra
281 957 32 21 till
328 957 151 26 Kristinestad,
495 959 68 19 event.
579 957 73 21 Kaskö
668 959 37 19 äro
722 956 23 22 sä
762 962 144 22 gynnsamma,
918 963 44 15 som

204 990 27 22 de
247 990 141 22 öfverhufvud
403 992 72 20 kunna
491 998 51 14 vara
557 992 6 20 i
579 991 47 21 värt
641 991 56 21 land.
714 991 58 27 Kyrö
788 990 64 22 elfdal
868 994 23 18 är
906 991 56 21 känd

205 1024 34 22 för
255 1027 32 19 att
301 1031 51 15 vara
367 1032 26 14 en
409 1025 23 21 af
445 1026 84 20 landets
545 1026 128 26 bördigaste,
690 1026 48 20 bäst
754 1025 76 21 odlade
846 1025 40 21 och
897 1027 66 19 tätast

206 1059 115 21 befolkade
341 1060 88 21 trakter.
461 1060 73 21 Kändt
553 1062 24 19 är
592 1060 62 20 äfven
670 1062 32 18 att
715 1059 129 27 jordbruket
860 1059 39 21 och
915 1060 47 20 der-

206 1094 50 21 med
282 1094 207 28 sammanhängande
514 1095 100 27 näringar
636 1094 39 21 här
697 1093 109 22 bedrifvas
828 1094 135 26 synnerligen

205 1128 110 28 energiskt
323 1128 40 21 och
372 1130 31 20 att
415 1129 40 21 de
448 1124 12 37 i
465 1128 116 22 allmänhet
596 1128 58 28 gifva
665 1130 31 20 ett
708 1128 52 27 godt
771 1128 95 26 resultat,
878 1134 34 15 om
924 1128 39 21 ock

205 1162 41 21 det
261 1158 174 26 Österbottniska
450 1163 136 21 slättlandets
602 1162 109 27 farligaste
726 1162 76 26 fiende,
818 1162 87 26 frosten,
916 1162 47 22 icke

207 1196 69 22 sällan
285 1197 45 27 just
338 1197 39 21 här
385 1198 103 20 anställer
496 1198 61 20 svåra
565 1197 129 27 härjningar.
711 1196 111 22 Sädskildt
830 1198 24 19 är
864 1197 98 27 odlingen

206 1230 24 22 af
247 1231 60 21 hafre
321 1231 85 27 mycket
420 1232 121 27 betydande
559 1231 40 22 och
610 1231 106 21 notoriskt
726 1233 31 24 är,
768 1233 32 19 att
810 1230 154 28 landsvägarne

208 1265 60 21 såväl
289 1272 103 15 sommar-
411 1272 44 15 som
474 1266 101 21 vintertid
592 1267 37 20 äro
645 1268 84 25 strängt
744 1265 94 21 anlitade
854 1264 32 22 för
902 1272 61 20 span-

208 1299 189 27 målstransporter
419 1300 33 21 till
475 1300 177 27 exportstäderna
673 1300 57 21 Vasa
753 1299 40 22 och
812 1299 151 22 Kristinestad.

206 1333 81 22 Likaså
309 1334 46 21 står
375 1335 231 26 mejerihandteringen
628 1335 7 20 i
658 1335 63 20 dessa
744 1335 57 21 orter
819 1333 58 27 högt.
908 1333 56 22 Utan

206 1370 34 19 att
259 1368 63 21 hafva
341 1369 88 27 tillgång
444 1369 33 21 till
496 1371 97 19 närmare
613 1368 167 27 sifferuppgifter
798 1367 32 22 för
851 1368 114 27 belysande

206 1402 25 21 af
253 1403 128 21 hithörande
403 1403 154 27 förhållanden,
579 1409 64 16 anser
666 1403 112 22 Utskottet
800 1403 64 26 ingen
887 1402 77 22 tvekan

207 1437 74 22 derom
296 1437 122 28 förefinnas,
434 1440 32 19 att
484 1438 46 21 icke
550 1444 25 15 en
592 1438 39 21 här
645 1437 71 28 byggd
729 1437 89 27 jernväg
833 1437 85 21 komme
934 1438 32 19 att

276 1488 181 24 Jernvägsutskottets
469 1489 110 18 betänkande
592 1489 37 18 N:o
642 1489 17 18 2.
