1092 1739
229 143 13 19 2
330 168 3 2 N
458 141 216 22 Motionsbetänkande
689 141 34 22 N:o
738 141 20 22 5.

230 203 118 29 störingar,
369 210 47 16 som
439 205 72 21 under
534 204 139 22 medverkan
688 205 26 21 af
726 204 83 22 sädana
825 203 99 23 faktorer
939 203 49 22 ofta

228 238 95 27 inträda,
346 239 44 21 kan
413 239 168 21 läkarebiträde
605 239 72 21 sällan
696 239 117 28 päräknas,
829 239 48 21 dels
892 238 95 22 emedan

229 272 80 22 sädant
323 273 25 22 är
364 273 104 22 förenadt
490 273 51 22 med
564 273 101 29 utgifter,
686 273 167 28 öfverstigande
869 273 44 21 den
928 272 59 22 fatti-

228 313 42 22 ges
292 307 128 29 tillgångar,
436 308 48 21 dels
508 308 95 21 emedan
626 308 170 28 aflägsenheten
818 307 48 22 från
882 307 105 21 läkarens

228 342 81 21 bostad
324 342 7 22 i
347 342 90 22 svårare
453 342 158 28 sjukdomsfall
621 342 110 22 utesluter
742 342 145 28 möjligheten
898 342 35 21 för
943 342 44 21 den

228 376 65 28 sjuke
315 378 33 20 att
371 376 103 29 företaga
498 383 28 15 en
541 377 117 21 mödosam
678 376 149 28 fotvandring.
857 376 48 22 Och
921 376 66 22 söker

228 410 226 30 landtbefolkningen
468 412 7 21 i
491 412 157 27 sjukdomsfall
664 411 25 21 af
701 411 154 28 hvarjehanda
865 410 50 28 slag
925 410 60 28 förty

228 445 56 21 reda
298 445 36 29 sig
348 445 28 29 på
392 452 58 22 egen
468 446 60 21 hand
551 452 82 22 genom
656 446 148 21 användande
819 445 26 21 af
857 444 24 22 så
896 445 89 21 kallade

228 480 118 26 huskurer,
362 480 38 22 vid
422 480 77 22 hvilka
514 481 7 21 i
537 480 169 28 öfvervägande
721 480 57 28 grad
793 480 34 22 till
841 480 145 27 användning

229 514 89 22 komma
335 515 47 27 just
398 515 27 21 de
440 515 136 25 läkemedel,
592 517 58 19 samt
665 515 68 21 äfven
748 515 76 26 andra,
840 520 47 16 som
903 514 33 22 till
952 514 33 21 öf-

228 549 146 28 vervägande
396 550 37 21 del
456 550 63 21 bestå
534 550 27 21 af
573 550 42 21 och
631 550 35 21 för
681 549 143 22 undvikande
839 549 26 21 af
877 548 108 22 förskäm-

228 583 56 29 ning
299 583 70 22 måste
385 584 112 22 innehålla
512 584 95 22 bränvin
623 584 42 22 och
680 586 55 25 eter,
744 584 73 22 såsom
827 584 108 21 tincturer
943 583 42 22 och

228 618 114 27 linement,
366 620 46 20 mot
433 618 89 22 hvilkas
546 618 133 29 försäljning
701 625 82 22 genom
806 618 104 28 handköp
930 618 56 21 eller

228 654 55 20 utan
305 652 89 22 läkares
417 653 115 22 föreskrift
555 653 115 28 förslagen
685 654 39 21 äro
739 653 94 22 riktade.
863 652 41 22 Om
920 652 66 22 dessa

228 693 76 15 vunne
326 687 108 22 afseende
457 688 41 21 och
522 694 28 15 en
573 688 171 28 lagförändring
766 688 7 21 i
793 687 110 28 påyrkadt
925 686 60 28 syfte

228 721 90 22 komme
333 722 34 21 till
382 722 72 26 stånd,
470 722 72 22 skulle
558 722 116 22 kännbara
689 722 147 28 olägenheter
849 721 67 21 träffa
929 727 56 15 sam-

228 756 82 22 hällets
325 756 8 22 i
348 756 55 22 flere
422 756 122 22 afseenden
561 758 170 27 ogynsammast
745 756 74 22 stälda
833 756 152 21 medlemmar.

228 790 104 28 Mången,
348 791 68 21 hvars
434 791 121 28 tillgångar
571 791 75 21 kunde
662 790 115 29 medgifva
791 790 98 28 utgiften
905 790 35 21 för
954 790 31 21 in-

228 824 45 28 köp
288 824 26 22 af
327 825 44 21 den
396 826 172 26 ,husmedicin*,
583 826 83 21 hvaraf
686 826 45 21 han
753 824 84 28 ansäge
859 824 36 28 sig
909 830 55 15 vara
978 824 7 21 i

228 859 76 27 behof,
328 866 51 15 men
402 866 48 16 som
472 860 50 22 icke
545 860 105 22 mäktade
665 860 54 21 bära
739 866 35 20 en,
790 865 36 16 om
841 859 42 22 ock
898 858 88 29 mättlig

228 893 97 22 kostnad
340 895 38 21 vid
394 895 145 22 anskaffande
555 895 26 21 af
589 895 162 28 läkarerecept,
763 894 73 22 skulle
846 899 82 22 genom
939 893 46 28 lag-

228 928 162 29 förändringen
413 929 101 22 afskäras
534 929 49 22 frän
598 929 145 28 möjligheten
759 930 33 20 att
806 928 68 22 vinna
888 928 98 27 lindring

228 962 36 22 för
280 969 58 22 egna
356 963 79 28 plägor
450 964 56 21 eller
521 966 33 19 att
569 964 80 28 bringa
663 964 61 27 hjelp
739 963 23 22 ät
777 963 49 22 sina
841 962 144 28 familjemed-

228 997 100 22 lemmar.
354 997 179 23 Innehafvandet
548 998 25 21 af
583 998 173 29 ifrägavarande
767 997 132 26 läkemedel,
910 997 77 21 hvilka

228 1031 70 22 äfven
320 1032 38 21 vid
380 1033 108 21 botandet
502 1033 26 21 af
541 1033 154 27 hvarjehanda
710 1032 129 28 sjukdomar
854 1031 68 21 bland
936 1031 50 21 hus-

228 1065 80 28 djuren
331 1067 52 21 med
406 1067 96 28 mycken
526 1067 119 28 framgäng
667 1067 90 21 komma
779 1065 34 22 till
835 1065 151 28 användning,

228 1099 78 22 blefve
329 1100 94 22 sålunda
446 1107 28 16 en
494 1101 43 22 den
552 1101 126 28 burgnares
692 1100 144 22 uteslutande
852 1099 134 22 företrädes-

228 1134 52 21 rätt.
310 1134 35 22 De
360 1135 148 22 välmenande
528 1135 121 28 förslagen,
665 1135 71 22 ehuru
752 1134 87 22 riktade
854 1135 47 20 mot
915 1134 8 21 i
937 1134 49 21 sed-

228 1169 42 27 ligt
294 1169 108 22 afseende
424 1170 96 27 sjunkna
544 1170 116 27 individer,
676 1170 89 21 komme
788 1169 60 28 förty
867 1169 56 21 atti
939 1169 48 21 sina

228 1203 170 28 konsegvenser
420 1204 66 22 härdt
508 1205 66 21 träffa
598 1211 28 15 en
641 1205 83 28 mängd
739 1203 156 28 medborgare,
910 1203 77 21 hvilka

229 1237 80 22 främst
324 1239 38 21 äro
378 1239 8 21 i
400 1239 71 21 behof
484 1239 25 21 af
523 1239 131 22 samhällets
670 1238 157 23 omhuldande.

298 1272 10 21 I
323 1272 70 29 öfrigt
408 1273 40 22 har
463 1273 59 22 inom
546 1273 110 22 utskottet
671 1272 171 29 representerad
858 1271 129 22 erfarenhet

229 1305 49 22 från
297 1307 44 21 den
363 1307 115 28 praktiska
501 1307 120 22 farmacins
643 1307 90 22 område
756 1307 67 28 gifvit
837 1306 38 21 vid
889 1305 97 26 handen,

228 1341 34 20 att
284 1340 173 23 konsumtionen
480 1342 25 21 af
525 1341 145 22 oftanämnda
694 1341 134 26 läkemedel,
851 1340 69 22 sedan
943 1339 43 22 för-

228 1374 134 29 ordningen,
385 1376 116 28 angäende
524 1376 140 28 försäljning,
686 1375 86 28 upplag
795 1375 41 21 och
854 1374 95 28 forsling
963 1373 26 22 af

228 1408 103 28 bränvin,
347 1409 79 28 gifven
441 1410 43 21 den
500 1413 11 18 9
527 1410 53 21 Juni
602 1413 62 23 1892,
680 1410 60 21 trädt
754 1409 7 22 i
777 1409 106 28 gällande
897 1408 67 26 kraft,
979 1408 8 21 i

228 1442 130 28 betydande
381 1444 56 28 grad
460 1445 99 28 nedgätt.
589 1444 73 22 Häraf
682 1444 71 22 mäste
777 1443 82 29 dragas
874 1443 44 21 den
933 1442 54 22 slut-

298 1485 192 21 Ekonomiutskottets
506 1486 116 20 betänkande
637 1486 37 19 N:o
689 1486 31 20 10.
