1067 1739
243 171 78 22 Ständ.
336 171 47 22 Pet.
401 183 26 4 —
443 170 153 23 Petitionsbet.
611 170 38 23 N:o
665 169 20 24 2.
821 171 24 20 17

86 237 150 28 järnvägsnät
257 237 138 22 förutsättes.
427 237 128 21 Ständerna
576 236 70 23 hafva
669 236 58 21 dock
749 236 60 22 varit
825 236 25 21 af

88 279 76 13 annan
185 271 69 22 tanke
277 272 42 21 och
337 279 60 18 anse,
414 273 75 20 säsom
504 271 68 22 äfven
587 271 96 28 tidigare
699 271 100 28 antydts,
815 273 33 19 att

88 308 32 19 ett
142 306 76 28 privat
235 306 68 28 bolag
319 306 53 21 eller
387 313 29 14 en
431 306 272 27 kommunalförvaltning
718 313 83 21 genom
816 305 31 22 af-

88 341 113 27 passande
224 341 25 20 af
269 341 86 21 banans
378 341 133 28 utrustning
533 341 44 21 och
598 340 133 29 trafikering
747 340 57 21 efter
820 340 28 21 de

89 375 75 21 lokala
186 375 171 22 förhällandena
379 375 41 22 bör
436 376 78 21 kunna
530 377 54 20 ernä
598 375 114 22 finansielt
726 375 74 21 bättre
816 383 32 13 re-

90 410 68 22 sultat
174 413 28 19 än
218 418 28 14 en
261 411 91 21 officiell
367 411 188 28 centralstyrelse.

158 444 36 22 Då
216 445 75 21 härtill
313 445 108 25 kommer,
441 447 33 19 att
493 445 148 22 statsverkets
656 444 85 22 krafter
757 444 44 21 och
816 444 32 21 in-

90 482 70 19 tresse
184 482 60 18 ännu
266 480 36 21 för
324 480 53 28 läng
395 480 34 20 tid
447 479 82 22 framät
544 483 113 25 upptagas
673 479 24 21 af
711 479 44 21 den
770 478 79 22 vidare

90 514 162 28 utvecklingen
270 514 25 22 af
307 514 88 21 landets
411 513 156 23 stambanenät
583 517 57 18 samt
655 514 84 21 sädana
755 513 94 29 betydli-

90 556 54 21 gare
167 556 64 21 gren-
254 549 43 21 och
320 548 240 29 förbindningsbanor,
583 548 78 22 hvilka
683 548 20 28 ej
727 548 78 21 kunna
821 549 28 27 pä

90 584 76 28 privat
188 584 98 22 initiativ
307 585 88 27 uppstä,
416 591 53 14 anse
484 584 133 25 Ständerna,
633 586 33 18 att
679 582 133 29 byggandet
827 582 25 22 af

91 622 85 18 smärre
191 618 96 22 bibanor
301 618 34 22 till
350 618 88 21 landets
454 618 88 22 mindre
558 618 81 26 städer,
655 618 43 21 och
712 618 70 21 bland
798 617 50 21 dem

92 653 68 22 äfven
182 660 31 14 nu
235 652 173 29 ifrågavarande
430 652 65 26 bana,
513 654 24 20 sä
551 652 50 22 vidt
616 652 89 28 möjligt
720 652 41 22 bör
777 652 73 21 öfver-

91 687 86 21 lemnas
200 689 22 19 ät
245 687 44 21 den
311 687 88 28 privata
418 687 211 28 företagsamheten.
660 686 132 22 Emellertid
808 686 42 21 och

92 722 29 20 dä
140 722 68 22 äfven
224 722 135 21 statsverket
373 722 42 20 har
430 729 29 13 en
474 721 109 29 betydlig,
599 721 136 21 ätminstone
751 720 100 22 indirekt

92 756 73 22 fördel
181 756 25 21 af
218 756 141 28 grenbanors
374 756 131 28 uppkomst,
521 756 62 21 finna
598 756 126 21 Ständerna
739 758 33 19 att
783 754 68 22 äfven

91 791 34 21 uti
141 791 148 22 förevarande
305 791 39 21 fall
359 798 28 14 en
402 791 68 27 riklig
486 791 137 21 subvention
638 790 51 22 frän
703 790 148 22 statsverkets

92 825 50 21 sida
158 825 69 21 borde
243 825 94 29 beviljas
353 825 190 22 Fredrikshamns
560 825 261 29 banbyggnadsföretag.

161 860 36 21 Då
212 860 97 28 tidigare
324 860 35 22 för
375 868 29 13 en
418 860 60 21 bana
493 860 51 21 från
559 860 115 22 Tavastila
689 860 34 21 till
733 859 119 22 Fredriks-

92 894 68 21 hamn
176 894 130 29 uppgjorda
321 894 202 28 kostnadsförslag,
541 894 102 22 slutande
659 894 36 29 sig
709 896 13 19 &
738 896 114 24 1,120,000

92 929 71 25 mark,
179 930 87 20 kunnat
282 929 138 28 nedbringas
435 929 34 21 till
481 931 92 24 770,000
581 930 70 25 mark,
660 929 94 22 hvilken
765 936 87 14 summa

93 963 59 21 dock
174 963 65 22 torde
262 964 77 21 kunna
361 963 114 22 betraktas
500 965 75 20 såsom
595 966 32 19 ett
641 963 124 26 minimum,
781 963 71 21 borde

92 998 52 21 med
164 1005 29 14 en
212 998 195 22 statssubvention
421 997 26 22 af
460 999 93 24 400,000
568 998 64 21 mark
648 998 29 21 all
692 998 71 21 utsikt
778 997 74 22 finnas

93 1033 36 21 för
144 1032 148 29 möjligheten
307 1033 25 21 af
345 1033 197 28 banbyggnadens
558 1033 189 28 förverkligande,
757 1034 24 20 sä
792 1039 60 21 myc-

93 1067 39 21 ket
154 1075 47 13 mer
224 1075 49 14 som
295 1067 68 22 äfven
385 1067 180 22 Fredrikshamn
588 1075 67 21 synes
671 1075 54 14 vara
739 1067 115 28 förmöget

93 1101 35 22 till
150 1102 174 28 uppbringande
348 1102 25 21 af
389 1104 44 19 rätt
452 1101 118 29 betydliga
585 1102 82 28 belopp
683 1102 36 21 för
734 1101 118 28 företaget.

94 1136 51 21 Den
175 1136 163 29 nyuppgjorda
363 1136 258 29 rentabilitetskalkylen
647 1135 207 29 vidhandengifver

94 1171 123 26 dessutom,
234 1173 32 19 att
282 1178 29 13 en
325 1170 88 21 mindre
429 1171 227 28 exploatationsvinst
671 1171 51 20 med
733 1171 29 21 all
773 1177 81 14 sanno-

94 1205 71 22 likhet
188 1208 80 25 genast
291 1205 51 22 från
360 1205 81 28 början
460 1205 26 21 af
498 1205 87 22 banans
601 1205 120 28 öppnande
736 1205 36 21 för
787 1204 68 22 trafik

95 1247 55 14 vore
172 1243 33 18 att
227 1243 92 22 emotse,
342 1240 93 21 hvarför
453 1241 77 27 någon
545 1240 126 22 nämnvärd
686 1239 47 22 risk
749 1239 18 28 ej
784 1239 71 21 heller

94 1275 73 20 finnes
182 1275 36 21 för
234 1277 32 19 ett
281 1275 129 28 aktiebolag
425 1274 54 22 eller
495 1275 36 21 för
547 1275 79 21 staden
633 1274 179 22 Fredrikshamn
823 1276 33 19 att

95 1309 70 22 inlåta
181 1309 35 28 sig
231 1311 29 27 på
276 1309 116 29 företaget.

164 1343 145 22 Beträffande
336 1344 44 21 den
405 1343 95 22 afsedda
526 1343 111 22 bibanans
663 1343 114 28 spårvidd,
796 1342 60 21 hålla

98 1377 127 22 Ständerna
240 1378 56 25 före,
313 1380 31 19 att
360 1378 174 28 ifrågavarande
549 1378 83 21 bibana
642 1378 70 21 borde
723 1377 72 22 blifva
805 1385 51 13 nor-

94 1408 130 37 malspårig.
254 1405 21 28 Å
298 1412 75 21 banan
391 1415 84 18 motses
495 1413 114 28 nämligen
624 1420 28 13 en
668 1412 129 29 betydande
813 1414 43 19 trä-

95 1449 175 26 varutransport
293 1447 50 21 från
365 1447 102 21 inlandet
489 1447 64 28 längs
570 1450 84 19 statens
668 1447 129 28 järnvägar,
814 1446 43 21 och

95 1481 76 21 blefve
187 1489 28 13 en
231 1481 140 28 omlastning
387 1481 25 21 af
425 1482 66 20 dessa
507 1489 66 14 varor
589 1482 40 21 vid
644 1481 113 22 Tavastila
773 1481 37 21 för
821 1480 36 21 de-

775 1525 12 17 2
