1073 1734
294 188 278 24 Petitionsbetänkande
588 188 100 22 N:o-20.

394 514 152 23 Allmänna
561 514 303 29 petitionsutskottets

326 551 182 22 betänkande
523 550 45 23 N:o
583 550 12 23 7
611 551 10 21 i
637 550 137 28 anledning
789 550 28 22 af
831 550 34 22 ett

326 587 68 22 inom
410 587 183 22 Presteståndet
608 586 72 23 väckt
695 585 169 29 petitionsför-

326 623 52 28 slag
392 623 127 27 angående
535 622 169 28 gratifikation
720 621 63 23 efter
799 622 65 22 skol-

326 659 88 27 lärare,
430 665 53 16 som
498 659 77 27 afgått
590 665 31 15 ur
636 658 116 28 tjensten.

248 737 147 24 (Presteståndet
408 747 22 3 —
443 737 191 18 Petitionsmemorial
646 737 34 18 N:o
693 737 37 22 38).

184 805 11 21 I
220 804 102 23 afseende
346 805 13 21 å
381 804 123 27 beredning
526 805 41 21 har
583 804 169 22 Presteståndet
768 804 35 21 till
818 804 47 21 All-

114 843 80 19 männä
217 841 215 26 petitionsutskottet
453 839 147 23 öfverlemnat
620 840 89 28 bilagda
725 840 36 21 till
777 840 89 22 ståndet

113 877 86 27 ingifna
222 876 190 28 petitionsförslag
437 879 47 26 ,att
504 877 103 21 sterbhus
629 876 58 22 efter
709 882 28 16 en
760 876 47 22 före
832 877 34 21 sin

114 913 42 21 död
180 913 51 21 frän
254 912 68 28 tjenst
343 913 36 21 vid
403 913 229 22 elementarläroverk
655 914 56 21 eller
735 913 132 22 läroanstalt

114 949 35 21 för
165 948 183 28 gvinnobildning
363 948 111 28 afgängen
490 949 73 21 lärare
575 949 84 21 erhölle
671 955 26 15 en
709 948 157 28 gratifikation,

114 984 155 22 motsvarande
286 986 32 20 ett
333 984 76 27 nädär,
426 983 50 22 ifall
487 990 110 21 personen
608 984 72 28 ifråga
691 984 128 28 tjenstgjort
829 984 38 22 vid

115 1020 78 22 skolan
216 1020 67 22 minst
306 1020 121 22 trettiofem
448 1020 32 27 är,
497 1026 49 16 men
563 1020 78 22 endast
657 1020 85 22 hälften
758 1020 25 22 af
796 1020 72 22 denna

114 1056 157 27 gratifikation,
294 1062 33 16 om
348 1056 42 21 han
407 1056 130 27 tjenstgjort
552 1056 64 22 öfver
631 1056 70 28 tjugu,
717 1062 50 16 men
783 1056 85 22 mindre

115 1094 28 19 än
158 1092 122 22 trettiofem
296 1092 44 21 är.*

188 1127 130 28 Syftemälet
340 1128 49 21 med
410 1127 62 22 detta
494 1128 191 27 petitionsförslag
704 1130 25 19 är
749 1130 32 20 att
797 1128 71 21 förmå

114 1163 144 27 älderstigne,
275 1163 35 22 för
326 1163 77 22 skolan
420 1163 86 22 mindre
522 1164 87 26 nyttige
625 1164 74 21 lärare
715 1166 33 19 att
764 1163 105 28 frivilligt

116 1199 51 27 afgä
190 1200 51 21 frän
263 1200 103 26 tjensten,
391 1199 88 22 hvilket
503 1199 35 22 för
556 1200 139 21 närvarande
713 1199 156 23 motverkades

116 1234 65 22 deraf
200 1237 33 20 att
248 1234 99 28 familjen
362 1236 8 20 i
386 1235 92 27 antydtf
492 1236 30 20 all
538 1241 54 16 vore
608 1235 107 22 beröfvad
730 1235 77 28 hvarje
823 1236 47 21 rätt

114 1271 36 21 till
174 1271 129 27 ätnjutande
326 1271 24 21 af
369 1271 70 21 nädär
460 1264 106 29 eller
539 1260 30 44 en
585 1272 154 21 motsvarande
755 1271 113 28 gratifika-

115 1307 55 26 tion;
194 1307 40 21 och
253 1306 128 22 framhälles
398 1308 33 19 att
447 1308 74 20 staten
537 1313 78 21 genom
631 1306 41 22 den
689 1306 127 28 föreslagna
832 1313 37 15 an-

116 1342 122 28 ordningen
264 1343 50 21 icke
334 1343 86 21 komme
442 1344 34 20 att
496 1343 135 26 tillskyndas
652 1343 122 22 nämnvärd
794 1342 75 27 utgift,

116 1380 54 20 enär
186 1377 36 22 för
237 1378 84 22 enhvar
336 1378 8 21 i
359 1378 70 27 tjänst
444 1378 133 22 inträdande
593 1379 86 21 lärares
689 1378 96 27 räkning
797 1378 73 22 kunde

116 1419 128 16 reserveras
263 1414 35 28 1/,,
314 1413 24 22 af
347 1414 37 21 det
395 1413 123 23 utfallande
529 1413 267 28 gratifikationsbeloppet
807 1414 62 27 eller,

116 1449 48 22 ifall
188 1449 60 22 detta
272 1449 138 22 beräknades
434 1449 60 22 efter
518 1452 33 19 ett
573 1450 37 21 ärs
635 1450 115 27 grundlön,
768 1450 102 26 omkring

117 1486 42 20 250
176 1485 68 22 mark.

188 1532 108 19 Allmänna
307 1533 187 18 Petitionsutskottets
506 1533 117 18 betänkande
636 1533 38 18 N:o
687 1533 16 18 7.
