1092 1739
295 157 212 23 Motionsbetänkande
523 157 33 21 N:o
572 157 18 21 1.

382 459 265 23 Ekonomiutskottets
666 459 160 23 betänkande

280 495 34 22 N:o
329 495 14 21 4
358 495 5 21 i
380 494 106 28 anledning
509 495 20 21 af
551 494 29 22 ett
603 494 52 22 inom
680 494 146 28 Ridderskapet

281 530 38 22 och
341 529 60 22 Adeln
420 529 59 21 väckt
494 529 170 27 motionsförslag,
680 529 98 22 afseende
793 530 35 20 än-

281 564 56 26 dring
353 564 21 21 af
394 563 4 22 2
414 569 59 16 mom.
489 564 12 21 2
517 563 13 28 8
545 563 5 21 i
567 562 73 28 nådiga
653 563 142 27 förordningen
806 563 21 22 af

283 598 37 22 den
343 598 14 21 2
372 598 51 27 April
448 598 61 27 1883,
533 597 105 28 angäende
654 597 119 27 försäljning
789 598 37 21 och

283 632 132 28 utskänkning
438 633 21 21 af
474 633 138 27 maltdrycker,
628 632 74 22 sädant
717 632 57 22 detta
789 633 41 27 lag-

283 673 42 16 rum
342 667 55 28 lyder
413 667 4 21 i
433 667 141 28 förordningen
590 667 38 22 den
644 667 14 22 9
672 666 43 23 Juni
732 667 61 22 1892.

146 731 75 21 Jemte
243 730 208 29 protokollsutdrag
467 729 35 22 för
518 730 43 21 den
578 732 25 19 12
619 729 153 22 innevarande
786 729 42 22 Fe-

79 765 75 21 bruari
169 765 40 22 har
223 765 224 22 Ekonomiutskottet
457 764 52 21 frän
518 764 166 29 Ridderskapet
696 764 42 21 och
748 764 82 25 Adeln,

80 799 7 21 i
102 799 105 22 afseende
219 801 12 19 å
241 799 164 22 förberedande
416 798 144 29 behandling,
572 798 44 22 fått
626 801 114 26 emottaga
751 798 78 22 ofvan-

80 833 98 22 nämnda
199 833 190 28 motionsförslag,
404 832 69 22 hvars
488 833 86 28 lydelse
589 832 73 22 finnes
678 832 127 29 ätergifven
821 832 6 21 i

81 875 28 14 en
132 867 61 22 detta
215 867 143 22 betänkande
380 866 111 29 vidfogad
511 867 80 28 bilaga,
606 866 100 22 hvarhos
721 867 111 21 utskottet

81 901 44 22 fätt
140 901 36 21 del
191 901 26 21 af
231 901 44 22 den
289 901 7 21 i
311 901 99 21 nämnda
420 901 66 21 ständ
497 901 38 21 vid
546 901 218 28 motionsförslagets
776 901 58 22 före-

82 935 113 28 dragning
209 935 122 22 förefallna
345 935 135 21 diskussion.

151 1079 40 22 Uti
207 1081 12 19 2
235 1086 65 15 mom.
317 1081 12 19 2
345 1079 14 28 &
375 1079 26 21 af
413 1079 84 29 nådiga
512 1079 163 29 förordningen
690 1080 44 21 den
750 1082 12 19 9
779 1079 56 22 Juni

86 1115 61 23 1892,
168 1113 155 22 innefattande
338 1113 97 28 ändring
450 1113 27 22 af
490 1114 109 21 särskilda
614 1114 141 28 stadganden
770 1115 7 20 i
793 1114 44 21 för-

85 1147 133 28 ordningen,
235 1147 116 28 angående
367 1147 136 29 försäljning
519 1148 42 21 och
574 1148 156 29 utskänkning
740 1147 25 22 af
773 1148 63 21 malt-

86 1181 97 28 drycker
198 1181 26 22 af
237 1182 44 21 den
297 1184 12 19 2
325 1181 66 29 April
408 1184 61 23 1883,
485 1182 103 29 angifves
605 1182 44 21 den
659 1182 117 29 procedur,
788 1189 49 15 som

86 1215 58 22 skall
166 1215 113 29 iakttagas
293 1216 38 21 vid
346 1215 140 29 pröfningen
501 1216 26 21 af
540 1216 152 29 ansökningar
708 1223 36 15 om
759 1217 77 27 rättig-

86 1249 40 21 het
147 1251 33 20 att
202 1249 7 22 i
231 1250 50 22 stad
303 1252 63 20 utom
389 1250 109 29 bryggeri
520 1251 34 21 till
576 1251 146 28 afhemtning
744 1250 94 29 försälja

86 1284 99 21 nämnda
207 1284 103 28 drycker.
340 1285 48 21 Här
408 1285 113 28 ingående
542 1285 144 28 bestämning
708 1292 37 14 om
768 1285 71 21 stads-

87 1318 154 28 fullmäktiges
257 1319 53 21 eller
326 1319 191 21 rådhusstämmas
533 1319 99 22 hörande
646 1319 64 22 öfver
721 1320 71 20 sådan
803 1326 37 14 an-

87 1352 98 28 sökning
201 1355 30 23 är,
247 1353 104 28 grundad
362 1354 7 20 i
380 1352 143 22 sträfvandet
534 1356 32 18 att
576 1353 19 29 ej
608 1354 86 21 mindre
707 1353 133 21 säkerställa

88 1386 137 22 kommunen
244 1389 47 19 mot
306 1389 33 19 att
354 1387 149 29 försäljnings
519 1390 43 18 rätt
577 1388 81 21 varder
672 1387 101 21 tilldelad
789 1395 49 21 per-

88 1427 72 18 soner,
183 1420 88 22 hvilkas
294 1421 113 21 moralitet
421 1421 44 21 och
480 1421 74 29 öfriga
568 1421 134 29 lämplighet
717 1424 33 18 att
767 1422 73 20 ombe-

88 1456 46 19 tros
150 1454 43 21 slik
208 1457 51 23 rätt,
275 1458 38 18 äro
329 1455 81 21 tvifvel
424 1455 173 26 underkastade,
613 1458 29 18 än
658 1458 32 18 att
706 1456 88 28 skydda
804 1462 37 14 ve-

157 1494 204 22 Eknomiutskottets
377 1495 136 22 betänkande
527 1496 41 20 N:o
582 1496 22 20 4.
