1070 1739
245 133 12 19 PO

214 205 2 2 :
285 196 31 19 En
331 195 91 26 naturlig
436 195 53 26 följd
505 196 22 19 af
541 196 58 19 detta
613 196 115 25 stadgande
744 195 37 20 och
797 195 39 20 den
851 195 120 25 anslutning

216 230 52 19 nyss
283 225 87 19 berörda
385 225 61 25 bolag
466 225 83 19 erhållit
563 225 38 19 har
615 224 77 25 blifvit,
709 227 31 16 att
755 224 39 19 den
810 225 11 18 &
838 225 12 18 4
865 224 38 19 och
919 224 12 19 5
947 225 23 24 $$

215 252 7 19 i
245 253 115 26 åberopade
382 253 86 26 Kapitel
491 253 37 20 och
550 253 55 20 Balk
619 253 107 26 grundade
741 253 160 25 ansvarigheten
915 253 56 19 inom

216 281 25 20 de
257 281 108 21 häradsvis
380 282 112 20 bestående
506 282 146 26 föreningarna
667 282 90 20 fördelar
773 282 33 26 sig
820 282 27 26 på
858 283 30 18 ett
898 281 73 26 betyd-

214 310 41 26 ligt
277 311 79 20 mindre
378 311 58 20 antal
457 312 101 20 hemman.
588 312 64 20 Detta
674 312 87 18 innebär
780 318 26 12 en
820 310 46 20 fara
881 310 38 20 och
934 311 37 19 har

212 339 80 25 jemväl
306 340 7 19 i
328 340 49 20 flere
392 340 37 20 fall
444 340 55 20 visat
513 340 33 26 sig
560 340 84 26 mycket
658 340 126 26 ödesdigert.
807 339 44 20 Och
866 339 105 25 sjelfklart

215 371 24 17 är
253 370 32 18 att
300 369 56 19 detta
371 369 180 20 missförhållande
567 369 88 20 erhåller
670 372 67 17 större
752 368 125 26 omfattning
887 368 38 20 och
935 368 36 20 be-

215 397 82 25 tydelse
311 398 8 19 i
334 405 77 13 samma
426 398 47 19 mån
488 404 26 14 en
533 398 87 26 lifligare
635 398 121 25 anslutning
771 398 33 19 till
819 398 35 19 det
869 397 102 19 allmänna

214 426 210 26 brandstodsbolaget
447 426 32 20 för
500 427 71 19 landet
593 434 48 18 eger
662 434 52 13 rum.
745 426 72 20 Såsom
837 426 62 20 häraf
912 426 59 20 torde

214 454 82 27 framgå
310 456 38 19 har
363 456 35 19 det
412 455 95 20 lofvärda
521 456 117 20 ändamålet
652 456 47 20 med
714 456 144 25 ifrågakomna
873 455 97 25 stadgan-

215 484 41 19 den
271 484 8 19 i
296 484 53 20 1734
364 485 34 19 års
413 484 35 26 lag
458 491 73 19 genom
542 484 179 20 samfundslifvets
732 484 121 26 utveckling
864 484 38 20 och
912 484 61 20 deraf

214 512 112 26 betingade
340 513 125 20 förändrade
480 514 143 19 förhållanden
638 514 46 25 gått
698 513 108 24 förloradt,
817 513 84 20 hvarför
911 513 60 19 deras

215 542 153 25 upphäfvande,
391 542 82 20 hvilket
494 543 27 25 på
543 543 73 25 många
638 542 43 20 håll
701 544 61 24 utgör
776 542 108 20 föremålet
898 542 32 19 för
946 549 24 12 en

215 570 54 26 liflig
284 571 101 20 åstundan
400 571 38 19 hos
454 571 51 24 dem,
522 578 43 13 som
584 572 63 19 saken
662 573 93 18 närmast
769 574 41 21 rör,
825 571 98 20 framstår
939 572 31 18 så-

215 606 45 13 som
275 599 6 19 i
296 600 41 26 hög
352 600 51 26 grad
418 600 99 26 önskligt.

285 628 55 20 Enär
362 631 31 17 ett
412 629 179 25 tillmötesgående
606 628 22 20 af
642 629 93 25 antydda
750 628 79 20 önskan
844 635 62 19 synes
921 635 50 13 vara

215 656 24 20 af
261 658 95 19 omtanke
379 657 38 20 och
437 657 96 26 billighet
548 657 138 20 förestafvadt
702 660 53 18 samt
769 658 69 25 någon
852 657 119 26 kränkning

215 685 24 20 af
252 686 82 20 enskild
348 688 43 18 rätt
406 686 73 20 härvid
495 686 45 20 icke
560 686 41 20 kan
616 686 155 26 ifrågakomma,
788 686 76 20 dristar
877 686 37 26 jag
928 686 42 26 mig

214 714 85 25 föreslå,
314 718 31 16 att
360 715 81 20 landets
457 715 94 24 Ständer,
567 715 45 20 med
628 716 136 25 begagnande
779 715 23 19 af
816 716 39 19 den
870 715 45 19 dem
928 715 41 19 till-

214 743 123 21 kommande
352 744 164 24 motionsrätten,
537 744 33 20 för
585 744 31 20 sin
632 744 34 20 del
680 744 82 20 besluta
776 744 33 20 till
824 744 146 26 upphäfvande

215 772 24 19 af
253 772 19 24 4,
289 773 12 19 5
317 773 37 19 och
371 773 11 19 6
398 773 23 25 $$
438 774 26 18 24
479 773 48 25 kap.
542 773 25 19 B.
582 773 25 19 B.

284 801 42 26 Jag
341 801 119 20 hemställer
474 802 56 26 förty
545 802 105 20 vördsamt
665 804 32 17 att
711 801 119 26 Höglofliga
842 801 127 20 Ridderska-

214 832 37 23 pet
266 830 39 20 och
319 830 67 20 Adeln
401 831 64 19 måtte
479 830 33 20 till
527 830 216 20 Ekonomiutskottets
754 830 156 26 handläggning
919 830 50 20 hän-

214 858 73 26 skjuta
301 859 153 20 nedanstående

422 917 83 25 Förslag
528 917 31 20 till
579 917 119 26 förordning,
721 918 96 25 angående
836 918 133 25 upphäfvande

352 946 25 25 af
389 947 19 23 4,
426 947 14 19 5
453 946 33 20 och
501 947 13 18 6
528 947 28 24 $$
571 947 28 19 24
613 947 44 25 kap.
673 947 26 19 B.
715 947 26 19 B.

422 1004 88 20 Härmed
524 1004 79 25 stadgas
617 1005 29 19 att
660 1005 18 23 4,
696 1005 14 19 5
723 1004 34 20 och
772 1005 13 18 6
799 1005 29 24 $$
842 1005 28 19 24
885 1004 44 25 kap.
942 1005 25 19 B.

352 1033 25 20 B.
395 1034 35 19 äro
444 1033 105 25 upphäfda.

283 1090 132 26 Helsingfors
431 1091 39 19 den
486 1091 11 19 5
513 1090 99 20 Februari
629 1091 60 19 1897.

672 1142 21 21 A.
709 1141 19 22 L.
744 1147 36 16 von
798 1141 102 27 Knorring.

320 1446 102 16 Helsingfors,
432 1446 81 16 'Tidnings-
521 1446 12 13 &
543 1436 189 26 'Tryckeri-aktiebolagets
742 1445 69 17 tryckeri.
823 1446 33 12 1897
