1075 1753
223 228 158 19 märksamheten
405 228 34 19 vid
462 228 34 20 det
515 228 96 20 abnorma
627 228 131 24 förhållande,
776 230 30 17 att
822 228 152 25 ifrågavarande

222 258 109 19 nationella
352 258 75 19 anstalt
451 258 75 20 saknar
544 260 29 18 ett
592 258 73 20 sådant
680 260 46 24 eget
741 258 38 19 hus
796 260 6 16 i
817 258 154 23 hufvudstaden,

222 294 43 13 som
284 294 46 13 vore
349 286 47 21 dess
416 288 130 20 värksamhet
562 288 87 26 värdigt,
667 289 36 19 och
719 295 43 13 som
777 295 35 13 ens
828 288 65 19 skulle
908 288 65 19 säker-

222 318 60 18 ställa
304 318 24 19 de
349 320 8 16 i
379 320 88 18 teaterns
491 318 64 26 tjänst
577 318 88 20 varande
688 325 131 19 personernas
838 318 61 19 hälsa.
931 318 42 19 Vår

221 347 54 20 fasta
293 347 134 26 öfvertygelse
446 352 22 15 är
486 350 31 17 att
532 348 51 19 både
599 351 85 16 rättvisa
700 348 36 19 och
752 348 93 25 billighet
860 348 67 19 fordra
943 350 30 17 att

221 384 25 12 en
267 377 99 26 hjälpsam
384 378 54 19 hand
454 378 70 19 räckes
540 378 25 20 de
580 385 99 19 personer,
697 378 69 19 hvilka
782 377 44 20 icke
841 377 78 20 kunnat
933 377 40 20 till-

221 407 104 20 fredställa
341 407 58 20 äfven
415 407 210 26 byggnadsbehofvet,
642 410 25 24 på
684 415 76 12 samma
776 409 54 24 gång
844 407 24 20 de
878 407 95 26 uppburit

221 437 74 25 själfva
318 437 106 20 anstalten.
458 438 40 19 Till
522 438 56 19 detta
600 439 86 19 resultat
708 437 63 20 hafva
794 439 20 18 vi
830 437 83 20 kommit
928 437 45 19 icke

221 467 85 20 allenast
328 467 35 20 vid
386 468 161 25 uppskattandet
569 468 23 19 af
605 470 88 18 teaterns
709 467 123 26 förtjänster,
850 469 48 18 utan
913 467 59 19 äfven

221 497 26 19 då
268 499 21 18 vi
311 497 67 26 dragit
400 505 32 13 oss
455 498 31 19 till
507 500 78 18 minnes
601 500 30 17 att
647 498 39 20 den
701 498 89 19 svenska
805 497 167 26 teaterhusbygg-

220 527 66 20 naden
301 527 116 20 tillkommit
432 535 72 18 genom
520 528 123 26 beviljandet
659 528 22 19 af
694 535 25 13 en
734 527 102 26 ansenligt
852 528 33 19 lån
900 534 24 13 ur
937 527 34 20 all-

219 560 74 17 männa
315 557 122 25 statsmedel,
462 557 31 20 för
506 558 79 20 hvilket
599 560 78 18 teatern
692 558 64 19 under
772 565 24 12 en
811 558 48 25 lång
874 557 30 19 tid
920 559 52 18 varit

220 587 78 20 befriad
320 587 44 20 från
387 588 132 25 erläggandet
537 588 23 19 af
576 590 67 24 någon
658 590 64 17 ränta.
755 588 32 19 En
803 587 87 20 särskild
906 587 65 20 anled-

219 619 50 24 ning
285 619 30 18 att
331 625 27 12 nu
374 619 47 24 taga
436 618 73 25 frågan
524 619 32 18 till
571 619 40 19 tals
627 618 113 25 föreligger,
757 617 134 22 alldenstund,
909 617 62 26 enligt

219 647 54 20 hvad
296 647 32 20 till
350 649 36 18 vår
407 648 113 20 kännedom
535 649 90 24 kommit,
643 650 30 18 ett
689 648 60 25 bolag
764 648 32 19 för
812 647 123 26 uppförande
951 647 22 20 af

219 684 24 13 en
265 677 54 20 finsk
340 678 199 25 teaterhusbyggnad
561 679 57 19 torde
634 685 48 13 vara
697 678 65 19 under
776 677 101 20 bildande.
909 677 26 20 Vi
951 677 20 20 få

219 707 68 19 därför
305 707 102 20 vördsamt
425 708 73 19 föreslå
514 710 30 17 att
560 708 85 20 Ståndet
660 710 7 17 i
683 708 37 19 och
735 708 32 19 för
782 708 84 25 planens
881 707 89 19 förvärk-

218 737 81 25 ligande
321 737 36 19 och
376 737 46 20 dess
440 738 147 25 påskyndande
602 738 47 19 ville
665 738 81 19 förorda
762 744 25 13 en
802 739 85 24 petition
902 737 68 19 därom

505 805 30 18 att
553 804 58 19 Hans
628 804 110 24 Kejserliga
754 803 94 24 Majestät
864 803 70 19 täcktes
949 803 21 19 åt

432 834 31 18 det
484 834 60 23 bolag,
566 840 39 13 som
626 834 84 19 kommer
726 834 31 18 att
773 833 63 19 bildas
847 832 37 24 för
899 831 70 27 uppfö-

432 863 61 20 rande
512 862 26 27 af
553 870 23 13 en
595 870 45 18 egen
659 863 88 25 byggnad
762 862 34 26 för
811 863 64 23 finska
891 864 78 23 teatern,

432 894 8 18 i
463 893 61 20 nåder
547 893 69 25 bevilja
640 900 25 12 ur
687 894 102 26 allmänna
812 892 59 20 medel
887 894 25 18 ett
929 893 41 19 till-

432 924 86 24 räckligt
540 923 102 20 understöd
659 922 34 27 för
709 924 107 25 företagets
834 922 135 21 realiserande.

289 988 128 26 Helsingfors
433 989 39 19 den
488 990 12 18 5
518 988 87 20 februari
624 990 62 18 1897.

323 1125 101 21 Johannes
441 1125 73 27 Lagus.
685 1125 14 22 J.
716 1126 20 21 R.
753 1124 109 27 Wuolijoki.

369 1179 19 21 P.
404 1179 60 20 Aulin.
673 1179 54 21 Matti
744 1179 20 20 E.
781 1178 93 21 Niemelä.

360 1232 19 21 K.
396 1232 74 21 Konsti.
680 1232 19 21 A.
716 1233 18 21 F.
752 1232 115 21 Danielson.

480 1286 46 22 Axe!
542 1286 158 22 Tammelander.

314 1499 110 19 Helsingissä,
434 1491 103 27 Osakeyhtiö
547 1491 84 24 Weilin
623 1487 10 38 &
641 1491 44 24 Göös
694 1500 110 17 Aktiebolag,
814 1501 40 13 1897.
