1073 1745
237 183 84 23 Ständ.
337 184 54 22 Pet.
407 197 27 2 —
451 184 175 23 Petitionsbet.
643 185 43 22 N:o
702 184 36 22 27.
862 185 12 19 3

116 255 86 22 hvilka
221 255 81 22 under
321 255 80 29 några
421 255 28 22 år
463 256 42 28 egt
519 255 214 29 sjuksköterskor,
746 255 128 22 därunder

115 289 48 22 lärt
191 289 39 29 sig
257 289 144 29 tillräckligt
426 289 138 29 uppskatta
583 291 90 27 nyttan
693 289 26 22 af
737 289 136 26 desamma,

116 323 27 22 så
163 325 36 21 att
217 324 31 22 de
269 324 62 22 efter
344 324 197 29 statsbidragets
551 324 168 28 upphörande
730 324 72 22 skola
811 330 63 16 vara

115 358 118 29 benägna
262 359 36 21 att
322 358 95 29 själfva
444 358 52 22 helt
514 358 47 22 och
579 359 78 22 hållet
675 358 113 23 bestrida
807 358 67 29 sjuk-

114 392 193 23 sköterskornas
327 393 120 29 aflöning.

184 427 90 22 Såsom
293 428 55 21 skäl
368 429 66 20 emot
453 427 188 29 godkännande
663 427 25 22 af
707 426 166 23 förenämnda

114 461 217 30 petitionsförslag
343 462 47 21 har
405 462 96 22 anförts
512 463 36 21 att
559 461 216 30 sjuksköterskor,
786 461 86 22 hvilka

114 495 54 22 icke
187 496 72 22 stode
278 496 81 22 under
377 496 101 23 läkares
492 496 162 23 omedelbara
665 495 111 29 uppsikt,
787 495 85 22 kunde

115 530 90 22 frestas
225 532 36 21 att
279 531 117 22 bedrifva
415 531 185 22 kvacksalveri.
630 530 89 22 Ehuru
731 530 83 22 denna
824 529 49 22 far-

115 564 66 29 håga
206 571 76 22 synes
301 565 182 27 öfverdrifven,
504 566 61 21 enär
583 565 50 22 den
652 564 220 29 omständigheten

116 600 35 21 att
178 599 241 29 sjuksköterskorna
445 600 80 21 skulle
545 599 141 29 afgiftsfritt
705 599 81 22 vårda
804 599 68 21 kom-

115 640 135 16 munernas
269 634 75 29 sjuka
362 633 80 23 borde
461 635 92 28 utgöra
572 633 100 30 garanti
691 633 39 22 för
749 635 36 20 att
803 633 31 22 de
848 633 22 28 ej

115 668 80 23 skulle
222 668 85 22 lockas
336 669 35 22 att
389 669 89 22 utöfva
496 668 186 26 kvacksalveri,
701 668 78 21 hafva
800 667 72 22 Stän-

115 702 78 23 derna
212 703 79 22 likväl
309 703 54 22 icke
382 703 69 22 velat
468 703 84 22 lemna
562 702 172 29 nyssberörda
745 702 66 22 åsikt
820 701 52 22 helt

114 737 46 22 och
188 737 78 22 hållet
293 737 136 27 obeaktad,
454 739 64 20 samt
536 737 68 28 förty
624 738 82 21 ansett
725 738 36 20 att
779 736 92 29 ifråga-

114 771 93 22 komna
229 771 92 30 bidrag
340 772 182 22 företrädesvis
541 771 80 22 borde
639 771 95 22 lemnas
753 771 32 22 de
803 771 68 21 kom-

115 813 95 19 muner,
239 806 46 22 där
306 806 235 22 kommunalläkare
559 806 84 22 finnas
663 805 131 26 anställde,
813 811 57 16 men

115 842 35 21 att
168 841 87 28 dylika
275 841 92 28 bidrag
386 841 21 28 ej
422 841 78 22 heller
514 840 81 22 skulle
608 841 94 28 vägras
714 840 79 21 andra
804 839 66 22 kom-

113 881 96 20 muner,
238 875 47 22 där
314 882 31 15 en
373 875 133 29 tillräcklig
534 874 110 23 kontroll
663 874 26 22 af
707 874 163 22 sköterskans

113 909 162 22 verksamhet
293 909 84 22 blefve
389 910 95 29 möjlig,
496 910 83 21 såsom
597 909 8 22 i
623 909 128 26 kommun,
762 909 108 28 belägen

114 944 8 21 i
140 944 124 22 närheten
283 944 26 22 af
326 944 243 28 provincialläkares
587 943 158 29 boningsort.

181 978 102 22 Jämväl
309 979 26 22 åt
363 979 116 22 enskilda
506 978 155 29 föreningar,
681 984 52 15 som
757 976 113 23 önskade

114 1013 104 28 vidtaga
246 1013 91 29 åtgärd
367 1019 40 16 om
428 1013 158 22 anställande
606 1012 25 22 af
649 1011 86 29 dylika
755 1011 115 29 sjukskö-

113 1047 100 22 terskor
230 1047 9 22 i
257 1047 233 27 landskommuner,
510 1047 87 26 borde,
617 1047 78 28 enligt
713 1046 156 22 Ständernas

114 1081 83 27 tanke,
219 1082 204 22 statsunderstöd
442 1081 115 29 beviljas.
595 1081 165 22 Beträffande
779 1080 91 22 under-

113 1116 102 22 stödens
243 1116 92 29 belopp
360 1116 77 22 hafva
462 1116 143 22 Ständerna
624 1116 83 21 ansett
726 1116 35 21 att
780 1115 25 21 ät
824 1114 46 22 Re-

113 1151 123 28 geringen
255 1150 78 23 borde
352 1151 97 22 lemnas
469 1151 76 28 öppet
565 1151 36 20 att
619 1150 7 21 i
645 1150 89 28 hvarje
751 1148 119 23 särskildt

113 1185 43 22 fall
174 1185 92 28 pröfva
283 1185 126 22 storleken
421 1185 25 22 af
457 1185 128 22 desamma
597 1184 45 22 och
652 1184 39 21 för
701 1184 66 21 huru
777 1183 92 28 många

114 1219 28 22 år
160 1219 125 29 bidragen
304 1219 79 22 borde
401 1219 116 29 beviljas.

180 1253 36 22 På
235 1254 84 29 grund
338 1254 25 21 af
381 1254 69 22 hvad
469 1254 78 22 ofvan
569 1253 95 22 anförts
683 1252 25 22 få
725 1252 143 23 Ständerna

112 1288 8 21 i
138 1288 205 29 underdånighet
364 1288 113 22 anhålla:

389 1357 38 22 att
463 1357 82 22 Eders
575 1355 144 29 Kejserliga
749 1355 122 28 Majestät

320 1391 102 26 täcktes,
444 1391 51 22 där
513 1390 252 29 omständigheterna
775 1389 96 22 sådant

316 1425 120 29 påkalla,
457 1432 31 15 ur
510 1425 137 22 allmänna
666 1424 81 22 medel
762 1423 38 30 på
818 1423 52 22 viss

321 1460 38 22 tid
384 1459 96 29 bevilja
503 1459 226 22 landskommuner
747 1459 61 21 eller
826 1457 45 22 ock

321 1494 119 22 enskilda
465 1494 150 28 föreningar
635 1493 93 28 bidrag
747 1493 41 21 till
807 1491 64 23 aflö-
