1073 1748
118 170 181 32 (Öfversättning.)

337 222 312 28 Petitionsmemorial.

261 277 115 37 Bondest,
618 281 45 24 N:o
679 281 50 25 114,

278 603 49 21 Till
345 603 156 21 hedervärda
519 604 196 21 Bondeständet.

192 670 37 19 Ett
252 669 61 26 ärligt
335 669 188 20 rättsmedvetande
547 669 58 20 torde
629 669 104 26 medgifva
753 671 31 18 att
802 669 72 26 hvarje

121 700 55 25 slags
201 699 75 26 arbete,
297 699 78 20 utfördt
398 699 32 20 för
445 699 175 26 medborgarenas
635 700 66 24 bästa,
717 699 80 20 säledes
813 699 61 21 äfven

121 729 35 20 det
176 729 84 26 andliga
280 729 37 20 och
333 729 89 25 literära,
438 729 38 20 har
491 729 32 20 för
539 732 30 17 att
585 729 64 20 vinna
664 729 108 26 framgäng
787 731 42 18 rätt
844 732 31 17 att

121 759 79 26 hoppas
215 760 27 25 pä
258 762 29 17 ett
303 759 76 26 skäligt
395 759 102 20 materielt
513 759 113 20 understöd
637 759 46 20 frän
695 759 118 20 samhällets
824 759 50 20 sida.

121 789 44 20 Hos
185 789 25 20 de
231 791 65 18 större
317 789 120 20 nationerna
453 789 100 26 förtjänar
569 796 24 13 en
610 789 151 25 skriftställare,
778 789 31 20 till
825 789 50 26 följd

122 819 23 20 af
158 819 33 20 sin
207 819 116 20 vidsträkta
339 819 130 24 läsarekrets,
485 819 47 20 med
548 822 29 17 ett
593 819 53 20 enda
662 819 75 25 arbete,
753 826 44 13 som
813 819 62 20 väckt

122 849 125 20 allmännare
262 849 185 26 uppmärksamhet,
464 852 30 17 ett
509 849 84 27 kapital,
609 849 47 20 med
667 849 79 20 hvilket
755 849 46 26 han,
813 849 63 26 skyd-

122 878 41 21 dad
185 879 8 20 i
215 879 100 20 materielt
338 879 122 24 hänseende,
482 879 41 20 kan
538 879 97 21 fortsätta
650 879 37 20 sitt
701 879 83 20 literära
799 880 76 19 arbete.

122 909 48 20 Men
186 909 63 20 bland
265 911 30 18 ett
309 909 46 20 litet
370 908 49 26 folk,
435 909 86 20 hvarest
531 909 60 20 äfven
602 909 23 20 af
633 908 26 21 de
669 909 91 25 arbeten,
772 916 43 13 som
825 916 51 13 vun-

122 938 30 20 nit
168 939 35 20 det
219 941 76 18 största
311 938 147 26 erkännandet,
474 939 67 20 under
557 940 14 19 4
586 940 12 19 &
615 939 12 20 5
638 940 35 19 års
683 938 80 27 förlopp
774 939 103 27 knappast

122 969 61 25 säljes
207 976 25 13 en
255 969 90 26 upplaga
367 968 24 20 af
407 970 66 24 2,000
489 969 108 26 exemplar,
613 969 120 26 isynnerhet
749 976 32 12 om
797 969 80 25 arbetet

122 1002 24 16 är
161 999 88 20 skrifvet
264 999 7 19 i
287 999 81 19 bunden
385 998 57 26 form,
458 999 39 19 har
513 1006 25 12 en
553 999 108 20 författare
676 999 127 25 outhärdligt
819 1000 58 18 svårt

122 1031 31 17 att
176 1029 31 19 slå
230 1028 33 26 sig
282 1028 56 25 fram,
359 1029 38 19 och
413 1028 61 20 äfven
491 1036 31 12 om
538 1029 41 20 han
595 1029 17 25 ej
629 1028 136 26 bokstafligen
781 1028 96 20 behöfver

122 1058 73 25 svälta,
217 1060 23 18 sä
260 1058 101 20 förtvinar
379 1058 40 20 han
437 1058 52 20 dock
506 1058 23 20 af
542 1059 53 19 brist
610 1060 27 25 pä
652 1058 63 26 nödig
730 1058 94 20 literatur
839 1058 38 20 och

122 1095 67 13 annan
213 1088 31 20 för
267 1088 52 20 hans
339 1088 120 26 utveckling
478 1088 90 28 behöflig
583 1088 68 26 fysisk
667 1088 38 20 och
720 1088 71 26 andlig
806 1088 71 20 veder-

121 1118 111 20 kviokelse.
257 1118 37 20 Om
310 1119 40 19 han
367 1118 89 20 drabbas
473 1118 22 20 af
509 1118 95 26 sjukdom
621 1118 50 20 eller
686 1121 37 17 när
739 1118 71 20 åldern
821 1118 55 20 kom-

122 1154 48 19 mer,
193 1149 38 25 gär
254 1148 41 20 han
317 1148 108 27 ohjälpligt
448 1148 72 20 under.
551 1148 76 20 Likväl
650 1148 84 26 medger
753 1148 78 20 enhvar
846 1150 31 18 att

122 1176 122 22 literaturen
264 1178 37 20 och
321 1178 89 20 konsten
427 1178 84 20 tillhöra
527 1178 26 20 de
569 1178 102 24 omräden,
688 1179 27 25 pä
729 1178 72 20 hvilka
815 1178 62 20 äfven

122 1210 29 17 ett
171 1208 46 20 litet
237 1208 43 20 folk
295 1208 42 20 kan
352 1210 92 24 upptaga
460 1208 63 20 täflan
541 1208 46 21 med
602 1208 25 20 de
643 1211 64 23 stora,
723 1209 68 20 såsom
806 1208 70 20 nutill-

122 1237 51 26 dags
189 1238 25 20 de
230 1238 161 20 skandinaviska
407 1238 112 20 ländernas
535 1239 90 25 exempel
641 1238 85 20 utvisar.
747 1239 48 20 Men
811 1238 65 20 ehuru

122 1274 25 13 en
169 1267 118 21 författares
310 1268 125 20 läsarekrets
458 1268 7 19 i
489 1268 62 20 dessa
571 1268 49 20 land
637 1271 23 17 är
675 1268 114 26 mängfaldt
805 1270 72 23 större,

122 1298 67 19 säsom
212 1297 125 21 omfattande
360 1298 46 20 icke
429 1298 88 20 allenast
541 1297 25 21 de
585 1297 84 21 bildade
689 1298 38 19 och
741 1297 71 26 folket,
827 1300 49 17 utan

122 1327 60 20 äfven
206 1327 173 27 grannländerna,
403 1328 38 19 har
464 1331 69 16 staten
557 1327 57 26 dock,
635 1327 99 21 särskildt
753 1328 4 19 i
772 1327 105 20 Danmark

122 1357 38 20 och
183 1357 76 26 Norge,
283 1357 91 26 skyndat
397 1360 32 17 att
452 1357 107 26 varaktigt
583 1358 37 19 och
637 1357 17 26 ej
671 1361 78 16 ensamt
766 1360 111 23 temporärt

122 1387 103 26 betrygga
241 1387 132 20 författarnes
389 1387 134 20 ekonomiska
539 1387 106 26 ställning;
662 1387 86 26 sälunda
763 1387 113 26 beviljades

122 1417 21 19 ät
163 1417 78 26 Holger
261 1417 116 20 Drachman
398 1417 65 20 redan
482 1417 36 20 vid
535 1418 28 19 33
579 1418 34 19 års
629 1417 57 21 ålder
702 1419 29 18 ett
748 1418 65 23 1,000
828 1417 46 20 kro-

121 1453 48 13 nors
193 1447 62 25 årligt
277 1446 118 21 understöd.
425 1447 83 20 Endast
529 1447 44 20 ifall
593 1447 132 20 författarens
740 1446 132 21 ekonomiska

121 1475 90 22 existens
231 1479 23 17 är
274 1476 121 27 betryggad,
416 1476 41 21 kan
473 1477 42 20 han
530 1477 61 26 lugnt
607 1477 71 20 arbeta
693 1477 26 27 på
735 1479 29 19 att
779 1476 45 21 föra
840 1476 31 21 sin
