1067 1736
304 414 245 36 Reservation
574 414 66 36 N:o
666 413 36 37 2.

198 497 11 21 I
234 496 41 22 den
298 504 50 14 mon
370 496 164 29 lagstiftningen
553 496 99 22 tenderar
671 496 33 22 till
719 499 32 19 ett
766 496 111 30 kringskä-

128 532 65 23 rande
209 532 23 22 af
247 532 179 22 industriidkares
442 532 8 21 i
466 532 72 28 skydd
548 532 22 21 af
580 532 149 29 näringslagen
739 532 137 22 förvärfvade

128 568 101 29 rättighet
251 571 32 18 att
305 568 33 21 till
359 568 47 21 salu
421 568 57 21 hålla
494 568 63 21 deras
572 568 163 26 industrialster,
751 568 126 21 framträder

128 605 75 28 frågan
226 604 54 21 huru
304 603 61 29 långt
387 611 49 14 man
456 604 8 21 i
480 603 59 22 detta
555 603 102 22 afseende
673 603 41 22 kan
729 603 34 29 gå,
779 607 51 18 utan
845 607 32 18 att

128 640 127 22 tillerkänna
271 639 48 25 den,
335 647 46 14 som
397 639 92 22 drabbas
505 639 23 22 af
543 647 26 14 en
585 639 60 29 dylik
661 639 139 29 lagstiftning,
815 639 62 29 godt-

128 676 81 29 görelse
225 675 35 22 för
276 675 41 22 den
334 675 288 29 förmögenhetsminskning,
639 683 46 14 som
703 675 34 21 för
753 675 77 22 honom
845 676 32 20 in-

128 711 71 22 träder
220 719 77 21 genom
322 711 127 28 nedgående
475 711 120 21 räntevinst
617 711 13 21 å
651 711 37 21 det
707 711 8 21 i
734 711 53 21 hans
803 712 75 27 näring

128 747 87 22 bundna
240 747 110 28 kapitalet.
381 747 44 21 Till
450 747 60 21 detta
536 747 110 21 uttalande
668 747 121 21 föranledas
810 747 22 21 vi
855 747 23 21 af

131 783 224 22 Ekonomiutskottets
379 783 31 21 uti
430 791 30 13 nu
480 783 146 28 föreliggande
646 783 135 21 betänkande
796 782 81 22 fattade

130 819 76 26 beslut,
221 821 32 19 att
269 819 139 27 länestyrelse
428 818 132 22 omedelbart
576 819 52 21 eller
642 818 28 29 på
685 818 156 29 framställning
855 819 23 20 af

130 855 219 25 kommunalstämma,
365 854 203 21 kommunalnämnd
584 854 52 22 eller
645 854 182 28 polismyndighet
836 854 42 21 kan

130 890 99 28 förbjuda
245 898 62 20 egare
323 890 24 21 af
361 890 101 28 bryggeri
472 890 28 28 på
511 890 73 21 landet
594 892 43 19 rätt
646 890 33 21 till
689 890 126 28 försäljning
825 890 24 21 af
858 890 21 21 öl

130 926 41 21 och
185 929 78 25 porter,
280 926 38 22 vid
333 926 8 21 i
358 926 146 22 betänkandet
518 928 96 19 närmare
630 925 140 22 omförmälda
780 926 99 21 tillfällen

131 962 51 21 eller
201 962 28 22 då
250 962 89 29 uppbåd
359 970 50 20 eger
428 970 47 13 rum
495 962 50 21 med
560 962 153 28 värnepligtigt
727 962 104 28 manskap
846 961 34 22 till

131 998 40 21 den
194 998 72 21 finska
287 998 113 26 militären,
420 998 29 21 då
464 998 78 21 krono-
558 997 40 22 och
614 997 134 22 kommunala
769 997 112 29 utskylder

131 1033 112 29 uppbäras,
266 1036 55 19 samt
345 1033 13 22 å
380 1033 114 29 torgdagar
517 1033 41 22 och
582 1033 27 22 de
630 1034 68 21 första
720 1033 160 29 rättegängsda-

130 1077 65 21 garna
210 1069 23 21 af
248 1069 13 21 å
277 1072 60 19 orten
353 1069 118 21 infallande
487 1070 87 27 lagtima
591 1069 128 29 häradstiog.
750 1068 49 22 Och
814 1068 29 22 då
858 1069 22 21 vi

130 1106 47 21 icke
200 1105 127 22 medverkat
352 1105 33 21 till
408 1105 193 29 nyssomförmälda
626 1105 77 26 beslut,
723 1104 71 22 såvidt
815 1104 66 28 angår

133 1140 146 29 torgdagarna,
299 1141 67 21 hafva
384 1142 20 20 vi
422 1140 124 22 förbehållit
561 1148 35 14 oss
612 1142 43 20 rätt
669 1144 32 18 att
717 1143 57 18 emot
787 1140 94 22 beslutet

131 1177 7 20 i
153 1176 69 21 denna
238 1176 36 22 del
291 1177 86 28 inlägga
393 1176 38 22 vår
446 1184 100 21 gensaga,
561 1176 84 22 hvilket
655 1177 21 21 vi
687 1178 50 27 göra
748 1175 28 30 på
786 1175 95 29 följande

131 1212 100 28 grunder:

201 1247 49 22 Den
275 1255 45 14 som
343 1248 83 22 drifver
448 1255 26 14 en
496 1247 185 30 bryggerirörelse,
696 1255 51 14 vare
763 1248 33 28 sig
811 1247 70 22 såsom

132 1283 166 29 anläggningens
322 1291 63 22 egare
406 1285 8 20 i
437 1284 69 21 första
530 1283 58 22 hand
610 1284 52 21 eller
683 1284 8 21 i
709 1283 70 29 grund
794 1283 23 21 af
832 1283 50 28 köp,

131 1319 38 21 har
189 1319 111 29 själffallet
321 1319 85 22 baserat
429 1320 33 21 sin
486 1319 57 22 affär
566 1319 28 29 på
616 1327 26 14 en
660 1318 222 29 räntabilitetskalkyl.

132 1355 77 21 Denna
228 1355 39 21 har
289 1356 56 21 visat
367 1356 33 28 sig
422 1355 66 29 riktig
511 1355 40 22 och
570 1355 84 22 affären
669 1357 24 20 är
707 1355 43 29 god
764 1355 9 21 i
787 1354 38 22 det
839 1354 43 22 den

132 1390 80 22 lemnar
227 1391 111 28 påräknad
354 1392 64 21 vinst.
446 1391 37 21 Nu
499 1391 97 22 kommer
611 1391 122 22 oförberedt
748 1398 27 14 en
790 1390 92 21 förstän-

133 1426 63 28 digan
218 1426 48 22 från
287 1427 155 28 länestyrelsen
461 1429 33 19 att
513 1427 85 21 inställa
622 1427 28 21 all
671 1427 126 27 försäljning
817 1425 23 22 af
861 1425 21 21 öl

135 1462 39 21 och
195 1464 72 26 porter
287 1462 70 22 under
371 1462 8 21 i
395 1462 129 22 kommunen
545 1462 51 21 eller
611 1462 144 28 tilläfventyrs
771 1462 7 20 i
793 1462 90 28 angrän-

202 1503 210 19 Ekonomiutskottets
426 1503 127 19 betänkande
566 1503 38 19 N:o
618 1504 18 17 8.
