1056 1736
219 147 13 20 4

190 222 35 14 var
246 217 153 20 Fredrikshamn
418 217 38 19 den
472 219 39 22 ort,
526 223 72 19 genom
613 217 80 20 hvilken
708 216 143 25 befolkningen
868 217 7 18 i
890 216 60 21 södra

191 245 37 20 och
246 246 102 19 mellersta
366 245 102 24 Savolaks,
484 247 93 24 sydöstra
593 246 123 20 Tavastland
733 246 37 20 och
785 251 25 14 en
825 245 76 20 mindre
917 245 32 19 del

191 273 21 20 af
226 276 55 18 östra
295 275 80 23 Nyland
390 274 92 20 försedde
498 275 29 23 sig
542 276 45 18 med
599 275 150 19 handelsvaror.
779 273 76 21 Genom
865 274 86 24 byggan-

191 303 34 19 det
240 303 22 19 af
276 303 65 19 Saima
356 303 65 24 kanal,
437 303 169 20 Riihimäki—S:t
620 304 131 23 Petersburgs
765 304 84 23 jernväg
863 302 38 20 och
919 308 32 14 se-

190 333 47 18 nast
257 332 108 24 jernvägen
381 332 44 20 från
439 332 93 20 Kouvola
548 333 30 19 till
594 333 68 19 Kotka
677 333 37 19 har
729 332 156 20 Fredrikshamn
900 330 51 21 efter

190 360 54 20 hand
259 360 85 20 förlorat
358 367 24 13 en
398 364 42 16 stor
456 362 32 18 del
504 361 22 20 af
539 362 35 19 sitt
589 362 64 24 gamla
669 361 148 20 trafikomräde.

259 401 39 20 Vid
322 400 54 21 1882
395 402 32 19 ärs
446 402 96 24 landtdag
560 402 89 20 uttalade
669 402 107 23 ständerna
792 401 39 20 den
846 400 105 25 grundsats

191 431 31 18 att
234 430 134 24 jernvägarna
383 430 48 20 böra
447 430 49 25 följa
511 431 38 19 den
565 433 55 18 stora
634 430 97 20 trafikens
746 430 100 20 allmänna
861 429 90 20 sträkvä-

190 464 36 18 gar
242 459 22 19 sä
280 461 30 17 att
326 460 65 19 denna
406 460 17 23 ej
436 459 56 20 ledes
504 460 20 19 in
536 460 8 19 i
556 466 39 19 nya
607 460 64 20 banor
684 460 49 20 eller
746 458 65 26 gamla
823 458 128 20 trafikcentra

191 487 92 21 beröfvas
306 488 58 20 deras
386 488 55 20 förra
463 488 149 20 trafikomräde.
643 488 132 24 Obestridligt
792 490 23 18 är
829 490 30 18 att
872 487 79 20 landets

192 516 129 20 ekonomiska
341 517 113 24 utveckling
474 516 78 21 fordrat
577 518 123 24 anläggande
724 516 22 21 af
758 518 25 18 de
798 517 71 25 banor,
884 515 68 20 hvilka

191 544 95 26 fräntagit
308 546 154 20 Fredrikshamn
485 548 65 18 större
574 546 58 20 delen
654 546 22 20 af
690 547 45 19 dess
751 546 86 23 tidigare
853 544 99 21 förmåner

190 574 45 19 med
257 574 93 20 afseende
372 575 12 19 &
403 575 72 19 handel
498 576 37 19 och
558 575 66 19 trafik.
660 575 49 20 Men
725 575 25 19 dä
765 574 82 19 stadens
862 573 91 20 enskilda

191 602 64 20 fördel
272 603 82 20 sälunda
370 603 38 20 fätt
422 604 46 19 vika
484 603 31 20 för
527 604 99 19 allmänna
638 604 108 23 intressen,
759 603 60 25 hyser
831 603 69 19 staden
913 601 39 20 den

191 632 133 24 förhoppning
340 634 29 18 att
388 633 88 24 antydda
491 633 125 20 förhållande
632 633 51 19 skall
696 632 61 20 blifva
770 638 24 13 en
807 630 144 21 medverkande

191 660 69 20 faktor
283 661 33 19 vid
336 661 144 24 behandlingen
504 661 21 20 af
546 661 69 24 frägan
638 667 31 14 om
690 661 115 25 byggandet
820 660 21 20 af
855 666 24 13 en
894 659 58 24 bana,

191 695 43 14 som
248 690 64 19 skulle
335 690 76 20 skänka
428 690 156 20 Fredrikshamn
600 691 102 24 möjlighet
718 692 29 18 att
762 690 103 20 återvinna
880 694 24 13 en
920 688 32 19 del

191 718 21 20 af
231 719 45 19 dess
291 719 64 24 gamla
370 719 170 20 handelsomräde.

261 759 73 20 Härtill
350 759 87 20 kommer
452 759 128 25 ytterligare:

261 796 31 17 att
306 794 154 19 Fredrikshamn
476 797 22 17 är
514 800 24 14 en
554 794 22 19 af
590 795 24 18 de
630 796 75 18 största
721 793 71 20 städer
803 793 7 19 i
823 793 75 23 landet,
911 797 41 14 som

192 830 52 18 ännu
260 829 62 19 sakna
335 828 227 25 jernvägsförbindelse
553 824 12 33 ;

260 871 30 17 att
305 869 79 19 stadens
400 868 112 20 handlande
526 869 27 19 uti
567 868 140 24 tullumgälder
719 868 77 24 ärligen
810 867 30 19 till
853 867 99 19 allmänna

192 902 125 21 statsfonden
334 904 79 23 erlägga
428 904 6 18 i
450 903 93 20 medeltal
559 903 89 24 omgring
663 902 93 25 200,000
772 902 66 24 mark;

262 946 29 17 att
314 944 69 19 staden
406 944 6 18 i
436 944 78 24 vanliga
538 943 34 20 fall
595 946 23 17 är
636 944 118 19 stationsort
770 942 32 20 för
816 942 83 23 militär;
915 942 37 19 och

261 980 30 17 att
313 978 7 19 i
341 978 69 20 staden
434 978 63 20 finnes
519 984 24 14 en
562 978 22 19 sä
599 978 113 24 betydande
728 976 167 24 statsinrättning,
911 982 41 14 som

192 1012 65 21 finska
272 1013 132 19 kadettkären
420 1013 100 20 äfvensom
536 1013 63 19 andra
615 1013 74 19 skolor.

261 1053 135 20 Tvifvelsutan
419 1054 76 19 komme
519 1054 154 19 Fredrikshamn
696 1052 44 20 stad
757 1053 30 19 att
802 1052 62 24 draga
879 1051 74 19 största

192 1084 57 22 nyttä
272 1082 21 20 af
311 1083 114 24 jernvägen.
456 1082 28 20 På
500 1083 62 23 grund
579 1082 57 20 häraf
650 1082 60 19 hafva
726 1081 109 19 förstärkte
852 1080 101 19 stadsfall-

192 1112 94 23 mäktige,
309 1112 65 19 säsom
394 1112 82 23 bilagda
491 1112 184 24 protokollsutdrag
691 1111 49 22 visa,
756 1115 70 18 genom
841 1109 45 23 laga
901 1108 54 20 kraft

192 1143 74 16 vunnet
281 1140 66 19 beslut
362 1140 97 19 förklarat
472 1142 28 17 att
514 1140 8 19 i
536 1140 89 19 händelse
639 1139 33 19 vid
686 1139 50 19 detta
752 1138 128 19 ständermöte
895 1137 59 19 beslut

191 1169 60 24 fattas
263 1171 28 17 att
308 1175 23 13 en
349 1168 144 25 normalspårig
504 1169 82 25 jernväg
600 1168 48 25 från
663 1167 88 26 Ingerois
765 1166 72 19 station
853 1165 28 20 till
895 1165 60 19 Fred-

191 1197 104 19 rikshamn
317 1197 49 20 skall
380 1197 32 25 för
430 1197 77 19 Statens
521 1197 85 24 räkning
626 1197 77 24 byggas,
726 1195 66 20 staden
803 1196 114 24 garanterar
935 1193 20 20 ät

193 1225 114 20 Stalsverket
321 1233 23 12 en
362 1227 49 18 netto
428 1226 86 19 inkomst
531 1225 25 26 af
568 1226 69 22 banan,
652 1224 136 20 motsvarande
813 1224 13 18 3
851 1222 26 27 1/,
900 1221 27 27 "/,
942 1222 13 19 å

192 1254 219 25 anläggningskapilalet
433 1254 62 19 under
510 1255 21 18 de
554 1254 25 19 tio
601 1254 63 25 första
686 1253 54 24 åren,
757 1252 45 19 dock
818 1251 39 20 icke
871 1251 13 19 å
899 1251 56 24 högre

192 1289 80 13 summa
289 1285 27 18 än
330 1283 108 24 1,517,000
460 1283 62 24 mark,
545 1283 43 19 eller
603 1283 33 18 ock
658 1281 109 20 alternativt
790 1280 85 25 erlägger
892 1286 24 13 en
927 1279 28 25 fix

191 1311 113 20 subvention
330 1311 25 25 af
374 1312 91 23 600,000
486 1311 63 24 mark,
565 1311 57 25 deraf
634 1311 91 23 100,000
739 1309 57 20 mark
810 1308 93 20 utbetalas
917 1314 38 13 un-

191 1340 33 19 der
238 1340 64 25 första
314 1340 40 19 året
369 1342 51 17 samt
436 1340 106 19 återstoden
562 1340 44 19 med
622 1340 75 23 10,000
712 1339 57 18 mark
784 1344 33 13 om
833 1337 41 19 året
895 1337 61 18 under

191 1369 146 25 derpäföljande
352 1369 68 24 femtio
436 1369 29 24 är,
478 1369 103 25 hvarjemte
596 1368 66 19 staden
684 1367 66 25 afstär
772 1365 135 26 kostnadsfritt
930 1365 26 19 all

192 1397 66 20 staden
278 1397 118 25 tillhörande,
420 1397 34 25 för
470 1397 106 25 jernvägen
598 1397 59 24 nödig
676 1396 55 26 jord,
755 1395 33 19 der
810 1393 146 27 expropriation

192 1426 25 24 af
228 1426 86 19 enskilda
329 1432 93 18 personer
444 1426 96 24 tillhöriga
561 1425 72 25 gärdar
654 1425 44 19 eller
721 1425 68 18 tomter
811 1423 40 20 icke
869 1423 87 24 behöfver

191 1454 151 25 ifrägakomma.
