1092 1742
295 176 260 22 Motionsbetänkande
570 176 44 23 N:o
629 177 38 22 10.
804 178 24 20 21

101 244 31 20 all
146 244 7 20 i
170 244 149 27 kyrkogällen
330 244 100 21 fallande
444 245 145 21 sädestionde
602 245 109 27 anslagits
720 246 33 20 till
762 248 97 25 prester-

102 278 92 28 skapets
209 279 128 26 underhåll,
354 279 48 21 dels
418 279 70 27 derpå
499 282 32 18 att
542 280 76 20 denna
629 281 89 26 ögrupp
727 280 53 20 med
788 280 72 26 något

102 313 63 20 öfver
187 314 77 25 20,000
287 313 139 21 innevånare
448 314 77 20 består
549 314 33 26 sig
604 315 24 19 15
650 314 87 27 kyrkor
756 314 44 21 och
822 314 38 21 do-

102 350 59 17 terar
178 348 25 20 16
220 347 159 27 presttjenster.

171 381 129 21 Anmärkas
315 382 42 20 bör
373 384 32 18 att
420 382 7 20 i
443 382 78 27 hvarje
538 382 104 20 landsdel
655 382 76 21 finnas
742 382 118 26 undantag

103 416 50 20 från
182 416 81 26 regeln.
295 416 36 20 Uti
355 416 49 20 små
427 416 239 27 kapellförsamlingar
691 417 54 20 eller
769 416 91 21 mindre

103 452 126 25 pastorater
245 450 66 26 stiger
321 450 69 20 lönen
398 450 110 27 betydligt
516 450 64 21 öfver
588 450 67 21 ofvan
666 450 101 28 antydda
776 450 84 21 medel-

104 484 90 27 belopp,
211 484 44 21 och
271 484 13 20 å
299 484 72 20 andra
386 484 67 21 sidan
469 484 75 21 finnas
560 487 62 18 stora
638 485 167 26 församlingar,
821 484 40 21 der

104 518 130 27 aflöningen
251 518 114 21 kännbart
380 518 142 27 understiger
537 519 103 21 nämnda
656 519 90 27 belopp.

173 553 66 20 Huru
263 553 42 20 har
326 560 32 13 nu
381 552 60 21 detta
464 554 94 20 resultat
580 554 110 20 vunnits?
720 554 35 20 Då
777 560 54 14 man
853 553 7 20 i

105 589 70 19 större
197 588 62 20 antal
278 587 83 27 jemför
384 587 201 27 församlingarnes
606 588 114 27 uppgifter
735 588 44 20 och
794 588 68 26 regle-

105 622 216 26 ringskomitéernas
347 621 83 27 förslag
452 622 53 20 med
529 622 331 25 stadfästelseresolutionerna,

104 656 82 20 blifver
208 656 118 20 märkbart
347 658 32 18 att
401 655 122 27 Kejserliga
545 656 98 20 Senaten
665 656 6 20 i
693 656 89 20 landets
798 658 60 18 östra

105 690 44 20 och
164 690 105 26 nordliga
285 690 68 26 delar,
369 690 39 20 der
424 690 130 26 aflöningen
570 690 59 21 varit
644 690 145 27 synnerligen
805 696 56 20 upp-

105 724 96 26 drifven,
218 724 73 27 tryckt
305 724 44 20 ned
365 724 135 21 densamma
516 724 47 21 ofta
579 724 52 21 med
645 724 114 28 betydliga
769 724 91 27 belopp,

106 758 48 20 låtit
170 758 135 20 densamma
321 758 81 26 stegvis
418 758 83 27 sjunka
517 759 50 20 från
581 760 60 20 öster
652 761 48 19 mot
710 761 79 24 vester,
802 760 60 19 samt

106 792 50 20 från
179 799 56 14 norr
257 795 48 18 mot
326 794 61 19 öster
401 793 44 20 och
461 793 67 21 söder
544 796 60 18 samt
620 793 74 21 såvidt
709 793 81 26 görligt
804 792 58 21 und-

106 826 57 21 vikit
178 829 62 18 stora
253 827 179 27 skiljaktigheter
442 828 172 26 närgränsande
626 828 161 26 församlingar
795 827 66 21 emel-

106 861 44 21 lan.
174 861 37 21 Att
227 868 54 14 man
297 861 37 21 vid
351 862 81 20 sådant
447 862 181 27 tillvägagående
644 862 50 21 icke
704 862 90 20 kunnat
805 861 56 21 und-

107 895 52 21 vika
182 898 32 18 att
236 896 69 26 något
323 896 78 27 jemka
423 897 72 26 uppåt
516 897 6 20 i
539 897 88 20 sådana
640 897 166 26 församlingar,
822 895 40 21 der

106 930 130 26 aflöningen
253 936 82 21 genom
348 931 131 26 sporadiskt
489 931 122 20 tillkomna
622 931 72 20 delvis
705 931 39 20 150
753 931 25 20 år
786 930 76 27 gamla

107 964 167 21 konventioner
288 965 74 20 blifvit
377 964 93 21 alldeles
487 965 127 26 otidsenlig,
626 967 25 18 är
659 965 65 20 klart.
748 965 114 20 Utskottet

106 999 43 20 har
172 999 75 20 anfört
269 1001 30 18 ett
321 999 102 27 exempel
445 999 29 27 på
492 999 121 27 jemkning
628 999 78 27 uppåt.
716 999 18 27 ”)
765 999 39 20 Mä
818 999 44 20 här

107 1033 92 20 anföras
215 1033 102 27 exempel
333 1033 29 27 på
375 1033 121 26 jemkning
511 1033 7 20 i
534 1035 94 19 motsatt
643 1033 105 26 riktning.

175 1137 16 21 *)
206 1138 54 15 Detta
273 1137 82 21 exempel
369 1137 46 22 (pag.
429 1138 10 15 9
451 1137 36 16 och
501 1137 28 22 10)
542 1139 21 14 är
576 1137 119 21 synnerligen
708 1137 89 20 olyckligt
806 1136 57 16 valdt.

108 1166 39 15 Den
160 1171 74 11 summa
247 1166 20 15 af
278 1166 47 19 1,341
341 1166 53 15 mark
408 1167 19 14 17
441 1167 63 20 penni,
518 1166 90 16 hvarmed
622 1165 196 21 regleringskomiténs
828 1165 35 16 för-

108 1194 37 21 slag
164 1194 97 21 föregifves
280 1195 99 20 öfverstiga
397 1195 144 20 församlingens
560 1195 78 20 uppgift,
656 1195 21 15 är
696 1195 5 15 i
720 1194 65 21 själfva
798 1193 65 17 verket

108 1223 54 20 ingen
175 1223 113 21 förhöjning,
301 1225 45 14 utan
359 1223 56 16 beror
427 1223 39 16 helt
479 1223 64 16 enkelt
555 1223 57 20 derpå
625 1224 28 15 att
666 1223 83 16 komitén
759 1223 31 16 vid
801 1222 63 16 uträk-

108 1251 70 17 nandet
191 1252 20 15 af
221 1253 115 20 aflöningens
345 1252 43 16 hela
397 1252 68 21 belopp
476 1252 95 21 tillämpat
581 1252 57 20 högre
647 1252 65 20 priser.
732 1252 55 15 Detta
796 1251 68 16 verkar

108 1280 42 16 rakt
168 1281 97 20 ingenting
283 1281 22 20 på
324 1281 38 19 sak,
381 1282 20 19 ty
420 1281 110 20 spanmålen
545 1282 75 19 utgöres
632 1280 115 16 fortfarande
759 1280 20 16 in
792 1281 72 14 natura.

108 1309 42 16 Med
174 1309 214 21 —regleringshandlingar
410 1314 48 11 vana
482 1314 90 16 personer
597 1309 54 16 hafva
676 1309 42 16 med
743 1309 120 15 reservanten

108 1337 118 16 konstaterat
250 1338 51 15 detta
317 1337 122 16 förhållande.
459 1338 28 15 En
506 1337 118 21 fullständigt
642 1337 43 16 skef
701 1337 73 21 uppgift
792 1337 73 16 lemnar

108 1366 93 16 utskottet
217 1366 69 20 vidare,
305 1366 23 16 då
346 1366 93 16 utskottet
457 1367 53 20 säger
527 1367 29 15 att
576 1367 29 15 till
624 1366 36 16 den
680 1365 78 17 sålunda
777 1365 86 20 förhöjda

108 1395 56 16 lönen
183 1395 62 16 skulle
263 1395 75 16 komma
362 1395 36 15 alla
416 1395 74 20 afgifter
506 1395 41 16 från
564 1395 119 16 industriella
702 1394 125 21 inrättningar
840 1399 24 11 m.

109 1428 23 11 m.
148 1423 93 21 utgående
259 1423 72 21 afgifter
351 1423 71 16 »såsom
441 1424 27 15 ett
487 1423 108 20 ytterligare
613 1423 98 16 tillskott>,
735 1423 27 20 Ty
775 1422 36 16 den
822 1421 40 16 från

108 1452 54 15 dessa
175 1452 126 20 inrättningar
313 1451 35 17 och
361 1457 90 15 personer
463 1452 58 20 enligt
533 1451 85 21 gällande
628 1451 138 16 konventioner
773 1451 91 20 utgående

109 1480 107 21 utskylden,
235 1480 109 21 uppgående
362 1480 29 16 till
410 1481 33 15 765
462 1481 59 19 mark,
540 1480 48 16 hade
607 1480 40 16 icke
664 1480 62 16 blifvit
744 1480 20 15 af
781 1479 84 16 komitén

179 1519 48 23 Lag-
240 1519 32 18 och
284 1519 182 18 Ekonomiutskottets
479 1519 111 18 betänkande
603 1519 35 17 N:o
651 1519 29 18 16.
