1075 1736
305 158 276 22 Petitionsbetänkande
597 157 44 23 N:o
657 157 38 23 34.
864 160 11 20 3

124 231 107 25 utvidgats
247 231 46 20 med
310 238 24 12 en
343 231 62 20 femte
413 231 62 20 klass.
499 231 109 20 Dessutom
616 231 38 20 bör
664 231 91 26 påpekas
764 233 30 18 att
802 231 73 26 frågan

125 273 31 13 om
175 273 25 13 en
216 267 122 25 förändring
356 267 23 19 af
393 267 70 19 skolan
480 267 7 19 i
504 267 80 19 Torneå
599 267 32 19 till
648 267 119 25 femklassig
782 267 32 19 för
829 270 46 17 när-

125 302 90 20 varande
239 302 111 26 föreligger
371 302 31 20 till
423 302 129 26 ompröfning
568 303 53 19 inom
638 303 112 25 Styrelsen.
782 302 94 26 Antagli-

124 345 40 19 gen
181 342 34 16 äro
232 338 60 20 äfven
308 338 65 20 andra
389 339 183 25 omgestaltningar
588 338 22 20 af
624 339 25 19 de
666 339 57 25 lägre
737 338 138 20 elementarlä-

125 374 101 20 roverken
242 377 30 17 att
289 374 101 20 förvänta.

195 410 83 26 Frågan
296 417 30 13 om
346 417 24 13 en
388 411 161 25 reorganisation
566 411 23 19 af
603 412 49 18 våra
668 410 207 20 elementarläroverk

125 446 6 19 i
147 446 55 26 syfte
218 449 30 17 att
264 446 140 20 åstadkomma
420 453 24 13 en
456 446 168 26 ändamålsenlig,
639 446 91 20 afslutad
744 446 132 20 mellanskola

124 482 38 20 har
188 482 36 20 vid
252 482 26 20 de
308 484 36 18 två
372 485 82 17 senaste
475 482 152 26 landtdagarna
651 482 98 20 förevarit
768 482 32 20 till
816 482 58 20 Stän-

125 518 74 20 dernas
226 518 130 26 behandling.
395 518 40 20 Vid
459 518 147 20 ständermötet
633 519 53 19 1891
714 518 60 26 gälde
803 518 70 25 frågan

125 554 146 19 företrädesvis
292 560 25 13 en
340 554 124 25 utvidgning
484 554 23 20 af
523 554 25 20 de
567 556 44 18 två-
630 554 38 20 och
687 554 124 25 treklassiga
829 554 47 20 sko-

125 590 63 19 lorna.
214 589 109 20 Allmänna
339 590 188 19 besvärsutskottet
542 590 35 19 vid
593 590 65 25 sagda
673 589 101 26 landtdag
787 589 90 25 föreslog

125 628 30 17 att
175 625 131 26 Regeringen
327 626 63 19 mätte
411 628 48 23 taga
479 625 65 20 under
564 625 133 26 ompröfning,
717 625 102 20 huruvida
838 626 37 19 och

125 662 26 24 på
172 661 70 20 hvilka
264 661 66 20 vilkor
352 661 64 26 sagda
435 662 69 19 skolor
523 661 69 20 kunde
608 661 100 20 ombildas
725 662 38 19 och
778 661 99 26 utvidgas

124 697 32 19 till
179 697 120 26 förslagsvis
323 697 132 26 femklassiga
474 698 143 19 mellanskolor
642 697 45 20 med
707 697 102 20 afslutade
828 697 47 20 kur-

125 739 38 18 ser,
180 733 6 19 i
202 733 71 20 hvilka
294 733 70 20 skolor
385 733 60 20 äfven
466 733 93 26 kvinliga
578 734 67 19 elever
667 733 54 26 finge
740 734 87 25 intagas,
844 740 31 13 om

126 769 152 20 vederbörande
294 769 95 20 kommun
405 769 70 20 därom
491 769 91 25 ansökte,
598 776 46 13 men
660 769 57 20 detta
731 769 77 26 förslag
821 776 54 13 vann

124 804 46 20 icke
186 805 63 25 nödig
264 805 196 25 ständerpluralitet.
487 805 41 20 Vid
544 805 89 25 följande
650 805 100 26 landtdag
765 805 110 26 godkände

126 840 114 20 Ständerna
256 841 113 19 emellertid
385 843 30 17 ett
426 841 107 20 enahanda
543 841 77 26 förslag
631 841 107 26 angäende
749 841 26 20 de
786 841 89 26 fyrklas-

126 876 44 26 siga
194 876 218 20 elementarskolornas
435 876 127 26 utvidgande
585 876 32 20 till
640 876 133 26 femklassiga
793 877 82 19 mellan-

126 908 74 34 skolor.
432 915 4 3 ”

197 948 67 20 Sedan
280 944 165 30 Öfverstyrelsen
461 948 32 20 för
509 948 144 20 skolväsendet
669 948 6 20 i
692 948 114 20 affordradt
821 948 52 20 utlå-

125 984 62 20 tande
210 984 101 26 tillstyrkt
334 984 117 26 petitionen,
475 984 119 20 utfärdades
610 984 40 20 den
672 984 25 20 19
718 984 82 26 augusti
818 984 57 20 1896

126 1026 24 13 en
171 1020 63 25 nådig
254 1020 128 25 kungörelse,
398 1020 65 25 enligt
481 1020 83 20 hvilken
581 1021 21 19 åt
618 1020 100 20 Senatens
734 1020 140 20 ekonomiede-

125 1059 115 23 partement
261 1056 161 20 öfverlemnades
443 1059 31 17 att
497 1056 95 20 förordna
615 1056 31 19 till
670 1056 126 25 indragning
811 1056 23 19 af
848 1057 25 24 på

125 1092 136 20 statsverkets
282 1092 116 20 bekostnad
419 1092 153 26 upprätthållen
590 1093 50 24 två-,
660 1094 40 17 tre-
720 1091 50 20 eller
785 1091 89 26 fyrklas-

125 1128 32 25 sig
172 1128 174 26 elementarskola,
363 1128 6 19 i
385 1128 98 20 händelse
494 1128 153 20 vederbörande
659 1128 155 19 stadskommun
825 1127 50 19 eller

124 1163 32 20 för
179 1164 115 19 ändamålet
310 1163 77 22 bildad
407 1163 94 26 förening
520 1164 49 19 eller
584 1163 61 26 bolag
660 1163 92 20 önskade
769 1162 106 26 öfvertaga

125 1200 58 25 dylik
202 1200 58 19 skola
277 1199 32 20 för
329 1202 30 17 att
373 1199 89 20 ombilda
476 1200 37 19 och
532 1199 121 20 underhålla
674 1199 117 20 densamma
807 1199 67 20 såsom

124 1235 51 20 real-
200 1236 48 19 eller
271 1236 146 25 borgareskola
437 1235 47 20 med
507 1235 101 20 afslutade
632 1235 186 20 elementarkurser
837 1235 38 19 och

124 1271 46 20 med
189 1271 99 26 rättighet
307 1273 31 18 att
353 1271 72 26 intaga
437 1271 78 26 jämväl
531 1271 92 25 kvinliga
639 1271 73 20 elever.
743 1264 29 26 Åt
788 1271 87 19 sålunda

125 1307 134 26 uppkommen
283 1307 57 20 skola
363 1307 135 20 tillerkännes
521 1307 64 25 enligt
608 1307 67 20 denna
698 1307 124 25 kungörelse
846 1309 30 17 ett

124 1343 62 24 årligt
202 1343 126 25 statsbidrag
344 1343 23 20 af
381 1344 64 24 3,000
461 1343 57 20 mark
534 1343 31 20 för
581 1343 71 25 hvarje
667 1343 6 19 i
689 1343 132 19 värksamhet
839 1349 35 12 va-

124 1378 64 20 rande
208 1379 61 25 klass,
286 1379 49 19 eller
351 1379 135 20 tillsammans
501 1379 61 25 högst
580 1379 78 25 15,000
673 1379 64 25 mark,
753 1378 66 19 under
835 1377 40 20 för-

124 1415 116 25 utsättning
256 1417 31 17 att
303 1415 123 19 elevantalet
441 1415 7 18 i
464 1415 94 20 medeltal
574 1415 82 25 belöper
672 1414 32 25 sig
719 1414 32 19 till
767 1414 62 19 minst
847 1414 26 18 12

124 1451 26 24 på
165 1450 71 25 hvarje
252 1450 62 20 klass.
344 1450 117 20 Enahanda
476 1450 101 20 förmåner
592 1450 86 25 beviljas
695 1450 60 20 äfven
771 1450 21 18 åt
808 1448 67 20 stads-

196 1497 107 18 Allmänna
313 1498 184 22 petitionsutskottets
509 1497 116 18 betänkande
638 1497 37 18 N:o
688 1497 28 17 21.
