1073 1739
325 177 255 24 Petitionsbetänkande
595 178 38 23 N:o
651 178 32 23 15.

413 528 221 24 Ekonomiutskottets
659 528 83 28 förslag
764 529 31 23 till
820 535 57 17 sam-

342 564 153 29 manjemkning
520 564 26 23 af
565 563 107 25 Ståndens
689 565 132 29 skiljaktliga
842 565 35 23 be-

342 600 43 23 slut
407 601 33 23 vid
461 601 152 28 behandlingen
631 600 26 23 af
669 601 118 23 utskottets
804 601 73 23 betän-

341 637 68 22 kande
426 638 36 22 N:o
478 637 23 22 13
519 637 4 22 i
542 636 109 28 anledning
668 636 26 23 af
706 637 34 22 tre
757 637 54 23 inom
824 637 53 22 Bon-

341 671 114 24 deståndet
470 672 130 23 framstälda
614 672 192 29 petitionsförslag,
820 671 57 30 åsyf-

340 709 64 23 tande
421 708 61 23 såväl
500 709 64 28 högre
582 709 75 28 anslag
674 708 23 23 åt
713 709 85 22 landets
810 708 67 23 landt-

341 744 164 29 brukssällskap
521 744 35 24 för
567 745 32 22 ett
614 744 120 28 kraftigare
744 744 133 29 fullföljande

341 780 26 23 af
380 779 65 24 målet
461 780 35 23 för
512 781 65 22 deras
593 781 138 22 verksamhet
741 786 48 18 som
801 780 75 28 anslag

339 816 34 23 för
391 817 126 28 premiering
534 816 26 23 af
573 817 125 28 nötboskap.

197 882 11 21 I
224 882 139 22 förenämnda
385 882 78 22 ärende
486 882 64 21 hafva
573 882 100 28 Ständen,
693 882 67 28 enligt
775 882 103 21 utskottet

124 918 181 22 tillhandakomna
321 918 201 28 protokollsutdrag,
538 918 93 28 beslutit,

196 959 155 28 Ridderskapet
375 960 40 21 och
438 960 71 21 Adeln
533 961 30 20 att
585 960 87 21 omfatta
693 966 26 15 en
735 960 94 27 petition,
845 959 32 21 så-

124 995 105 28 lydande:

375 1039 32 19 att
423 1037 64 21 Hans
504 1037 120 28 Kejserliga
641 1037 102 28 Majestät
754 1037 78 21 täcktes
843 1038 34 19 ut-

303 1075 60 19 öfver
386 1073 57 21 hvad
451 1073 36 27 för
498 1074 140 20 närvarande
648 1073 65 28 utgår
723 1080 28 14 ur
762 1073 116 21 allmänna

305 1109 128 21 Statsmedel
448 1109 9 20 i
472 1109 69 21 nåder
558 1109 64 21 anslå
633 1117 26 13 en
673 1116 88 14 summa
771 1109 29 27 af
809 1109 69 20 minst

303 1145 102 26 120,000
430 1145 62 21 mark
514 1145 85 27 årligen
621 1145 35 21 till
670 1145 125 28 fördelning
811 1145 67 27 enligt

302 1181 116 27 styrelsens
443 1181 143 27 bepröfvande
607 1181 93 21 emellan
725 1181 82 21 landets
823 1181 53 20 hus-

303 1216 123 28 hållnings-
444 1217 39 20 och
499 1216 230 28 landtbrukssällskap,
749 1217 5 20 i
769 1216 106 21 ändamål

303 1253 32 20 att
350 1252 133 21 understöda
498 1253 62 20 deras
576 1252 134 21 verksamhet
725 1252 36 27 för
771 1252 104 28 jordbru-

303 1288 43 21 kets
363 1288 103 27 höjande;
483 1288 112 27 äfvensom

375 1331 27 13 en
413 1331 88 14 summa
508 1324 28 27 af
542 1324 68 21 minst
621 1325 90 24 80,000
721 1324 62 21 mark
793 1323 85 28 årligen

303 1359 36 28 för
354 1361 33 19 att
398 1359 154 28 företrädesvis
567 1367 78 20 genom
659 1359 165 28 hushållnings-
839 1360 38 21 och

305 1395 252 28 landtbrukssällskapen
575 1395 114 21 användas
705 1395 20 28 ej
739 1395 86 21 mindre
841 1395 36 28 för

301 1431 136 28 premiering
459 1431 30 28 af
507 1431 132 27 nötkreatur,
656 1433 30 19 än
710 1431 35 28 för
761 1431 71 21 andra
847 1431 30 21 åt-

302 1467 79 27 gärder
397 1467 34 20 till
446 1467 215 27 nötboskapsafvelns
676 1467 156 27 förbättrande,

199 1508 184 18 Ekonomiutskottets
397 1508 110 18 betänkande
520 1508 34 18 N:o
563 1509 27 17 13,
