1073 1739
198 175 29 20 40

199 247 69 22 sökan
285 246 50 23 från
351 247 32 22 S:t
398 247 92 22 Michels
507 247 166 22 stadskommun
689 246 40 22 och
752 245 70 28 några
845 248 106 26 närgrän-

200 283 68 22 sande
291 283 195 22 landskommuner
508 283 8 21 i
540 289 82 16 samma
646 282 60 28 syfte
730 289 45 15 som
800 282 151 28 föreliggande

198 318 195 28 petitionsförslag.
425 319 44 22 Det
495 319 79 22 därvid
600 319 64 22 förda
695 318 134 28 protokollet
859 319 90 21 likasom

198 349 194 33 Öfverstyrelsens
416 355 115 22 utlåtande
546 355 68 22 hafva
629 355 60 22 varit
705 355 140 27 tillgängliga
861 354 35 22 för
911 355 39 21 Ut-

200 391 92 22 skottet.
323 391 35 21 En
384 391 93 22 medlem
502 391 25 22 af
552 385 182 34 Öfverstyrelsen
760 389 130 23 framstälde
913 391 38 21 vid

199 427 105 22 ärendets
329 427 134 27 behandling
487 429 32 20 ett
534 427 151 27 underdånigt
700 426 85 27 förslag
802 428 47 27 ,att
863 426 87 22 finskan

199 463 35 22 må
250 465 79 26 utgöra
345 463 243 28 undervisningsspråk
603 463 39 22 vid
665 463 33 22 S:t
720 463 93 22 Michels
837 463 85 27 lyceum
942 463 8 21 i

200 499 72 22 likhet
295 499 50 22 med
363 499 58 23 hvad
437 499 64 22 fallet
517 501 26 20 är
559 499 37 22 vid
611 499 69 22 andra
696 498 165 27 finskspråkiga
876 499 75 27 lyceer

197 535 8 22 i
220 535 83 28 landet,
320 538 56 19 samt
392 538 33 19 att
441 535 119 28 eventuelt,
579 541 33 16 om
629 535 99 22 ansökan
744 534 74 22 derom
834 537 71 25 göres,
917 536 33 20 ett

198 571 179 23 statsunderstöd
393 571 26 22 af
432 573 65 26 3,000
514 571 58 22 Fmk
588 577 40 22 per
644 571 62 22 klass
722 571 35 21 må
773 571 97 21 tilldelas
886 577 63 16 sven-

200 608 41 21 ska
265 607 87 28 privata
376 607 124 22 samskolan
524 608 7 21 i
553 607 85 27 Käopio
655 607 35 22 för
705 607 78 27 hvarje
799 606 25 22 af
837 606 51 23 dess
903 607 47 21 åtta

197 643 89 22 klasser
308 643 50 22 med
373 643 73 23 vilkor
464 645 32 20 att
512 643 134 22 elevantalet
663 643 8 22 i
687 643 77 22 skolan
781 643 86 27 uppgår
882 643 8 21 i
905 649 43 15 me-

197 679 69 22 deltal
282 680 35 21 till
333 680 67 21 minst
417 682 26 19 12
461 686 39 21 per
515 680 84 21 klass".
625 679 34 22 Då
675 679 67 28 ingen
758 679 93 27 petition
866 678 83 23 beträf-

197 715 66 23 fande
279 716 78 21 skolan
377 716 6 21 i
406 715 85 28 Kuopio
510 716 38 22 vid
572 715 150 23 innevarande
746 715 107 27 landtdag
875 714 74 23 blifvit

198 752 118 27 inlemnad,
341 751 66 22 hafva
430 752 21 21 vi
472 753 74 20 ansett
561 758 36 15 oss
613 751 50 22 icke
679 751 76 22 kunna
769 750 60 23 fästa
845 750 104 22 afseende

196 787 38 22 vid
260 787 166 28 ofvananförda,
452 788 8 21 i
482 788 47 22 viss
551 788 51 21 mån
625 787 180 22 beaktansvärda
828 786 120 22 uttalande.

197 823 28 22 Vi
241 824 88 21 ansluta
344 829 36 16 oss
397 823 106 22 fastmera
517 823 37 22 till
570 823 44 22 alla
630 823 62 22 delar
708 823 35 21 till
759 822 41 22 den
820 822 60 21 åsikt
903 828 45 15 som

196 859 92 22 uttalats
305 859 24 22 af
343 859 177 28 Skolstyrelsens
537 859 116 28 majoritet,
671 859 40 22 och
727 865 46 15 som
789 858 6 21 i
807 858 51 21 dess
869 857 78 22 under-

196 895 82 28 dåniga
293 895 114 22 utlåtande
422 895 75 22 blifvit
512 895 29 27 på
557 894 96 29 följande
670 896 45 21 sätt
731 894 143 23 formulerad:

274 931 153 27 »Inrättandet
443 931 26 22 af
481 931 173 22 lärdomsskolor
670 931 40 21 och
734 930 65 22 deras
823 929 126 27 fördelning

196 967 6 21 i
227 967 112 28 språkligt
362 967 126 22 hänseende
508 967 41 22 har
564 967 113 22 härintills
693 966 48 22 med
759 966 49 22 skäl
824 965 124 22 betraktats

197 1003 72 22 såsom
286 1010 27 15 en
329 1003 169 28 angelägenhet,
519 1003 92 22 hvilken
634 1005 38 19 rör
694 1003 50 21 icke
767 1002 58 21 blott
848 1001 101 22 enskilda

196 1039 76 22 städer
296 1039 55 22 eller
374 1039 135 26 kommuner,
533 1040 54 19 utan
610 1038 87 21 landets
722 1037 131 27 befolkning
871 1037 7 20 i
897 1037 50 21 dess

197 1075 82 21 helhet.
312 1074 45 22 För
372 1074 105 22 behofvet
493 1074 25 21 af
531 1074 173 21 lärdomsskolor
720 1073 49 22 med
785 1073 69 21 finskt
869 1072 78 22 under-

196 1110 171 28 visningsspråk
388 1110 7 22 i
416 1110 27 22 de
459 1110 48 22 inre
523 1110 91 22 delarna
629 1109 25 22 af
667 1110 76 21 landet
759 1108 64 22 torde
838 1108 50 22 från
904 1110 43 20 sta-

196 1148 50 20 tens
263 1146 48 21 sida
326 1146 35 21 för
377 1146 138 22 närvarande
531 1152 54 16 vara
602 1145 133 27 tillräckligt
751 1144 71 28 sörjdt
833 1150 77 21 genom
921 1144 27 21 de

196 1188 40 15 sex
262 1182 145 27 fullständiga
433 1182 133 22 läroverken
590 1182 6 21 i
620 1181 145 26 Tavastehus,
793 1180 154 28 Tammerfors,

195 1217 97 28 Nyslott,
317 1218 92 26 Kuopio,
431 1218 100 22 Joensuu
552 1218 39 21 och
608 1217 133 27 Jyväskylä.
773 1216 76 22 Under
866 1216 82 22 sådana

195 1253 155 22 förhållanden
366 1254 41 21 har
422 1254 95 27 lyceet
510 1248 14 37 i
534 1253 32 21 S:t
588 1253 81 22 Michel
693 1253 35 21 sin
752 1252 112 27 egentliga
886 1252 61 26 bety-

196 1289 62 22 delse
284 1289 85 22 mindre
394 1290 50 21 med
470 1290 86 26 hänsyn
578 1289 35 21 till
635 1289 38 21 det
695 1288 74 22 lokala
792 1287 105 23 behofvet
919 1290 28 19 än

195 1331 78 21 genom
290 1325 42 21 den
348 1326 116 26 språkliga
478 1325 130 27 anordning,
625 1331 46 15 som
688 1324 39 22 der
743 1324 107 27 vidtagits
865 1324 8 20 i
889 1323 58 27 syfte

195 1363 33 19 att
252 1361 75 21 kunna
348 1362 136 26 gemensamt
499 1361 121 22 undervisa
634 1360 57 22 både
707 1360 73 22 finska
795 1360 40 21 och
851 1359 96 22 svenska

194 1396 90 22 talande
301 1397 74 21 elever
391 1397 40 21 och
447 1397 102 27 bibringa
565 1396 48 22 dem
630 1402 28 16 en
683 1398 73 20 större
780 1395 77 27 öfning
879 1395 8 21 i
910 1401 36 15 an-

195 1432 127 22 vändandet
345 1432 25 22 af
389 1432 88 22 landets
499 1433 57 21 båda
580 1432 74 28 språk,
680 1432 115 22 äfvensom
811 1437 78 23 genom
905 1430 42 22 den

194 1468 199 28 omständigheten,
411 1470 33 20 att
461 1468 67 27 sagda
544 1468 86 27 lyceum
645 1474 98 21 numera,
761 1467 68 22 sedan
845 1466 27 22 de
883 1472 64 17 sven-
