<?xml version="1.0" encoding="UTF-8"?>
<alto xmlns="http://www.loc.gov/standards/alto/ns-v3#" xmlns:xlink="http://www.w3.org/1999/xlink" xmlns:xsi="http://www.w3.org/2001/XMLSchema-instance" xsi:schemaLocation="http://www.loc.gov/standards/alto/ns-v3# http://www.loc.gov/alto/v3/alto-3-0.xsd">
	<Description>
		<MeasurementUnit>pixel</MeasurementUnit>
		<sourceImageInformation>
			<fileName>/tmp/tess_wjhaw7wa_input.PNG</fileName>
		</sourceImageInformation>
		<OCRProcessing ID="OCR_0">
			<ocrProcessingStep>
				<processingSoftware>
					<softwareName>tesseract 5.3.4</softwareName>
				</processingSoftware>
			</ocrProcessingStep>
		</OCRProcessing>
	</Description>
	<Layout>
		<Page WIDTH="1073" HEIGHT="1745" PHYSICAL_IMG_NR="0" ID="page_0">
			<PrintSpace HPOS="0" VPOS="0" WIDTH="1073" HEIGHT="1745">
				<ComposedBlock ID="cblock_0" HPOS="246" VPOS="173" WIDTH="610" HEIGHT="23">
					<TextBlock ID="block_0" HPOS="246" VPOS="173" WIDTH="610" HEIGHT="23">
						<TextLine ID="line_0" HPOS="246" VPOS="173" WIDTH="610" HEIGHT="23">
							<String ID="string_0" HPOS="246" VPOS="173" WIDTH="76" HEIGHT="23" WC="0.92" CONTENT="Ständ."/><SP WIDTH="16" VPOS="173" HPOS="322"/>
							<String ID="string_1" HPOS="338" VPOS="174" WIDTH="47" HEIGHT="21" WC="0.93" CONTENT="Pet."/><SP WIDTH="20" VPOS="174" HPOS="385"/>
							<String ID="string_2" HPOS="405" VPOS="187" WIDTH="22" HEIGHT="2" WC="0.89" CONTENT="—"/><SP WIDTH="17" VPOS="187" HPOS="427"/>
							<String ID="string_3" HPOS="444" VPOS="173" WIDTH="153" HEIGHT="22" WC="0.78" CONTENT="Petitiousbet."/><SP WIDTH="16" VPOS="173" HPOS="597"/>
							<String ID="string_4" HPOS="613" VPOS="173" WIDTH="39" HEIGHT="23" WC="0.96" CONTENT="N:o"/><SP WIDTH="16" VPOS="173" HPOS="652"/>
							<String ID="string_5" HPOS="668" VPOS="173" WIDTH="34" HEIGHT="23" WC="0.96" CONTENT="26."/><SP WIDTH="140" VPOS="173" HPOS="702"/>
							<String ID="string_6" HPOS="842" VPOS="174" WIDTH="14" HEIGHT="21" WC="0.96" CONTENT="3"/>
						</TextLine>
					</TextBlock>
				</ComposedBlock>
				<ComposedBlock ID="cblock_1" HPOS="100" VPOS="239" WIDTH="758" HEIGHT="271">
					<TextBlock ID="block_1" HPOS="100" VPOS="239" WIDTH="757" HEIGHT="203">
						<TextLine ID="line_1" HPOS="168" VPOS="239" WIDTH="687" HEIGHT="28">
							<String ID="string_7" HPOS="168" VPOS="240" WIDTH="147" HEIGHT="21" WC="0.96" CONTENT="Beträffande"/><SP WIDTH="23" VPOS="240" HPOS="315"/>
							<String ID="string_8" HPOS="338" VPOS="240" WIDTH="49" HEIGHT="21" WC="0.95" CONTENT="åter"/><SP WIDTH="22" VPOS="240" HPOS="387"/>
							<String ID="string_9" HPOS="409" VPOS="241" WIDTH="72" HEIGHT="20" WC="0.96" CONTENT="sättet"/><SP WIDTH="21" VPOS="241" HPOS="481"/>
							<String ID="string_10" HPOS="502" VPOS="239" WIDTH="37" HEIGHT="22" WC="0.96" CONTENT="för"/><SP WIDTH="21" VPOS="239" HPOS="539"/>
							<String ID="string_11" HPOS="560" VPOS="239" WIDTH="155" HEIGHT="28" WC="0.96" CONTENT="utdelningen"/><SP WIDTH="16" VPOS="239" HPOS="715"/>
							<String ID="string_12" HPOS="731" VPOS="239" WIDTH="25" HEIGHT="21" WC="0.93" CONTENT="af"/><SP WIDTH="14" VPOS="239" HPOS="756"/>
							<String ID="string_13" HPOS="770" VPOS="239" WIDTH="85" HEIGHT="28" WC="0.91" CONTENT="ifråga-"/>
						</TextLine>
						<TextLine ID="line_2" HPOS="100" VPOS="273" WIDTH="755" HEIGHT="30">
							<String ID="string_14" HPOS="100" VPOS="275" WIDTH="100" HEIGHT="21" WC="0.96" CONTENT="varande"/><SP WIDTH="14" VPOS="275" HPOS="200"/>
							<String ID="string_15" HPOS="214" VPOS="274" WIDTH="106" HEIGHT="29" WC="0.95" CONTENT="premier,"/><SP WIDTH="16" VPOS="274" HPOS="320"/>
							<String ID="string_16" HPOS="336" VPOS="274" WIDTH="69" HEIGHT="21" WC="0.93" CONTENT="hafva"/><SP WIDTH="15" VPOS="274" HPOS="405"/>
							<String ID="string_17" HPOS="420" VPOS="274" WIDTH="132" HEIGHT="21" WC="0.92" CONTENT="Ständerna"/><SP WIDTH="22" VPOS="274" HPOS="552"/>
							<String ID="string_18" HPOS="574" VPOS="274" WIDTH="60" HEIGHT="22" WC="0.96" CONTENT="varit"/><SP WIDTH="16" VPOS="274" HPOS="634"/>
							<String ID="string_19" HPOS="650" VPOS="275" WIDTH="26" HEIGHT="20" WC="0.96" CONTENT="af"/><SP WIDTH="14" VPOS="275" HPOS="676"/>
							<String ID="string_20" HPOS="690" VPOS="274" WIDTH="46" HEIGHT="21" WC="0.96" CONTENT="den"/><SP WIDTH="17" VPOS="274" HPOS="736"/>
							<String ID="string_21" HPOS="753" VPOS="273" WIDTH="102" HEIGHT="29" WC="0.96" CONTENT="mening,"/>
						</TextLine>
						<TextLine ID="line_3" HPOS="100" VPOS="309" WIDTH="757" HEIGHT="28">
							<String ID="string_22" HPOS="100" VPOS="311" WIDTH="35" HEIGHT="20" WC="0.96" CONTENT="att"/><SP WIDTH="14" VPOS="311" HPOS="135"/>
							<String ID="string_23" HPOS="149" VPOS="309" WIDTH="101" HEIGHT="22" WC="0.93" CONTENT="nämnda"/><SP WIDTH="14" VPOS="309" HPOS="250"/>
							<String ID="string_24" HPOS="264" VPOS="309" WIDTH="235" HEIGHT="28" WC="0.90" CONTENT="Litteratursällskap,"/><SP WIDTH="10" VPOS="309" HPOS="499"/>
							<String ID="string_25" HPOS="509" VPOS="316" WIDTH="50" HEIGHT="14" WC="0.96" CONTENT="som"/><SP WIDTH="13" VPOS="316" HPOS="559"/>
							<String ID="string_26" HPOS="572" VPOS="309" WIDTH="9" HEIGHT="21" WC="0.92" CONTENT="i"/><SP WIDTH="11" VPOS="309" HPOS="581"/>
							<String ID="string_27" HPOS="592" VPOS="309" WIDTH="44" HEIGHT="21" WC="0.91" CONTENT="allo"/><SP WIDTH="18" VPOS="309" HPOS="636"/>
							<String ID="string_28" HPOS="654" VPOS="312" WIDTH="38" HEIGHT="18" WC="0.96" CONTENT="äro"/><SP WIDTH="16" VPOS="312" HPOS="692"/>
							<String ID="string_29" HPOS="708" VPOS="309" WIDTH="149" HEIGHT="28" WC="0.96" CONTENT="kompetenta"/>
						</TextLine>
						<TextLine ID="line_4" HPOS="100" VPOS="343" WIDTH="756" HEIGHT="29">
							<String ID="string_30" HPOS="100" VPOS="346" WIDTH="35" HEIGHT="19" WC="0.96" CONTENT="att"/><SP WIDTH="16" VPOS="346" HPOS="135"/>
							<String ID="string_31" HPOS="151" VPOS="344" WIDTH="97" HEIGHT="21" WC="0.96" CONTENT="bedöma"/><SP WIDTH="22" VPOS="344" HPOS="248"/>
							<String ID="string_32" HPOS="270" VPOS="343" WIDTH="80" HEIGHT="22" WC="0.96" CONTENT="hvilka"/><SP WIDTH="22" VPOS="343" HPOS="350"/>
							<String ID="string_33" HPOS="372" VPOS="343" WIDTH="94" HEIGHT="22" WC="0.96" CONTENT="arbeten"/><SP WIDTH="27" VPOS="343" HPOS="466"/>
							<String ID="string_34" HPOS="493" VPOS="351" WIDTH="55" HEIGHT="14" WC="0.93" CONTENT="vore"/><SP WIDTH="24" VPOS="351" HPOS="548"/>
							<String ID="string_35" HPOS="572" VPOS="343" WIDTH="112" HEIGHT="29" WC="0.91" CONTENT="förtjenta"/><SP WIDTH="23" VPOS="343" HPOS="684"/>
							<String ID="string_36" HPOS="707" VPOS="345" WIDTH="35" HEIGHT="19" WC="0.96" CONTENT="att"/><SP WIDTH="14" VPOS="345" HPOS="742"/>
							<String ID="string_37" HPOS="756" VPOS="343" WIDTH="100" HEIGHT="27" WC="0.96" CONTENT="belönas,"/>
						</TextLine>
						<TextLine ID="line_5" HPOS="100" VPOS="377" WIDTH="757" HEIGHT="30">
							<String ID="string_38" HPOS="100" VPOS="379" WIDTH="70" HEIGHT="21" WC="0.96" CONTENT="borde"/><SP WIDTH="15" VPOS="379" HPOS="170"/>
							<String ID="string_39" HPOS="185" VPOS="378" WIDTH="37" HEIGHT="22" WC="0.96" CONTENT="för"/><SP WIDTH="14" VPOS="378" HPOS="222"/>
							<String ID="string_40" HPOS="236" VPOS="377" WIDTH="81" HEIGHT="29" WC="0.96" CONTENT="hvarje"/><SP WIDTH="21" VPOS="377" HPOS="317"/>
							<String ID="string_41" HPOS="338" VPOS="379" WIDTH="63" HEIGHT="27" WC="0.93" CONTENT="gång"/><SP WIDTH="22" VPOS="379" HPOS="401"/>
							<String ID="string_42" HPOS="423" VPOS="378" WIDTH="89" HEIGHT="21" WC="0.91" CONTENT="lemnas"/><SP WIDTH="21" VPOS="378" HPOS="512"/>
							<String ID="string_43" HPOS="533" VPOS="378" WIDTH="95" HEIGHT="21" WC="0.96" CONTENT="tillfälle"/><SP WIDTH="16" VPOS="378" HPOS="628"/>
							<String ID="string_44" HPOS="644" VPOS="380" WIDTH="34" HEIGHT="19" WC="0.93" CONTENT="att"/><SP WIDTH="16" VPOS="380" HPOS="678"/>
							<String ID="string_45" HPOS="694" VPOS="381" WIDTH="104" HEIGHT="26" WC="0.91" CONTENT="uppgöra"/><SP WIDTH="14" VPOS="381" HPOS="798"/>
							<String ID="string_46" HPOS="812" VPOS="377" WIDTH="45" HEIGHT="22" WC="0.92" CONTENT="för-"/>
						</TextLine>
						<TextLine ID="line_6" HPOS="101" VPOS="412" WIDTH="390" HEIGHT="30">
							<String ID="string_47" HPOS="101" VPOS="414" WIDTH="50" HEIGHT="28" WC="0.96" CONTENT="slag"/><SP WIDTH="15" VPOS="414" HPOS="151"/>
							<String ID="string_48" HPOS="166" VPOS="414" WIDTH="37" HEIGHT="21" WC="0.93" CONTENT="till"/><SP WIDTH="15" VPOS="414" HPOS="203"/>
							<String ID="string_49" HPOS="218" VPOS="412" WIDTH="273" HEIGHT="29" WC="0.92" CONTENT="premieutdelningarna."/>
						</TextLine>
					</TextBlock>
					<TextBlock ID="block_2" HPOS="102" VPOS="447" WIDTH="756" HEIGHT="63">
						<TextLine ID="line_7" HPOS="169" VPOS="447" WIDTH="689" HEIGHT="29">
							<String ID="string_50" HPOS="169" VPOS="448" WIDTH="33" HEIGHT="21" WC="0.96" CONTENT="På"/><SP WIDTH="16" VPOS="448" HPOS="202"/>
							<String ID="string_51" HPOS="218" VPOS="447" WIDTH="76" HEIGHT="29" WC="0.96" CONTENT="grund"/><SP WIDTH="14" VPOS="447" HPOS="294"/>
							<String ID="string_52" HPOS="308" VPOS="447" WIDTH="26" HEIGHT="22" WC="0.96" CONTENT="af"/><SP WIDTH="13" VPOS="447" HPOS="334"/>
							<String ID="string_53" HPOS="347" VPOS="447" WIDTH="39" HEIGHT="22" WC="0.96" CONTENT="det"/><SP WIDTH="15" VPOS="447" HPOS="386"/>
							<String ID="string_54" HPOS="401" VPOS="448" WIDTH="98" HEIGHT="22" WC="0.96" CONTENT="anförda"/><SP WIDTH="10" VPOS="448" HPOS="499"/>
							<String ID="string_55" HPOS="509" VPOS="448" WIDTH="24" HEIGHT="21" WC="0.92" CONTENT="få"/><SP WIDTH="11" VPOS="448" HPOS="533"/>
							<String ID="string_56" HPOS="544" VPOS="447" WIDTH="130" HEIGHT="22" WC="0.90" CONTENT="Ständerna"/><SP WIDTH="15" VPOS="447" HPOS="674"/>
							<String ID="string_57" HPOS="689" VPOS="447" WIDTH="169" HEIGHT="28" WC="0.91" CONTENT="underdånigst"/>
						</TextLine>
						<TextLine ID="line_8" HPOS="102" VPOS="482" WIDTH="96" HEIGHT="28">
							<String ID="string_58" HPOS="102" VPOS="482" WIDTH="96" HEIGHT="28" WC="0.96" CONTENT="anhålla,"/>
						</TextLine>
					</TextBlock>
				</ComposedBlock>
				<ComposedBlock ID="cblock_2" HPOS="307" VPOS="546" WIDTH="551" HEIGHT="202">
					<TextBlock ID="block_3" HPOS="307" VPOS="546" WIDTH="551" HEIGHT="202">
						<TextLine ID="line_9" HPOS="376" VPOS="546" WIDTH="482" HEIGHT="29">
							<String ID="string_59" HPOS="376" VPOS="549" WIDTH="31" HEIGHT="19" WC="0.93" CONTENT="att"/><SP WIDTH="8" VPOS="549" HPOS="407"/>
							<String ID="string_60" HPOS="415" VPOS="546" WIDTH="70" HEIGHT="22" WC="0.90" CONTENT="Eders"/><SP WIDTH="9" VPOS="546" HPOS="485"/>
							<String ID="string_61" HPOS="494" VPOS="547" WIDTH="122" HEIGHT="28" WC="0.96" CONTENT="Kejserliga"/><SP WIDTH="9" VPOS="547" HPOS="616"/>
							<String ID="string_62" HPOS="625" VPOS="546" WIDTH="105" HEIGHT="28" WC="0.96" CONTENT="Majestät"/><SP WIDTH="8" VPOS="546" HPOS="730"/>
							<String ID="string_63" HPOS="738" VPOS="547" WIDTH="64" HEIGHT="21" WC="0.96" CONTENT="måtte"/><SP WIDTH="11" VPOS="547" HPOS="802"/>
							<String ID="string_64" HPOS="813" VPOS="546" WIDTH="45" HEIGHT="22" WC="0.96" CONTENT="låta"/>
						</TextLine>
						<TextLine ID="line_10" HPOS="308" VPOS="581" WIDTH="550" HEIGHT="28">
							<String ID="string_65" HPOS="308" VPOS="582" WIDTH="85" HEIGHT="27" WC="0.95" CONTENT="årligen"/><SP WIDTH="16" VPOS="582" HPOS="393"/>
							<String ID="string_66" HPOS="409" VPOS="582" WIDTH="72" HEIGHT="21" WC="0.53" CONTENT="utdela"/><SP WIDTH="15" VPOS="582" HPOS="481"/>
							<String ID="string_67" HPOS="496" VPOS="582" WIDTH="92" HEIGHT="27" WC="0.96" CONTENT="premier"/><SP WIDTH="22" VPOS="582" HPOS="588"/>
							<String ID="string_68" HPOS="610" VPOS="582" WIDTH="23" HEIGHT="21" WC="0.93" CONTENT="ät"/><SP WIDTH="17" VPOS="582" HPOS="633"/>
							<String ID="string_69" HPOS="650" VPOS="581" WIDTH="103" HEIGHT="28" WC="0.91" CONTENT="förtjenta"/><SP WIDTH="16" VPOS="581" HPOS="753"/>
							<String ID="string_70" HPOS="769" VPOS="581" WIDTH="89" HEIGHT="22" WC="0.93" CONTENT="skönlit-"/>
						</TextLine>
						<TextLine ID="line_11" HPOS="308" VPOS="615" WIDTH="550" HEIGHT="29">
							<String ID="string_71" HPOS="308" VPOS="618" WIDTH="73" HEIGHT="19" WC="0.92" CONTENT="terära"/><SP WIDTH="7" VPOS="618" HPOS="381"/>
							<String ID="string_72" HPOS="388" VPOS="616" WIDTH="121" HEIGHT="28" WC="0.96" CONTENT="författare,"/><SP WIDTH="10" VPOS="616" HPOS="509"/>
							<String ID="string_73" HPOS="519" VPOS="616" WIDTH="53" HEIGHT="28" WC="0.96" CONTENT="efter"/><SP WIDTH="9" VPOS="616" HPOS="572"/>
							<String ID="string_74" HPOS="581" VPOS="616" WIDTH="34" HEIGHT="22" WC="0.96" CONTENT="det"/><SP WIDTH="11" VPOS="616" HPOS="615"/>
							<String ID="string_75" HPOS="626" VPOS="615" WIDTH="96" HEIGHT="22" WC="0.96" CONTENT="Svenska"/><SP WIDTH="8" VPOS="615" HPOS="722"/>
							<String ID="string_76" HPOS="730" VPOS="615" WIDTH="36" HEIGHT="22" WC="0.96" CONTENT="och"/><SP WIDTH="8" VPOS="615" HPOS="766"/>
							<String ID="string_77" HPOS="774" VPOS="615" WIDTH="84" HEIGHT="22" WC="0.95" CONTENT="Finska"/>
						</TextLine>
						<TextLine ID="line_12" HPOS="307" VPOS="651" WIDTH="551" HEIGHT="28">
							<String ID="string_78" HPOS="307" VPOS="651" WIDTH="231" HEIGHT="28" WC="0.92" CONTENT="litteratursällskapen"/><SP WIDTH="18" VPOS="651" HPOS="538"/>
							<String ID="string_79" HPOS="556" VPOS="651" WIDTH="34" HEIGHT="28" WC="0.96" CONTENT="för"/><SP WIDTH="15" VPOS="651" HPOS="590"/>
							<String ID="string_80" HPOS="605" VPOS="651" WIDTH="75" HEIGHT="27" WC="0.95" CONTENT="hvarje"/><SP WIDTH="14" VPOS="651" HPOS="680"/>
							<String ID="string_81" HPOS="694" VPOS="651" WIDTH="59" HEIGHT="28" WC="0.93" CONTENT="gång"/><SP WIDTH="16" VPOS="651" HPOS="753"/>
							<String ID="string_82" HPOS="769" VPOS="651" WIDTH="89" HEIGHT="20" WC="0.92" CONTENT="lemnats"/>
						</TextLine>
						<TextLine ID="line_13" HPOS="308" VPOS="684" WIDTH="548" HEIGHT="29">
							<String ID="string_83" HPOS="308" VPOS="685" WIDTH="84" HEIGHT="28" WC="0.96" CONTENT="tillfälle"/><SP WIDTH="15" VPOS="685" HPOS="392"/>
							<String ID="string_84" HPOS="407" VPOS="687" WIDTH="32" HEIGHT="20" WC="0.93" CONTENT="att"/><SP WIDTH="14" VPOS="687" HPOS="439"/>
							<String ID="string_85" HPOS="453" VPOS="688" WIDTH="100" HEIGHT="25" WC="0.87" CONTENT="uppgöra"/><SP WIDTH="17" VPOS="688" HPOS="553"/>
							<String ID="string_86" HPOS="570" VPOS="685" WIDTH="83" HEIGHT="28" WC="0.96" CONTENT="förslag"/><SP WIDTH="16" VPOS="685" HPOS="653"/>
							<String ID="string_87" HPOS="669" VPOS="685" WIDTH="33" HEIGHT="22" WC="0.96" CONTENT="till"/><SP WIDTH="15" VPOS="685" HPOS="702"/>
							<String ID="string_88" HPOS="717" VPOS="685" WIDTH="59" HEIGHT="28" WC="0.93" CONTENT="dylik"/><SP WIDTH="15" VPOS="685" HPOS="776"/>
							<String ID="string_89" HPOS="791" VPOS="684" WIDTH="65" HEIGHT="22" WC="0.92" CONTENT="utdel-"/>
						</TextLine>
						<TextLine ID="line_14" HPOS="308" VPOS="719" WIDTH="62" HEIGHT="29">
							<String ID="string_90" HPOS="308" VPOS="719" WIDTH="62" HEIGHT="29" WC="0.95" CONTENT="ning."/>
						</TextLine>
					</TextBlock>
				</ComposedBlock>
				<ComposedBlock ID="cblock_3" HPOS="171" VPOS="794" WIDTH="432" HEIGHT="22">
					<TextBlock ID="block_4" HPOS="171" VPOS="794" WIDTH="432" HEIGHT="22">
						<TextLine ID="line_15" HPOS="171" VPOS="794" WIDTH="432" HEIGHT="22">
							<String ID="string_91" HPOS="171" VPOS="794" WIDTH="113" HEIGHT="21" WC="0.93" CONTENT="Finlands"/><SP WIDTH="16" VPOS="794" HPOS="284"/>
							<String ID="string_92" HPOS="300" VPOS="794" WIDTH="98" HEIGHT="21" WC="0.91" CONTENT="Ständer"/><SP WIDTH="15" VPOS="794" HPOS="398"/>
							<String ID="string_93" HPOS="413" VPOS="794" WIDTH="132" HEIGHT="22" WC="0.92" CONTENT="framhärda"/><SP WIDTH="15" VPOS="794" HPOS="545"/>
							<String ID="string_94" HPOS="560" VPOS="796" WIDTH="43" HEIGHT="20" WC="0.93" CONTENT="etc."/>
						</TextLine>
					</TextBlock>
				</ComposedBlock>
				<ComposedBlock ID="cblock_4" HPOS="172" VPOS="857" WIDTH="397" HEIGHT="29">
					<TextBlock ID="block_5" HPOS="172" VPOS="857" WIDTH="397" HEIGHT="29">
						<TextLine ID="line_16" HPOS="172" VPOS="857" WIDTH="397" HEIGHT="29">
							<String ID="string_95" HPOS="172" VPOS="857" WIDTH="153" HEIGHT="29" WC="0.95" CONTENT="Helsingfors,"/><SP WIDTH="17" VPOS="857" HPOS="325"/>
							<String ID="string_96" HPOS="342" VPOS="857" WIDTH="44" HEIGHT="22" WC="0.96" CONTENT="den"/><SP WIDTH="16" VPOS="857" HPOS="386"/>
							<String ID="string_97" HPOS="402" VPOS="859" WIDTH="26" HEIGHT="20" WC="0.96" CONTENT="10"/><SP WIDTH="15" VPOS="859" HPOS="428"/>
							<String ID="string_98" HPOS="443" VPOS="857" WIDTH="47" HEIGHT="29" WC="0.96" CONTENT="Maj"/><SP WIDTH="17" VPOS="857" HPOS="490"/>
							<String ID="string_99" HPOS="507" VPOS="859" WIDTH="62" HEIGHT="20" WC="0.96" CONTENT="1897."/>
						</TextLine>
					</TextBlock>
				</ComposedBlock>
			</PrintSpace>
		</Page>
	</Layout>
</alto>
