1092 1734
559 136 137 22 Reservation.

455 200 122 26 Förordning
592 201 132 24 innefattande
739 201 82 24 ändring
836 202 26 23 af
873 202 29 18 23
917 200 14 27 $
941 201 9 19 i
959 201 46 24 Kej-

387 235 71 24 serliga
481 235 147 25 Förordningen
652 236 25 24 af
696 236 34 19 den
747 236 12 19 9
773 236 50 20 Juni
836 236 55 19 1892
906 234 99 26 angående

386 269 123 25 försäljning,
525 270 83 24 forsling
622 271 51 18 samt
687 270 72 25 upplag
774 270 26 24 af
809 270 79 20 bränvin
900 270 31 19 och
942 270 62 19 andra

387 304 74 19 brända
476 304 46 19 eller
537 304 119 20 distillerade
670 304 136 25 spritdrycker.

455 338 47 20 Med
523 338 82 25 ändring
627 338 26 24 af
669 339 29 19 23
717 340 17 23 $
748 339 8 19 i
771 338 109 25 Kejserliga
896 338 107 25 förordnin-

385 378 37 18 gen
438 373 26 24 af
475 373 34 19 den
526 374 12 18 9
552 373 50 20 Juni
616 374 55 18 1892
686 373 96 25 angående
795 373 117 25 försäljning
921 373 82 25 forsling

385 409 50 18 samt
449 408 73 24 upplag
537 408 25 23 af
574 408 80 19 bränvin
669 408 33 20 och
717 408 62 20 andra
794 408 73 19 brända
883 408 46 19 eller
942 407 61 19 distil-

385 442 64 19 lerade
463 442 131 25 spritdrycker
609 442 72 20 varder
696 443 78 19 härmed
783 442 89 25 stadgadt
882 443 29 18 att
920 442 83 19 nämnda

383 477 102 24 paragraf
497 477 51 19 skall
562 477 75 19 erhålla
652 477 86 24 följande
754 477 80 24 lydelse:

660 541 29 19 23
703 541 23 24 $.

454 581 17 19 1
501 573 20 27 Å
537 580 67 25 apotek
619 581 31 18 må
666 581 86 23 bränvin,
768 580 52 25 sprit
834 580 46 20 eller
895 581 38 18 eter
941 579 61 24 säljas

385 615 66 19 endast
472 614 33 24 för
519 615 111 19 medicinskt
645 615 91 20 ändamål
747 615 29 24 på
792 615 75 24 behörig
882 615 76 19 läkares
973 620 28 13 re-

383 650 47 23 cept,
453 649 70 20 hvilket
545 649 33 20 bör
600 649 13 20 å
631 649 86 25 apoteket
731 649 121 25 gvarlemnas
866 649 33 20 och
914 649 33 19 der
961 648 40 24 för-

383 689 65 14 varas.

451 719 21 18 2.
503 719 13 19 I
529 718 88 24 afseende
632 718 12 19 å
659 718 115 25 försäljning
786 717 26 25 af
819 717 106 24 läkemedel,
937 717 64 20 hvilka

383 752 96 20 innehålla
503 753 87 23 bränvin,
612 753 52 24 sprit
678 753 46 19 eller
739 754 44 22 eter,
799 759 44 18 eger
858 752 141 24 Medicinalsty-

383 787 60 19 relsen
459 788 41 18 rätt
513 788 29 18 att
557 787 29 19 till
601 787 153 24 förekommande
770 786 25 24 af
803 787 94 19 missbruk
907 786 93 24 förordna

383 821 64 20 hvilka
469 821 103 20 läkemedel
594 821 33 20 och
650 822 7 19 i
671 821 49 20 huru
734 823 40 18 stor
789 821 71 24 mängd
870 821 29 24 på
914 827 22 13 en
950 821 50 24 gång

382 855 34 25 får
430 857 47 19 utan
493 856 132 25 läkarerecept
638 855 32 25 för
680 855 112 21 medicinskt
801 855 90 20 ändamål
901 855 98 24 försäljas.

452 892 19 18 3.
501 890 102 25 Angående
617 891 85 19 vilkoren
717 891 32 23 för
764 890 116 24 försäljning
890 890 25 24 af
922 890 77 19 denatu-

381 924 67 20 reradt
473 924 80 20 bränvin
578 924 94 20 meddelas
696 924 97 20 särskilda
816 924 139 24 bestämningar
977 923 26 24 af

383 958 86 21 Senaten.

312 1014 142 28 Helsingfors
471 1015 42 21 den
533 1016 23 20 12
572 1014 58 22 Mars
648 1017 60 19 1897.

312 1070 21 22 H.
350 1071 19 21 E.
385 1071 106 27 Wegelius.
774 1071 44 21 Edv.
834 1071 95 21 Hannula.

311 1127 9 21 I
337 1128 72 22 denna
425 1128 138 22 reservation
579 1128 91 22 förenar
686 1128 34 28 sig

768 1186 41 21 Joh.
828 1186 101 26 Haanpää.

576 1490 180 16 Tryckeriaktiebolagets
766 1490 71 15 tryckeri,
848 1491 37 11 1897.

350 1490 101 16 Helsingfors,
461 1491 80 15 Tidnings-
