1073 1739
110 184 169 29 (Öfversättning).

162 226 2 2 I
303 241 2 3 :
332 226 315 28 Petitionsmemorial.

255 291 112 22 Bondest.
399 292 2 4 '
623 291 46 22 N:o
686 291 39 22 70.

275 585 49 19 Till
339 585 162 20 Hedervärda
518 585 197 20 Bondeständet.

189 645 48 19 Med
261 644 102 20 afseende
386 645 13 19 ä
421 645 83 26 Kajana
527 645 274 24 provincialläkaredistrikt
820 651 49 19 syn-

116 675 98 24 nerligen
237 675 58 19 stora
318 674 87 25 omfäng
429 675 40 19 och
491 675 50 19 med
556 675 83 24 hänsyn
655 675 69 20 dertill
740 676 31 19 att
787 675 35 20 det
837 675 34 20 för

118 710 26 14 en
168 705 55 19 enda
238 710 78 19 person
332 705 24 19 är
372 705 96 25 omöjligt
483 705 31 19 att
529 704 155 20 tillfredsställa
701 710 26 14 en
742 705 32 20 till
789 707 80 21 40,000

117 740 103 19 personer
243 733 127 26 uppgående
393 735 134 24 befolknings
545 734 66 20 behof
625 734 24 19 af
662 734 78 24 läkare,
758 735 64 20 äfven
838 741 34 13 om

118 765 70 19 denna
203 763 124 26 befolkning
342 770 51 13 vore
409 764 70 20 bosatt
492 765 58 19 inom
561 765 30 19 ett
601 764 81 20 mindre
694 764 39 20 och
743 765 49 19 med
802 765 69 19 bättre

118 794 261 19 kommunikationsmedel
403 794 82 20 'försedt
507 794 92 23 område,
624 794 39 19 har
687 794 47 20 från
749 795 124 24 kompetent

118 823 43 21 häll
189 824 34 19 för
248 823 131 25 längesedan
405 824 123 25 medgifvits
553 825 31 19 att
606 823 67 26 nägot
695 824 65 19 borde
786 824 87 25 ätgöras

118 854 33 19 för
172 853 159 20 förstärkandet
354 853 25 20 af
399 853 182 20 läkarekrafterna
604 854 7 19 i
633 854 58 19 detta
715 854 92 23 distrikt;
832 854 40 19 och

117 883 68 20 redan
200 883 63 25 länge
280 883 39 20 har
335 884 71 19 ortens
422 883 125 25 befolkning
558 895 27 2 —
598 883 67 20 ehuru
675 883 74 20 hittills
761 884 111 24 förgäfves

119 925 27 2 —
163 912 76 21 väntat
256 913 29 24 pä
300 913 129 25 förbättring
443 914 7 19 i
467 914 57 19 detta
541 914 62 24 syfte.
636 913 94 20 Sälunda
744 913 79 20 uttalar
839 914 35 24 sig

118 943 42 20 den
175 941 84 24 komit6,
277 943 85 20 hvilken
377 943 29 25 pä
417 943 130 20 Ständernas
558 943 147 25 underdäniga
716 943 157 25 framställning

119 973 23 20 är
164 974 55 18 1885
237 973 24 19 af
274 973 58 19 Hans
348 973 122 26 Kejserliga
485 973 100 26 Majestät
600 973 109 20 nedsattes
726 973 33 20 för
775 974 31 19 att
820 979 53 19 upp-

118 1004 54 23 göra
194 1002 82 25 förslag
299 1003 31 19 till
346 1003 180 24 omorganisation
544 1003 23 19 af
580 1003 153 20 läkarevärden
748 1003 29 25 pä
793 1003 78 23 landet,

118 1033 31 19 uti
172 1033 37 19 sitt
232 1032 134 20 betänkande
390 1033 24 19 af
431 1033 24 20 är
473 1034 55 19 1892
545 1033 131 20 beträffande
692 1033 83 25 Kajana
789 1033 84 24 provin-

120 1062 198 20 cialläkaredistrikt
333 1062 28 24 pä
377 1063 93 25 följande
487 1063 51 19 sätt:

193 1090 111 26 »Komitön
327 1092 39 19 har
389 1093 71 19 ansett
476 1092 58 20 detta
550 1092 84 20 distrikt
648 1098 53 13 vara
717 1092 24 20 sä
757 1092 117 20 vidsträckt

119 1122 56 19 samt
197 1122 49 19 med
269 1121 84 25 hänsyn
368 1122 31 19 till
413 1122 82 20 bristen
510 1122 29 24 pä
554 1122 203 20 kommunikationer
773 1122 25 19 sä
814 1121 58 20 svär-

119 1151 63 23 skött,
208 1152 31 19 att
261 1151 118 25 någonting
401 1152 66 19 borde
491 1153 64 23 göras
580 1152 33 19 för
634 1152 30 19 att
680 1152 103 20 förbättra
799 1152 26 19 de
841 1151 33 20 rä-

119 1181 70 19 dande
210 1180 161 20 förhällandena
622 1192 27 3 —
665 1192 30 3 —
755 1192 30 4 —
801 1192 28 4 —

120 1240 40 20 och
183 1240 40 20 har
244 1239 97 22 Komiten
358 1241 69 19 funnit
441 1241 124 25 lämpligast
581 1240 80 20 föreslå
676 1241 116 19 distriktets
808 1240 67 20 tudel-

119 1270 53 25 ning
196 1270 96 23 sålunda,
318 1271 31 19 att
370 1270 31 20 till
423 1271 36 19 det
482 1276 43 20 nya
548 1271 107 19 distriktet
677 1271 83 19 komme
777 1271 30 19 att
822 1270 53 20 höra

120 1300 141 24 Hyrynsalmi,
286 1300 160 24 Suomussalmi,
470 1300 110 25 Puolango
604 1300 40 20 och
668 1300 113 26 Ristijärvi,
803 1300 73 20 hvilka

120 1329 60 20 såväl
199 1330 48 19 med
264 1330 101 20 afseende
381 1330 14 20 &
410 1330 33 19 sin
460 1330 58 20 areal
534 1336 46 14 som
597 1330 12 20 å
624 1330 163 25 befolkningens
803 1336 72 14 nume-

120 1360 35 18 rär
170 1365 51 14 vore
238 1359 127 25 tillräckliga
380 1360 34 20 för
430 1361 31 19 att
475 1361 78 24 utgöra
567 1360 30 20 ett
608 1360 100 20 särskildt
719 1360 88 23 distrikt,
820 1360 57 19 samt

121 1390 31 18 att
174 1389 217 25 provincialläkarens
407 1390 124 19 stationsort
547 1390 70 19 blefve
633 1389 140 25 Hyrynsalmi,
790 1390 85 19 hvilken

121 1419 59 24 synts
198 1419 33 19 för
247 1418 120 21 ändamålet
377 1425 52 13 vara
439 1420 129 24 lämpligast.
587 1430 20 3 —
636 1431 14 2 —
668 1431 25 2 —
717 1431 23 3 —
761 1431 23 2 —
805 1430 24 3 —
849 1430 26 3 —

122 1478 97 25 Ouskligt
239 1484 51 14 vore
310 1478 111 20 äfven.att
437 1484 26 14 en
480 1479 164 19 extraordinarie
661 1479 71 20 läkare
748 1479 68 19 skulle
831 1478 45 25 pla-
