1053 1731
821 148 12 19 3

103 215 32 20 för
153 221 25 14 en
196 215 116 25 smalspårig
324 216 83 24 jernväg
422 216 82 20 emellan
519 216 112 20 Brahestad
646 216 38 20 och
699 216 64 25 Lappi
778 217 82 23 station,

103 244 34 20 det
158 250 38 14 ena
217 244 32 20 för
263 250 26 14 en
303 244 94 25 spårvidd
417 244 20 20 af
451 243 42 21 750
508 250 25 14 m.
549 251 25 13 m.
591 245 38 19 och
644 245 36 19 det
694 246 63 18 andra
771 245 32 20 för
818 244 42 20 600

103 278 24 14 m.
143 278 35 14 m:s
194 273 100 24 spårvidd.
324 273 69 23 Enligt
408 274 33 18 det
456 273 53 19 förra
525 273 21 20 af
560 274 59 19 dessa
634 273 76 24 förslag
719 274 64 19 skulle
793 274 65 20 banan

103 302 77 19 komma
195 303 30 18 att
239 302 60 19 kosta
313 301 92 26 883,000
420 302 37 20 och
472 302 61 24 enligt
548 302 35 20 det
597 308 70 14 senare
690 301 91 25 829,600
804 302 55 20 mark

103 330 49 20 eller
171 330 78 20 säledes
264 330 7 19 i
286 330 35 20 det
335 330 56 20 förra
405 330 56 20 fallet
475 330 78 26 29,532
569 330 38 20 och
622 331 6 19 i
644 331 35 19 det
695 336 70 15 senare
781 330 77 24 27,746

103 359 54 19 mark
172 364 37 19 per
218 359 111 24 kilometer,
339 359 71 20 medan
422 359 62 24 ärliga
494 359 177 25 trafikutgifterna,
682 360 114 20 beräknade
809 359 50 20 efter

103 388 34 20 tvä
150 388 34 24 täg
199 393 36 19 per
249 388 46 23 dag,
310 388 77 19 komme
403 390 28 17 att
446 390 71 22 utgöra
531 387 79 25 46,500
625 389 62 19 mark.

174 416 57 20 Hvad
247 416 61 24 angär
322 416 134 20 kostnaderna
468 416 31 20 för
514 417 76 19 banans
605 417 103 24 byggande
723 417 23 19 sä
761 422 58 19 synes
834 416 26 25 pä

103 445 52 24 goda
177 445 44 19 skäl
243 445 67 19 kunna
325 447 83 22 antagas
429 447 30 17 att
474 446 99 19 desamma
587 446 59 19 skola
660 446 115 24 ytterligare
791 446 68 18 kunna

103 474 118 24 nedbringas
237 474 44 19 med
296 474 64 24 någon
375 474 134 20 hundratusen
525 474 62 20 mark.
618 474 26 20 Sä
659 474 43 25 har,
717 474 60 20 bland
792 476 68 21 annat,

103 503 142 24 ballastdjupet
266 502 12 20 &
300 502 65 20 banan
387 502 112 24 föreslagits
518 502 30 20 till
567 502 42 20 450
627 508 26 14 m.
675 509 25 14 m.
719 503 49 19 eller
787 508 73 14 samma

104 532 47 24 djup
170 537 43 14 som
231 531 12 20 å
261 531 156 25 normalspåriga
432 531 63 19 banor
510 530 128 24 förekomma,
655 532 62 19 ehuru
733 534 28 17 ett
777 531 82 20 ballast-

104 560 46 24 djup
175 560 21 20 af
217 559 42 21 350
281 566 24 14 m.
328 566 25 14 m.
369 559 22 21 af
403 560 168 24 jernvägsteknici
586 560 7 19 i
609 560 87 26 Sverige,
713 560 35 20 der
762 560 63 20 banor
840 560 21 19 af

104 588 41 20 600
164 594 26 15 m.
209 594 36 14 m:s
265 589 93 24 spärvidd
376 588 102 20 allaredan
496 589 64 24 nägon
575 589 30 19 tid
621 589 51 19 varit
687 590 7 18 i
710 589 57 23 bruk,
782 590 77 18 ansetts

103 617 116 24 tillräckligt
233 617 32 20 för
280 617 50 20 slika
352 617 70 20 banor.
457 617 73 20 Vidare
552 623 58 18 synes
632 617 44 20 frän
698 617 23 19 de
745 617 114 20 beräknade

104 645 296 25 expropriationskostnadersa
414 646 66 19 kunna
495 646 20 19 få
529 645 94 20 afräknas
635 646 60 19 minst
707 645 77 24 25,000
797 645 63 24 mark,

104 677 48 17 enär
174 674 54 20 säväl
250 675 70 18 staden
338 680 41 13 som
395 675 24 18 de
434 675 179 23 landskommuner,
628 680 71 19 genom
713 675 66 19 hvilka
794 675 65 19 banan

104 704 75 19 komme
200 705 29 18 att
251 703 53 24 löpa,
324 703 146 24 otvifvelaktigt
495 703 57 19 skola
570 703 52 19 afstä
640 703 38 19 den
697 703 31 19 för
741 704 118 23 jernvägens

104 731 61 20 behof
187 731 130 24 erforderliga
339 732 81 19 marken
434 732 73 23 gratis;
523 731 104 20 hvarutom
641 732 45 19 med
701 732 113 19 hänseende
829 731 31 20 till

105 761 12 19 å
131 763 57 17 orten
204 761 88 18 rådande
307 760 179 25 prisförhällanden
501 761 13 19 &
526 760 129 23 arbetskraft,
668 760 192 25 byggnadsmaterial

105 795 24 13 m.
144 795 26 13 m.
181 789 136 19 kostnaderna
331 789 32 19 för
377 789 134 24 jordarbeten,
527 789 158 24 husbyggnader,
701 792 38 17 etc.
752 790 17 23 ej
782 789 23 19 sä
817 789 43 18 litet

106 818 57 19 torde
178 818 67 19 kunna
260 818 119 23 nedbringas
394 817 43 20 frän
452 818 51 19 hvad
517 817 198 24 kostnadsförslagen
729 819 94 23 upptaga.

177 846 155 19 Vidkommande
351 847 44 18 åter
413 847 133 19 inkcmsterna
564 846 43 19 från
626 847 65 19 banan
706 847 22 19 sä
743 849 23 17 är
781 847 34 18 det
829 846 31 19 väl

106 875 44 20 icke
168 877 30 18 att
217 875 76 24 hoppas
313 877 30 17 att
361 875 58 20 dessa
432 875 63 20 under
511 875 23 19 de
550 875 65 20 första
625 875 48 19 ären
689 875 56 20 skola
761 877 100 17 motsvara

106 903 173 24 trafikutgifterna,
298 909 43 14 men
359 904 38 19 den
415 903 78 25 förlust,
512 909 41 14 som
570 904 29 19 till
615 909 23 14 en
654 903 71 24 början
740 903 84 20 sälunda
839 905 22 18 är

107 934 29 17 att
147 934 80 21 emotse,
236 932 51 20 skall
299 933 7 18 i
316 933 45 18 dess
369 933 58 19 ställe
433 932 88 19 flerfaldt
529 933 60 18 varda
602 934 62 18 ersatt
676 938 69 18 genom
758 933 24 18 de
796 932 64 19 ökade

107 961 115 23 inkomster,
236 961 65 19 banan
315 961 78 19 komme
409 963 29 17 att
453 961 88 19 medföra
557 961 21 19 ät
595 963 74 17 statens
685 960 63 25 öfriga
763 961 70 19 banor.

178 990 29 19 På
233 990 63 23 grund
315 989 21 20 af
348 990 52 19 hvad
418 991 34 22 jag
469 996 27 13 nu
514 990 43 19 haft
572 992 47 17 äran
634 989 105 20 framhålla
753 989 61 24 vågar
828 989 34 24 jag

107 1019 100 19 vördsamt
221 1018 80 20 anhålla
316 1024 31 13 om
367 1018 101 24 vällofliga
483 1018 180 24 Borgareständets
679 1019 90 23 benägna
789 1018 72 19 under-

107 1047 45 20 stöd
167 1047 37 20 och
219 1047 118 20 medverkan
353 1047 30 19 till
399 1053 24 13 en
437 1047 124 24 underdänig
575 1047 85 24 petition
676 1047 78 19 därom:

317 1111 31 18 att
370 1116 26 14 en
415 1109 132 27 smalspärig
563 1108 79 21 bibana
667 1110 89 21 snarast
777 1107 85 28 möjligt

245 1138 65 20 mätte
329 1137 48 21 med
399 1137 113 21 allmänna
527 1137 68 21 medel
616 1137 80 28 byggas
711 1137 58 27 frän
787 1136 76 28 Lappi

245 1167 81 20 station
341 1166 36 21 vid
396 1165 145 28 Uleäborgska
555 1166 120 27 jernvägen
686 1166 34 21 till
732 1165 130 21 Brahestad.

180 1224 125 25 Helsingfors
320 1225 38 19 den
373 1223 13 20 5
401 1224 96 20 Februari
513 1223 64 21 1897.

582 1285 77 24 Fredrik
675 1285 95 24 Grönroos

213 1463 124 25 Helsingfors
353 1462 62 20 1897.
444 1463 126 25 Helsingfors
585 1463 177 25 Centraltryckeri.
