1056 1736
221 177 14 20 2

194 246 81 20 hvilken
291 246 38 20 den
345 247 91 24 nordliga
451 247 59 20 delen
525 246 23 21 af
560 248 66 19 denna
638 246 248 24 sammanbindningsbana
895 246 63 20 borde

195 276 71 23 dragas
288 275 31 20 till
334 270 114 30 Östermyra
463 276 81 23 station,
559 276 53 19 varit
628 276 81 24 mycket
729 276 78 19 delade.
832 274 49 21 Med
897 275 61 20 beak-

193 304 61 19 tande
274 303 22 20 af
317 305 269 23 sammanbindningsbanans
608 305 101 24 egenskap
730 304 22 20 af
774 303 119 20 förmedlare
915 303 44 20 utaf

193 333 177 19 transitorörelsen
388 333 37 20 och
438 335 30 18 att
482 333 39 20 den
536 333 85 20 sålunda
635 333 43 20 helt
691 333 97 24 naturligt
803 333 62 19 borde
880 332 79 20 ansluta

196 361 31 25 sig
241 361 32 20 till
283 361 162 25 Björneborgska
454 362 66 19 banan
531 362 22 19 så
563 365 50 17 nära
628 367 41 14 som
686 362 77 24 möjligt
778 362 38 19 den
831 361 70 25 punkt,
916 367 42 14 som

194 389 115 25 föreslagits
319 389 32 21 för
360 390 38 20 den
413 390 44 20 från
472 390 107 25 Loimijoki
595 391 49 19 eller
656 391 56 24 Kyrö
724 390 116 20 kommande
851 390 104 25 bandelen,

194 418 39 20 blir
256 419 62 24 enligt
339 419 39 20 min
398 419 60 20 tanke
474 419 38 20 den
528 419 126 25 lämpligaste
677 419 213 24 anslutningspunkten
913 418 44 20 Pei-

193 447 61 25 pohja
269 448 81 24 station,
365 447 80 21 hvilken
461 448 75 20 station
552 448 58 20 äfven
625 451 23 17 är
663 448 148 25 utgångspunkt
832 447 32 20 för
881 448 76 19 Raumo

193 476 74 21 banan,

263 504 36 21 Om
314 505 66 20 denna
394 505 53 20 bana
461 505 55 20 ledes
527 505 44 20 från
583 502 115 28 Östermyra
711 505 75 20 station
796 510 70 19 genom
880 504 76 25 Ilmola,

194 533 99 24 Kurikka,
307 533 115 25 Jalasjärvi,
437 534 121 26 Kauhajoki,
572 534 82 24 Karvia,
670 534 118 24 Honkajoki
803 534 37 19 och
851 533 106 20 Kankaan-

194 564 39 22 pää
255 568 26 15 m.
301 562 20 19 fl.
337 562 114 20 kommuner
467 563 30 19 till
512 563 98 24 Peipohja
624 564 74 18 station
715 563 12 19 &
742 562 162 25 Björneborgska
919 562 34 19 ba-

193 596 47 18 nan,
255 590 90 20 kommer
358 591 38 20 den
417 593 30 18 att
470 591 47 25 löpa
540 597 70 18 genom
626 592 24 19 de
666 591 120 20 folkrikaste
801 591 37 20 och
853 593 50 17 mest
913 590 43 19 kul-

193 619 91 20 tiverade
299 619 70 25 nejder
384 620 18 24 ej
417 620 85 19 allenast
516 620 7 19 i
539 620 61 19 södra
615 617 138 27 Österbotten,
769 621 47 18 utan
831 620 7 19 i
853 619 46 20 hela
913 619 44 19 vårt

194 648 54 26 land,
270 650 49 17 samt
342 648 95 25 derjemte
458 651 30 17 att
505 649 7 19 i
526 648 86 21 Påmark
627 649 38 20 och
680 649 61 19 Kulla
755 649 115 19 kommuner
885 648 71 19 beröra

194 676 105 20 vattenfall
314 677 38 20 och
367 677 224 24 fabriksanläggningar.
695 678 3 2 l

263 705 30 20 På
314 705 64 24 grund
397 705 22 20 af
432 706 36 19 här
482 706 118 20 framhällna
615 706 44 20 skäl
675 707 37 20 och
728 705 125 26 synpunkter
867 705 89 20 anhåller

194 733 33 26 jag
242 735 101 19 vördsamt
359 740 31 14 om
405 735 160 20 Bondeständets
580 735 120 20 medverkan
716 735 85 20 derhän:

401 792 32 19 att
452 791 32 27 pä
505 790 88 21 Statens
614 790 119 21 bekostnad
748 790 153 21 instrumental
915 796 42 15 un-

332 818 132 29 dersökning
484 820 66 20 mätte
572 819 128 21 verkställas
720 819 44 28 för
788 825 25 14 en
828 818 57 21 bana
897 818 59 27 frän

335 842 125 33 Östermyra
478 849 36 20 till
528 847 111 28 Peipohja
654 848 82 21 station
752 850 57 19 samt
823 847 68 27 nädig
904 853 53 21 pro-

329 876 99 49 paon
443 883 34 15 om
487 876 49 21 dess
546 876 112 29 byggande
664 876 131 28 jöreläggas
808 878 64 18 nästa
883 875 74 21 landt-

350 911 33 21 ag.

263 968 126 25 Helsingfors
405 969 37 19 den
457 968 14 20 6
485 969 98 20 Februari
599 968 62 21 1897.

677 1029 77 23 lisakki
769 1029 62 22 Arvo.

571 1064 151 26 Representant
737 1065 33 20 för
784 1065 55 20 Eura
855 1065 100 24 domsaga.

334 1480 111 24 Helsingfors
459 1481 50 18 1897.
533 1481 110 23 Helsingfors
655 1481 156 22 Centraltryckeri.
