1070 1739
210 177 28 20 36
393 175 280 23 Petitlonsbetänkande
688 175 44 23 N:o
746 175 38 22 13.

210 239 63 20 hälla
292 238 76 21 denna
388 239 62 21 olika
471 238 140 27 lagstiftning
628 238 8 21 i
651 239 63 26 fräga
730 245 38 14 om
784 237 28 22 de
827 238 61 27 lägre
904 245 64 20 myn-

210 273 139 27 digheterna,
375 280 50 14 som
447 273 154 21 omförmälda
621 273 60 27 lägre
702 272 144 28 tjenstemän,
870 272 98 21 hufvud-

210 307 103 27 sakligen
329 308 114 26 länsmän,
459 308 198 21 häradsskrifvare
673 308 44 21 och
737 307 161 27 kronofogdar,
917 307 50 21 icke

209 342 71 20 hafva
295 342 76 26 nägon
387 342 274 28 expeditionsskyldighet
671 342 26 21 af
705 341 129 21 nämnvärd
845 341 121 27 betydelse.

210 376 113 26 Föröfrigt
342 376 64 21 torde
427 376 67 22 dessa
516 377 137 27 tjenstemän
675 376 71 21 redan
769 382 39 20 nu,
831 377 55 19 enär
901 375 66 21 deras

209 410 159 28 embetsspräk
380 412 90 26 utgöres
485 411 25 20 af
523 410 236 28 kommunalspräket,
775 410 7 20 i
798 410 75 26 regeln
889 410 78 20 affatta

208 444 68 21 äfven
292 444 50 22 sina
357 445 155 27 expeditioner
527 445 30 27 pä
572 445 61 21 detta
649 445 76 27 spräk,
741 444 74 22 sävidt
830 444 18 27 ej
859 444 107 26 sakegare

208 479 146 21 annorlunda
369 480 63 20 äska.

278 513 186 22 Vidkommande
486 514 71 21 sedan
580 514 93 27 spräket
694 513 39 21 vid
756 513 44 21 den
822 512 50 22 inre
893 512 73 22 skrift-

208 547 121 27 vexlingen
362 548 98 21 emellan
492 548 197 27 myndigheterna,
727 548 85 20 saknar
844 554 55 14 man
931 547 35 21 för

208 581 52 21 dess
280 582 174 22 bestämmande
474 582 44 21 den
539 582 58 21 fasta
612 582 81 27 grund,
709 589 51 14 som
775 582 7 20 i
797 582 64 26 fråga
876 588 38 14 om
930 588 35 14 ex-

208 615 209 28 peditionsspräket
439 617 82 21 företer
542 617 34 26 sig
597 616 8 21 i
627 616 38 22 det
685 616 85 27 nödiga
789 616 139 21 beaktandet
943 616 25 20 af

208 650 120 27 sakegares
341 651 137 27 rättigheter,
494 651 7 21 i
517 651 55 27 följd
588 651 84 21 hvaraf
684 651 80 27 frägan
780 650 72 22 mäste
867 650 98 21 hufvud-

208 684 103 27 sakligen
336 685 61 21 lösas
413 686 53 20 med
480 686 92 27 hänsyn
588 685 33 21 till
637 685 62 21 hvad
714 684 249 27 ändamälsenligheten

208 718 45 21 och
269 718 38 22 det
321 720 130 21 allmännas
467 720 72 21 fördel
555 720 96 20 kräfver.

279 753 9 20 I
305 754 73 20 stället
393 754 35 21 för
443 754 44 21 den
502 754 107 21 valfrihet
624 754 7 20 i
646 754 63 26 fråga
725 761 38 14 om
777 753 186 27 embetsspräket,

207 793 52 15 som
282 788 69 26 enligt
372 788 105 26 gällande
500 788 208 27 lagbestämningar
730 790 26 19 är
770 788 115 26 kollegier,
900 787 63 21 verk-

207 821 78 21 chefer
299 828 30 14 m.
345 822 21 21 fl.
382 822 123 21 tillerkänd
520 823 44 21 och
580 830 51 14 som
646 823 46 21 ledt
702 823 96 26 därhän,
812 824 32 19 att
854 822 6 20 i
869 822 94 20 flertalet

208 856 39 20 fall
269 856 80 21 endast
369 856 37 21 det
427 864 43 14 ena
490 856 123 22 inhemska
633 857 92 28 spräket
743 856 97 27 antagits
855 856 34 21 till
904 863 58 20 resp.

208 890 157 21 embetsverks
381 891 77 27 spräk,
473 892 43 20 har
531 891 7 21 i
554 891 255 21 utskottsbetänkandet
824 891 139 27 tväspräkig-

207 925 68 20 heten
291 925 122 27 uppställts
429 925 77 22 säsom
522 926 66 26 regel,
604 926 25 21 sä
644 928 32 19 att
688 925 53 21 med
752 926 91 27 hänsyn
854 925 34 21 till
900 927 63 19 ären-

206 958 50 21 dets
273 959 164 27 beskaffenhet,
453 967 29 14 m.
499 967 29 14 m.
545 960 38 21 det
599 967 42 14 ena
657 960 54 21 eller
726 959 73 22 andra
814 960 93 27 spräket
921 960 42 21 bör

207 993 121 26 begagnas.

276 1027 9 20 I
307 1029 30 19 ett
354 1027 141 28 tväspräkigt
510 1028 62 27 land,
588 1028 41 21 där
644 1029 77 20 säsom
736 1029 43 20 hos
795 1035 38 14 oss
848 1028 115 21 minorite-

205 1063 51 18 tens
277 1061 70 27 spräk
366 1062 34 21 till
418 1062 56 27 följd
492 1062 25 21 af
530 1062 44 21 den
590 1062 124 21 historiska
729 1062 160 27 utvecklingen
904 1062 59 21 varit

205 1095 183 27 lagstiftningens
411 1097 45 20 och
476 1096 60 21 intill
559 1099 88 18 senäste
669 1097 33 20 tid
723 1097 88 26 jämväl
833 1097 44 20 den
893 1097 69 26 högre

205 1129 121 22 kulturens
336 1130 178 27 hufvudsakliga
525 1131 77 27 spräk,
614 1132 26 19 är
650 1131 44 20 den
707 1131 25 20 af
746 1131 109 20 utskottet
866 1131 97 20 sälunda

204 1164 134 26 uppställda
353 1165 129 26 grundsats,
498 1165 62 21 hvad
579 1165 70 26 angär
669 1165 44 21 den
734 1165 70 26 högre
820 1165 143 21 administra-

203 1197 87 27 tionen,
306 1200 56 19 utan
377 1199 78 21 tvifvel
470 1199 73 27 riktig.
568 1199 34 27 Ty
617 1199 38 21 det
669 1199 47 21 kan
729 1199 50 21 icke
791 1199 72 21 nekas
876 1201 32 19 att
920 1201 43 19 sta-

203 1233 39 19 ten
266 1232 43 20 har
331 1233 164 26 mängahanda
510 1233 120 27 uppgifter,
651 1233 80 21 hvilka
751 1233 50 21 icke
822 1233 141 21 omedelbart

204 1267 54 20 röra
274 1266 44 21 den
334 1267 105 21 enskilda
456 1267 44 21 och
516 1267 38 21 vid
569 1267 92 21 hvilkas
676 1267 95 22 lösande
779 1267 49 28 just
838 1267 44 21 den
893 1268 69 27 högre

203 1299 217 23 administrationen
449 1301 158 27 förnämligast
629 1303 26 19 är
676 1301 79 21 kallad
779 1304 33 18 att
833 1301 129 22 medverka.

202 1333 45 21 Vid
270 1334 28 21 de
320 1335 69 26 högre
410 1335 144 22 förvaltande
570 1336 191 27 myndigheterna
775 1335 43 22 bör
832 1336 78 21 därför
925 1336 38 21 det

203 1368 71 27 spräk
294 1369 127 27 användas,
443 1370 111 21 hvarmed
570 1370 163 27 myndigheten
749 1370 8 21 i
772 1370 79 27 hvarje
866 1370 39 21 fall
921 1371 41 20 fin-

202 1408 42 15 ner
260 1402 94 21 ärendet
369 1403 51 21 bäst
436 1404 79 21 kunna
531 1404 129 27 befrämjas.

273 1437 74 26 Nägot
362 1438 147 21 annorlunda
524 1439 106 26 gestaltar
645 1439 34 27 sig
693 1439 8 21 i
717 1439 75 27 regeln
808 1439 153 21 förhällandet

202 1470 54 21 med
273 1471 227 23 administrationens
518 1475 93 25 yttersta
627 1473 152 27 utgreningar,
795 1473 28 21 de
839 1473 76 21 lokala
930 1474 31 21 lä-
