1070 1736
422 206 52 19 1:mo
497 206 28 19 att
545 204 31 26 på
596 206 74 19 statens
692 205 109 20 bekostnad
821 206 63 19 skulle

350 232 87 20 inrättas
451 232 35 20 och
500 231 120 26 uppehållas
629 233 26 19 ett
663 232 221 24 lungsotssanatorium

352 260 46 19 med
412 260 25 18 50
447 259 79 24 platser
538 260 34 24 för
585 259 82 19 mindre
678 259 120 24 bemedlade,
808 258 76 26 nägon-

350 286 67 19 städes
436 286 7 19 i
461 286 78 19 landets
557 286 101 19 mellersta
676 286 32 19 del
726 286 7 19 i
752 286 97 19 närheten
863 286 26 24 af

345 313 98 24 järnväg,
464 313 47 19 med
532 311 101 21 ändamål
654 314 29 18 att
701 313 85 19 utbreda
800 313 35 19 och
849 313 36 19 hos

352 340 135 19 allmänheten
507 340 77 24 befästa
602 339 121 25 kunskapen
737 345 33 14 om
785 341 29 18 att
827 339 57 25 lung-

351 366 69 26 sjuka
432 371 72 20 genom
525 367 86 24 lämplig
630 365 51 20 vård
700 367 36 19 och
754 366 131 25 iakttagande

352 393 25 25 af
390 393 59 20 enkla
460 392 190 26 försiktighetsmätt
663 393 17 25 ej
694 393 46 20 blott
753 393 72 20 kunna
839 393 46 24 hop-

347 425 41 19 pas
403 419 31 26 på
452 420 65 24 hälsa,
536 421 52 18 utan
606 421 59 24 äfven
677 421 90 24 framför
781 420 37 19 allt
831 420 54 19 däri-

350 452 73 19 genom
439 446 51 26 från
508 447 69 20 andra
591 447 96 25 aflägsna
700 447 24 20 de
736 448 66 24 faror,
817 447 69 19 hvilka

351 479 73 19 genom
442 475 25 18 ett
484 474 108 25 olämpligt
604 475 121 24 förfarande
738 474 77 24 skapas
829 473 57 20 såväl

349 501 34 24 för
402 501 45 19 dem
466 501 74 25 själfva
554 501 35 20 och
604 501 59 19 deras
677 502 105 19 närmaste
796 506 44 14 som
852 501 33 25 för

352 528 60 19 deras
426 528 114 25 omgifning
555 528 197 25 öfverhufvudtaget;

423 555 45 19 2:do
488 556 29 18 att
534 556 64 19 staten
611 553 62 21 måtte
687 555 85 25 kraftigt
785 554 101 25 befrämja

352 582 36 18 och
406 582 124 19 understöda
548 582 18 24 ej
584 582 81 18 mindre
679 582 61 19 serier
754 582 25 24 af
787 581 98 25 föredrag

352 609 29 19 än
402 608 133 24 uppkomsten
560 609 35 19 och
620 608 133 20 utbredandet
778 609 25 24 af
821 614 64 18 popu-

352 635 34 19 lär
410 635 100 19 litteratur
534 636 88 19 rörande
648 636 23 18 de
699 635 54 19 olika
777 636 108 24 formerna

351 662 33 24 för
403 662 248 25 tuberkelsjukdomarnas
670 662 143 25 uppträdande
832 663 54 18 samt

352 688 84 26 skydds-
451 690 35 18 och
500 690 120 18 botemedlen
632 690 33 24 för
679 690 59 22 dem;
752 690 102 24 äfvensom

424 716 31 19 3:0
469 717 29 18 att
511 716 95 25 styrelsen
621 716 101 25 därjämte
732 715 61 20 måtte
803 715 83 25 vidtaga

352 742 106 25 energiska
481 743 36 19 och
541 743 107 24 tidsenliga
669 742 96 26 åtgärder
783 743 34 25 för
839 744 46 18 mot

352 770 108 19 arbetande
475 770 25 25 af
511 770 194 25 djurtuberkulosen.

209 844 134 25 Helsingfors,
361 844 39 20 den
416 846 12 18 5
445 844 88 20 februari
550 845 64 19 1897.

639 921 57 22 Konr.
713 920 102 23 Relander.
