1095 1748
226 188 26 20 10
425 184 257 24 Motionsbetänkande
698 184 46 24 N:o
759 186 23 21 9.

527 575 157 29 Reservation.

292 663 180 24 Motionärerna
502 663 75 24 hafva
607 663 77 24 berört
711 665 33 22 ett
771 663 213 24 missförhållande

214 699 75 31 "uppå
318 697 187 32 näringslifvets
536 697 99 31 område,
663 705 49 16 som
743 705 74 23 synes
844 697 80 25 fordra
952 700 32 21 ett

224 733 146 31 skyndsamt
394 732 157 31 afhjelpande.
591 731 69 24 Ifrån
684 739 29 16 en
738 732 38 23 del
800 734 75 22 större
899 732 85 30 städer,

224 767 118 25 särskildt
364 767 185 30 hufvudstaden,
573 766 87 32 klagas
680 768 35 22 att
733 766 62 24 barn
813 767 75 23 under
907 767 31 24 15
958 768 26 23 år

224 803 9 23 i
251 801 59 32 följd
329 801 25 24 af
371 801 43 24 den
434 801 69 24 korta
521 801 121 30 arbetstid,
660 800 112 33 gällande
791 801 193 32 näringsförord-

224 837 62 31 ning
304 836 37 23 för
359 836 70 23 dessa
447 835 104 32 stadgar,
570 835 45 24 allt
621 843 59 26 mer
693 835 43 24 och
748 843 51 16 mer
812 843 88 24 ogerna
913 838 71 21 emot-

225 873 71 30 tagas
315 870 9 24 i
345 870 235 24 handtverksarbete.
615 869 71 25 Anda
704 869 39 25 till
764 870 33 24 14
815 871 40 23 års
875 869 64 25 ålder
958 873 27 21 är

225 906 86 24 barnet
329 904 59 25 dock
405 904 37 24 för
455 905 37 23 det
504 906 77 22 mesta
593 906 114 30 upptaget
718 904 26 24 af
756 904 145 25 folkskolan.
928 904 57 24 Men

225 940 42 24 vid
284 939 130 32 uppnådda
434 939 32 24 14
483 940 28 23 år
528 939 47 23 har
593 939 37 23 det
647 939 9 23 i
674 938 82 32 regeln
776 939 76 23 slutat
871 939 39 24 sin
922 939 62 24 folk-

225 974 128 24 skolekuis
378 974 43 24 ovch
445 973 69 25 borde
538 975 31 22 dä
591 974 37 23 för
648 973 40 24 sin
706 973 107 25 utkomst
831 973 43 24 och
893 973 92 33 sedliga

225 1008 140 32 utbildning
388 1008 26 24 fä
438 1008 78 24 arbete
539 1008 44 24 och
607 1007 196 33 sysselsättning.
839 1008 12 24 I
873 1008 112 24 städerna

225 1042 92 25 saknas
340 1042 60 24 dock
424 1042 81 24 dertill
523 1042 134 24 merändels
676 1042 98 24 tillfälle
793 1042 30 24 dä
840 1042 143 31 yrkesidka-

224 1085 44 17 ren
287 1077 19 31 ej
327 1076 46 24 vill
391 1076 9 24 i
418 1077 44 23 sitt
479 1077 79 23 arbete
577 1078 119 30 emottaga
713 1077 92 30 barnet,
823 1076 112 24 hvarföre
947 1077 38 23 det

225 1112 37 23 för
286 1112 53 23 dess
362 1111 140 32 utbildning
526 1112 28 23 sä
577 1111 97 32 viktiga
692 1110 131 25 äldersäret
844 1111 31 24 14
893 1111 40 23 till
952 1111 32 24 15

226 1148 27 22 år
271 1146 73 24 oftast
361 1145 38 24 får
418 1146 98 30 förflyta
533 1146 10 22 i
561 1145 158 31 sysslolöshet
736 1146 53 23 med
807 1145 54 25 dess
874 1145 50 24 alla
936 1145 47 24 för-

225 1180 185 32 derfbringande
429 1180 142 30 inflytelser.

293 1214 72 24 Huru
375 1214 79 24 starkt
464 1214 91 24 antalet
564 1214 160 32 minderärige
734 1214 76 24 under
821 1214 31 24 15
863 1216 40 22 ärs
913 1214 70 32 älder,

225 1256 51 17 som
300 1248 53 24 haft
376 1248 152 32 anställning
551 1248 43 24 vid
617 1248 153 31 yrkesarbete
794 1248 9 24 i
821 1248 94 24 landets
935 1251 48 22 stä-

224 1283 48 31 der,
290 1283 75 24 under
383 1291 85 16 senare
485 1283 61 24 tider
564 1283 94 32 aftagit,
677 1283 108 32 framgär
802 1291 31 16 ur
845 1285 82 22 senast
939 1291 43 23 pu-

224 1317 119 25 blicerade
362 1317 222 24 industristatistik.
610 1317 99 24 Antalet
722 1318 107 23 arbetare
843 1317 24 25 af
879 1318 105 24 nämnda

224 1352 67 24 ålder
308 1351 42 24 vid
368 1352 115 24 Fabriks-
502 1352 44 23 och
564 1351 281 24 Handtverksindustrin
863 1352 9 23 i
890 1352 93 23 landets

225 1386 116 32 samtliga
365 1386 80 24 städer
469 1385 42 25 och
536 1385 120 33 köpingar
674 1385 106 33 uppgick
798 1385 122 33 nemligen
937 1393 45 16 un-

224 1420 42 24 der
284 1421 38 24 det
340 1422 96 23 senaste
454 1420 139 31 triennium,
606 1420 37 24 för
657 1420 95 24 hvilket
764 1420 123 32 uppgifter
899 1420 9 23 i
921 1420 63 24 detta

225 1454 110 25 afseende
353 1456 39 23 stä
410 1454 40 25 till
468 1455 66 30 buds,
553 1455 59 23 eller
629 1455 114 24 trienniet
757 1455 176 30 1891—1893,
944 1454 39 25 till

224 1489 104 32 följande
346 1489 95 32 belopp:

293 1533 47 23 Lag-
353 1533 32 18 och
398 1533 183 18 Ekonomiutskottets
593 1532 111 19 betänkande
716 1532 34 19 N:o
758 1533 16 17 9.
