1073 1745
203 186 26 19 18
382 185 281 24 Petitionsbetänkande
680 187 45 22 N:o
741 187 36 22 13.

201 248 44 21 och
268 249 159 27 myndigheter
446 249 57 21 böra
526 250 7 20 i
553 250 35 21 sin
608 249 234 28 tjänstevärksamhet
862 250 103 27 begagna

200 282 177 27 befolkningens
398 284 120 26 tungomål
542 285 44 20 och
609 284 50 21 icke
681 287 30 18 ett
729 285 36 20 för
786 284 77 21 denna
878 285 89 20 befolk-

200 317 56 26 ning
276 317 143 22 främmande
444 318 76 27 språk.
560 319 53 20 Men
636 319 76 20 denna
738 319 91 27 princip
853 319 112 26 betingar,

200 351 31 20 då
254 351 89 21 landets
361 352 134 27 befolkning
510 353 44 20 har
568 354 85 19 tvänne
670 353 77 27 språk,
763 353 82 21 hvilka
861 355 41 19 äro
918 353 48 20 lika

201 385 129 27 inhemska,
353 386 81 21 endast
449 389 32 18 att
496 387 7 20 i
519 387 79 27 hvarje
615 387 39 20 fall
669 387 87 21 ettdera
771 387 26 21 af
810 387 67 21 dessa
892 387 73 27 språk

200 420 123 27 begagnas,
345 427 53 14 men
420 421 127 26 ingalunda
570 423 32 19 att
618 421 93 28 språket
725 422 8 20 i
749 421 157 28 expeditioner
921 422 44 21 och

200 454 74 21 andra
296 455 228 27 ämbetshandlingar
545 455 43 21 bör
604 462 55 14 vara
675 456 130 21 detsamma
821 463 51 14 som
887 458 78 25 proto-

201 489 142 27 kollspråket
363 489 7 20 i
390 489 44 21 den
456 490 114 21 kommun
593 490 54 20 eller
662 490 96 21 flertalet
773 490 26 21 af
812 490 28 21 de
856 490 109 21 kommu-

200 530 47 19 ner,
264 523 64 21 inom
343 524 80 21 hvilka
437 524 187 27 tjänstemannen
635 525 54 20 eller
700 524 166 27 myndigheten
877 525 42 20 har
929 525 35 20 sin

200 557 155 22 värksamhet.
386 558 35 21 En
437 558 73 21 sådan
526 559 94 20 slutsats
636 559 78 20 kunde
731 559 69 20 hafva
817 559 57 26 skäl,
888 559 7 20 i
907 559 58 20 hän-

200 591 63 21 delse
278 592 28 21 de
321 592 107 27 ärenden,
444 599 51 14 som
510 593 26 20 af
549 592 192 28 myndigheterna
757 593 151 26 handläggas,
925 593 40 21 all-

200 626 33 20 tid
257 626 74 21 skulle
354 627 97 20 hänföra
474 627 33 26 sig
527 627 35 20 till
588 627 153 21 kommunala
764 627 200 26 angelägenheter,

200 661 45 20 och
266 661 67 20 äfven
356 661 36 26 då,
414 663 87 25 strängt
521 664 66 24 taget,
603 661 82 21 endast
701 668 38 14 om
756 661 95 21 ärendet
865 661 98 21 berörde

200 695 147 26 kommuner,
354 696 91 21 hvilkas
454 696 134 26 befolkning
594 696 59 20 talar
661 698 30 19 ett
699 695 61 22 enda
768 695 77 28 språk.
857 696 66 20 Detta
931 696 33 20 in-

200 729 79 21 träffar
295 730 124 21 emellertid
434 730 81 21 endast
536 730 7 21 i
563 733 31 18 ett
615 730 55 21 fåtal
688 730 47 26 fall,
756 730 45 21 och
819 732 32 19 att
871 730 7 21 i
897 730 66 21 dessa

200 764 170 27 handlingarna
385 765 7 20 i
403 765 94 20 ärendet
505 765 58 20 böra
574 765 89 20 affattas
673 764 30 27 på
713 765 158 20 kommunens
887 765 76 26 språk,

200 799 27 19 är
245 798 119 27 själffallet.
396 799 52 21 Men
464 799 7 20 i
486 799 72 26 öfriga
581 799 40 20 fall
637 799 72 20 måste
725 799 74 20 andra
815 799 149 26 grundsatser

200 839 56 14 vara
271 833 180 21 bestämmande.
477 833 73 21 Dessa
566 835 40 19 äro
622 833 7 20 i
645 833 63 26 fråga
721 840 40 14 om
772 833 113 26 utgående
896 839 67 21 expe-

202 867 105 26 ditioner,
323 867 77 21 såsom
416 867 70 21 redan
502 869 83 24 nämts,
602 867 137 27 sakegarens
755 869 45 19 rätt
816 869 32 19 att
864 867 47 21 utfå
929 874 36 14 ex-

202 901 132 27 peditionen
358 902 29 26 på
403 902 37 20 det
455 897 69 32 språk
540 902 47 20 han
604 901 54 27 själf
671 902 60 20 inför
747 901 164 27 myndigheten
928 902 37 20 be-

202 938 84 24 gagnat
308 936 44 20 och
372 936 56 26 icke,
452 936 76 20 såsom
552 936 53 20 med
618 936 344 27 kommunalspråksprincipen

202 970 19 27 ej
245 971 74 20 sällan
335 970 44 21 blir
394 970 67 27 fallet,
477 971 30 26 på
523 973 31 18 ett
569 971 35 20 för
619 971 88 20 honom
723 970 146 21 främmande
885 971 78 26 språk,

202 1004 6 21 i
225 1004 63 27 fråga
309 1005 47 20 åter
371 1011 37 14 om
423 1005 92 26 språket
530 1005 65 20 inom
611 1005 178 20 ämbetsvärken
806 1005 44 20 och
866 1004 6 21 i
889 1004 75 21 skrift-

202 1039 122 26 växlingen
340 1039 84 20 mellan
440 1039 197 26 myndigheterna,
653 1041 32 18 att
701 1039 37 20 det
751 1039 26 20 af
785 1038 28 21 de
826 1038 61 21 båda
902 1039 62 26 språ-

202 1073 45 20 ken
269 1073 105 20 kommer
389 1073 33 20 till
438 1073 156 26 användning,
611 1079 50 15 som
677 1073 7 20 i
700 1072 80 27 hvarje
799 1072 108 21 särskildt
924 1073 39 20 fall

201 1107 52 20 bäst
269 1107 118 20 befordrar
402 1107 37 20 det
446 1107 53 20 med
508 1107 135 20 skrifvelsen
651 1107 54 20 eller
713 1106 144 27 handlingen
867 1106 96 21 afsedda

202 1141 138 20 ändamålet.
357 1141 84 21 Hvilka
450 1141 98 21 fördelar
558 1141 67 21 dessa
633 1141 148 26 grundsatser
789 1140 96 27 erbjuda
895 1141 68 20 äfven

201 1175 8 20 i
225 1175 92 21 formelt
335 1175 130 21 hänseende
480 1175 96 21 framför
584 1175 119 27 principen
713 1182 39 14 om
761 1174 203 27 kommunalsprå-

202 1209 38 21 ket
263 1209 100 26 framgår
384 1209 60 21 klart
466 1209 38 21 vid
526 1216 29 14 en
575 1209 132 27 jämförelse
730 1209 87 20 mellan
838 1209 125 20 Utskottets

201 1243 194 27 petitionsförslag
418 1244 44 21 och
485 1243 43 27 det,
552 1251 51 13 som
626 1243 125 21 framstälts
767 1243 7 20 i
791 1243 170 20 reservationen

202 1278 28 20 I.
265 1277 84 21 Medan
369 1277 142 22 förstnämda
537 1278 121 27 principer,
681 1277 93 21 hvilkas
790 1282 173 21 gemensamma

202 1312 75 26 grund
291 1313 26 19 är
332 1312 60 20 båda
408 1312 111 27 språkens
534 1312 102 26 rättsliga
651 1312 156 26 likställighet,
823 1311 34 21 till
873 1310 56 28 följd
940 1312 25 20 af

202 1346 36 20 sin
255 1346 189 26 allmängiltighet
459 1346 60 26 gifva
534 1346 93 27 upphof
639 1346 23 20 åt
677 1346 76 26 enkla,
765 1345 140 27 följdriktiga
918 1346 44 20 och

202 1380 61 21 dock
279 1380 158 21 uttömmande
453 1380 178 27 bestämningar,
647 1386 68 21 synes
731 1380 232 27 kommunalspråks-

202 1414 121 28 principen
345 1414 114 27 medgifva
481 1421 27 14 en
524 1414 147 28 tillämpning
686 1414 83 21 endast
783 1419 84 21 genom
882 1413 81 29 vidlyf-

201 1449 46 26 tiga
264 1449 44 20 och
323 1448 67 27 högst
404 1448 134 22 invecklade
554 1448 140 22 föreskrifter
709 1446 61 23 samt
778 1448 54 20 med
840 1454 28 14 en
877 1448 85 27 mängd

202 1483 125 26 undantag.
