1075 1753
219 181 12 18 2
380 180 75 22 Ständ.
473 181 45 22 Pet.
538 195 20 2 —
577 182 153 22 Petitionsbet.
748 182 37 22 N:o
802 181 34 22 33.

217 244 56 29 diga
294 252 120 21 personers
436 247 145 22 anställande
601 248 74 21 såsom
695 247 121 30 betjening
834 248 14 21 å
862 247 113 22 värdshus

218 279 43 21 och
277 279 262 31 utskänkningsställen.

286 349 182 31 Otvifvelaktigt
485 355 25 18 är
527 354 34 19 att
580 352 57 22 barn
655 352 44 22 och
719 352 125 29 omyndiga
860 358 113 22 personer,

217 390 50 15 som
289 384 69 22 hafva
381 386 143 28 anställning
546 387 74 21 såsom
647 386 89 29 tjenare
761 386 43 22 och
830 386 106 22 biträden
961 386 13 20 ä

215 418 114 22 värdshus
344 419 43 22 och
402 420 250 29 utskänkningställen,
664 424 39 19 äro
719 423 87 20 utsatta
821 421 37 21 för
868 420 105 22 frestelse

215 452 38 22 till
269 452 160 31 dryckenskap
444 455 43 21 och
503 455 89 29 osedlig
607 456 84 22 lefnad.
707 456 77 22 Jämte
796 456 40 21 det
845 455 129 22 Ständerna

215 489 76 20 ansett
313 488 84 22 förbud
418 490 37 21 för
477 490 265 22 värdshusinnehafvare
763 492 35 20 att
820 490 8 22 i
848 490 36 22 sin
902 490 71 29 tjenst

215 524 85 27 antaga
322 530 114 22 personer,
460 532 48 14 som
531 525 51 21 icke
605 525 55 29 fyllt
679 527 26 21 21
725 526 31 27 år,
773 525 55 22 böra
846 524 126 22 fastställas

215 558 74 21 såsom
305 558 70 29 regel,
391 559 71 22 hafva
477 560 130 21 Ständerna
621 560 60 22 dock
695 560 81 22 funnit
791 562 34 19 ett
836 558 136 28 ovilkorligt

214 592 174 23 bestämmande
411 594 26 22 af
457 594 230 29 myndighetsåldern
709 596 76 20 såsom
807 594 76 29 lägsta
903 597 68 25 gräns

214 628 84 27 utgöra
318 635 28 14 en
366 628 79 23 alltför
464 628 66 29 långt
545 629 88 28 gående
648 629 172 28 inskränkning
836 628 25 23 af
874 628 44 22 den
934 635 37 14 en-

213 661 87 22 skildes
322 665 53 26 rätt,
394 663 8 21 i
418 665 27 27 ty
465 665 34 20 att
518 664 43 21 den
580 664 103 22 växande
699 663 134 30 ungdomen
848 663 8 22 i
871 663 28 22 de
914 663 58 21 min-

213 696 40 21 dre
269 697 133 22 bemedlade
417 698 107 22 hemmen
534 699 9 20 i
553 698 108 22 städerna
673 699 138 28 härigenom
824 698 71 29 ginge
905 698 67 21 miste

213 738 38 14 om
274 738 29 14 en
326 732 48 21 ofta
396 732 88 22 anlitad
505 734 72 27 utväg
596 733 37 21 till
651 732 124 30 uppehälle
790 732 44 22 och
848 732 122 28 bergning.

213 765 130 23 Ständerna
358 766 71 22 hafva
444 766 77 22 derför
536 768 62 20 velat
613 767 76 22 lemna
704 768 71 21 äfven
790 774 115 22 personer,
921 773 49 15 som

213 800 52 21 icke
285 801 99 28 uppnått
402 801 84 22 nämda
505 802 152 28 åldersgräns,
673 804 71 26 öppet
759 803 35 20 att
808 802 8 20 i
831 801 140 28 undantags-

213 834 41 22 fall
277 842 59 21 egna
359 836 37 28 sig
417 836 24 21 åt
463 836 177 28 ifrågavarande
662 836 173 22 arbetsområde
850 835 43 22 och
908 835 63 29 förty

212 871 77 19 ansett
311 869 107 29 lämpligt
440 872 34 19 att
496 870 51 28 den,
570 878 49 14 som
637 870 46 29 fylt
704 872 25 21 18
749 871 31 26 år,
795 870 9 21 i
819 870 52 21 stöd
886 870 26 21 af
924 870 46 21 för-

211 903 89 22 äldrars
316 904 56 22 eller
387 904 123 22 målsmäns
526 905 116 29 skriftliga
657 904 142 30 begifvande
813 904 63 29 finge
886 906 84 26 antaga

211 938 73 28 tjenst
298 939 13 21 å
325 939 185 22 restaurationer.

281 1007 33 21 På
336 1008 76 28 grund
434 1008 25 22 af
478 1008 38 22 det
534 1008 97 22 anförda
649 1008 24 22 få
689 1008 131 22 Ständerna
834 1008 9 20 i
858 1008 111 21 underdå-

210 1041 83 28 nighet
308 1042 126 29 hemställa,

485 1113 32 21 att
526 1112 70 22 Eders
606 1111 123 29 Kejserliga
740 1111 104 28 Majestät
852 1110 49 23 ville
913 1111 56 28 före-

417 1146 63 28 lägga
501 1145 259 23 nästsammanträdande
782 1145 96 22 Ständer
899 1145 70 28 nådig

414 1181 134 27 proposition
563 1188 34 15 om
611 1181 71 22 sådan
697 1179 99 29 ändring
810 1179 9 22 i
829 1179 139 29 legostadgan

417 1215 27 28 af
456 1215 40 22 den
516 1215 32 21 30
564 1215 97 22 Januart
675 1215 60 22 1865
748 1215 57 22 samt
818 1214 10 22 i
842 1213 125 29 förordnin-

416 1256 41 21 gen
474 1257 33 14 om
524 1249 145 28 näringarna,
689 1249 27 28 af
729 1249 43 22 den
787 1249 27 21 31
828 1248 63 22 Mars
905 1247 63 28 1879,

416 1286 32 19 att
468 1284 144 28 innehafvare
634 1284 27 28 af
679 1283 108 23 värdshus
808 1283 38 22 och
864 1282 104 23 uiskänk-

415 1318 149 29 ningsställen,
580 1319 41 22 där
639 1317 144 30 rusgifvande
798 1317 90 28 drycker
901 1324 67 15 serve-

415 1359 43 20 ras,
476 1353 45 22 icke
537 1353 58 28 finge
609 1353 9 22 i
633 1353 36 22 sin
683 1352 79 22 rörelse
777 1351 104 23 använda
898 1352 70 21 såsom

416 1387 108 28 betjening
541 1388 119 27 ynglingar
675 1387 50 22 eller
740 1386 81 28 flickor,
836 1386 73 22 hvilka
923 1386 45 21 icke

414 1421 43 28 fylt
470 1422 26 21 21
514 1422 32 27 år,
565 1422 52 21 dock
634 1422 47 21 med
699 1421 84 22 sådant
799 1420 122 28 undantag,
937 1421 32 21 att

415 1455 41 23 där
470 1456 119 28 föräldrars
605 1456 48 22 eller
663 1456 120 22 mälsmäns
792 1455 111 28 skriftliga
912 1461 55 15 sam-

415 1491 58 28 tycke
494 1490 75 22 härtill
589 1491 117 28 utvärkats,
729 1489 137 28 minderårig
888 1495 79 21 person
