1067 1725
391 161 139 23 Reservation
548 161 36 23 N:o
599 162 15 22 1.
868 163 12 19 9

131 236 78 19 utsatta
229 236 32 18 att
281 240 39 22 ega
341 240 47 14 rum
410 240 26 14 en
457 232 55 29 gång
532 233 8 21 i
556 232 90 27 veckan,
661 233 8 21 i
684 232 65 22 andra
765 232 38 22 fall
819 233 63 21 hvar-

131 276 69 15 annan
215 268 69 23 vecka
299 268 53 22 eller
367 276 27 14 en
408 268 57 29 gång
480 269 7 20 i
503 268 111 21 månaden.
630 281 28 3 —

202 305 77 22 Denna
298 304 155 29 inskränkning
469 304 69 21 skulle
554 304 135 29 följaktligen
706 304 71 26 kunna
793 305 90 21 omfatta

131 341 54 21 ända
207 341 34 21 till
261 341 28 21 52
310 340 71 29 dagar,
402 340 52 21 eller
474 340 156 29 sammanlagdt
650 339 49 22 med
720 340 27 22 de
767 340 68 29 öfriga
855 341 27 20 20

131 377 92 28 dagarne
239 383 18 15 c.
275 377 26 20 70
318 375 71 30 dagar.

202 412 35 21 Då
253 419 28 14 nu
297 412 66 21 redan
379 413 46 20 sön-
442 411 40 22 och
497 411 144 29 helgdagarne
657 412 32 21 till
706 414 31 19 ett
752 412 57 21 antal
820 412 23 21 af
855 413 26 20 63

131 450 36 19 äro
183 447 142 29 undantagna,
343 447 69 22 skulle
428 447 182 28 inskränkningen
626 447 50 22 med
693 449 26 20 70
736 447 65 29 dagar
817 447 66 22 träffa

132 483 135 22 återstående
283 484 42 21 300
342 483 22 21 af
380 483 56 22 årets
452 483 66 29 dagar
533 483 52 22 eller
600 483 90 22 omfatta
705 484 8 21 i
728 483 37 22 det
777 485 106 20 närmaste

132 521 27 20 25
182 520 28 28 %/
232 519 22 22 af
274 519 114 22 desamma.
418 519 53 22 Men
492 520 52 20 enär
564 519 63 21 dessa
650 519 66 29 dagar
733 519 70 22 tillika
823 519 60 22 torde

133 563 50 15 vare
199 555 27 23 de
242 555 34 22 för
291 555 145 29 afsättningen
451 557 165 27 gynsammaste,
632 555 70 22 skulle
717 555 166 29 minskningen
871 551 15 37 i

131 592 154 28 försäljningen
306 591 119 27 säkerligen
446 592 76 28 utgöra
543 598 26 14 en
591 593 57 19 ännu
669 593 68 19 större
757 594 90 26 procent
862 590 23 22 af

131 628 42 21 den
189 627 124 22 nuvarande
329 628 163 28 omsättningen.

202 662 127 22 Tuförandet
354 662 23 22 af
399 662 180 30 inskränkningar
602 664 7 20 i
632 662 70 22 denna
729 662 150 29 utsträckning

131 699 74 22 hvilka
225 699 112 28 äfventyra
357 698 36 22 det
413 698 97 22 enskilda
530 698 87 29 kapital,
636 706 46 14 som
698 698 33 22 för
746 695 139 26 närvarande

131 734 68 22 under
219 734 71 29 skydd
305 734 23 22 af
342 734 99 29 gällande
457 734 40 29 lag,
512 734 100 29 nedlagts
628 735 57 21 inom
702 734 70 22 denna
789 735 94 27 närings-

131 778 58 21 gren,
209 770 73 22 blefve
302 770 73 22 därför
395 771 7 20 i
422 770 77 29 många
521 770 38 21 fall
576 770 102 29 liktydigt
693 770 50 22 med
759 770 126 29 egendoms-

132 806 152 22 konfiskation.
301 819 28 3 —

203 842 75 29 Enligt
297 841 67 22 andra
385 844 115 19 momentet
521 842 7 20 i
549 842 118 21 utskottets
683 842 62 27 kläm,
762 842 69 21 skulle
847 841 37 22 det

132 878 23 21 af
170 879 166 28 petitionärerna
351 877 126 22 framstälda
493 877 103 29 förslaget
611 877 124 22 modifieras
752 877 87 27 därhän,
855 881 30 18 att

132 913 103 22 förbudet
254 913 49 22 icke
323 914 58 28 finge
399 913 87 29 generel
504 913 59 22 kraft
582 913 109 22 träffande
707 913 40 22 alla
763 913 123 30 bryggerier

132 950 7 21 i
155 949 78 27 landet,
248 957 48 14 men
315 952 32 19 att
361 949 14 22 å
389 949 139 28 länestyrelse
544 949 114 22 ankomme
673 952 32 19 att
720 949 119 22 bestämma
851 957 34 14 om

133 985 41 22 och
189 987 40 20 när
244 985 34 22 för
293 988 32 19 ett
335 985 55 22 visst
400 984 99 29 bryggeri
510 985 64 22 dessa
585 985 148 28 stipulationer
743 985 70 22 skulle
823 985 62 22 träda

132 1022 8 20 i
155 1021 144 22 värksamhet.

205 1057 67 22 Detta
291 1057 103 22 innebure
416 1056 33 27 då,
465 1059 32 19 att
512 1056 134 22 förbemälda
662 1056 225 29 egendomskonfiska-

133 1093 101 22 tionsrätt
249 1093 73 22 blefve
338 1093 139 28 länestyrelse
492 1092 104 27 tilldelad,
614 1100 26 14 en
655 1093 84 28 princip
754 1092 131 29 fullkomligt

132 1128 134 22 främmande
281 1128 36 22 för
332 1128 48 22 vårt
395 1127 62 22 lands
473 1127 141 30 lagstiftning.
630 1141 28 2 —

204 1164 33 22 På
251 1164 69 29 grund
336 1164 23 22 af
374 1164 57 22 hvad
448 1164 23 21 vi
486 1164 39 21 här
541 1164 66 22 ofvan
624 1164 71 21 anfört
711 1164 71 21 kunna
799 1164 22 21 vi
836 1163 48 22 icke

132 1200 85 22 biträda
237 1200 66 22 andra
323 1202 117 19 momentet
461 1200 7 20 i
489 1199 117 22 utskottets
629 1200 86 29 förslag,
737 1203 52 19 utan
805 1199 22 21 få
843 1200 21 21 vi
880 1200 8 20 i

133 1236 72 22 Stället
221 1236 110 22 vördsamt
346 1235 88 22 föreslå:

418 1303 33 19 att
479 1302 125 21 Ständerna
627 1302 50 21 ville
698 1302 93 28 omfatta
812 1302 76 20 endast

348 1338 35 20 det
397 1337 72 27 första
484 1339 122 19 momentet.

204 1414 36 21 Då
261 1415 23 21 vi
305 1413 68 22 tillika
393 1414 59 21 inom
475 1414 107 22 utskottet
601 1414 106 22 företrädt
721 1414 42 21 den
779 1413 63 27 åsikt,
857 1416 32 19 att

133 1449 38 22 det
186 1449 82 29 kapital
284 1457 46 14 som
345 1449 99 29 nedlagts
461 1451 32 20 uti
508 1449 165 28 ifrågavarande
688 1450 145 28 näringsgren,
846 1449 43 22 lik-

205 1491 207 18 Ekonomiutskottets
428 1491 128 18 betänkande
568 1491 39 18 N:o
621 1491 18 18 8.
