1070 1745
198 177 14 20 8
394 177 280 24 Petitionsbetänkande
690 178 47 23 N:o
752 178 36 23 13.

198 239 103 22 behälles
319 241 37 21 det
375 241 7 20 i
402 241 128 21 sistnämda
552 241 135 27 förordning
702 241 109 27 stadgade
831 241 124 28 undantag,

199 274 70 27 enligt
285 275 87 21 hvilket
387 275 179 28 departementet
581 275 35 21 för
626 275 78 28 hvarje
716 276 39 20 fall
767 281 52 21 eger
829 275 128 22 bestämma

198 309 31 27 på
251 309 141 21 hvilketdera
419 310 92 27 språket
533 309 130 28 expedition
688 310 59 21 skall
772 309 97 27 affattas,
896 310 60 21 dock

198 343 54 21 med
272 343 81 22 sådant
372 344 83 27 tillägg,
471 346 32 19 att
524 344 79 27 hvarje
623 344 34 21 till
678 344 109 27 sakegare
807 344 30 27 på
857 344 99 21 svenska

199 377 93 27 språket
319 378 105 21 utfärdad
448 378 138 28 expedition,
607 378 49 21 däri
682 379 38 20 vid
746 379 61 26 lägre
832 379 45 20 rätt
901 379 53 20 eller

198 411 135 27 myndighet
348 413 75 20 finska
438 413 131 26 begagnats,
586 413 58 20 skall
656 413 90 27 åtföljas
758 413 25 20 af
792 412 164 26 öfversättning

198 446 34 20 till
248 446 61 21 detta
324 447 75 27 språk.
424 447 67 21 Hvad
505 447 109 21 beträffar
629 447 27 21 de
672 447 51 21 från
739 446 110 21 Senatens
865 446 91 21 Ekono-

198 480 202 27 miedepartement
420 481 111 27 utgående
551 481 157 27 expeditioner
730 481 122 21 föreskrefs
873 486 82 21 genom

198 520 28 15 en
243 515 98 20 särskild
356 515 44 21 den
416 516 28 20 26
458 516 97 20 Januari
573 516 53 20 1885
643 515 107 21 utfärdad
765 516 144 26 kungörelse,
924 517 32 19 att

198 548 79 28 hvarje
300 549 29 27 på
351 550 98 20 svenska
469 550 92 27 språket
580 550 33 20 till
634 550 109 26 sakegare
763 549 112 27 utgående
891 556 64 20 expe-

198 582 74 22 dition
298 584 57 20 skall
380 584 89 27 åtföljas
493 584 24 20 af
537 584 62 21 finsk
621 584 172 26 öfversättning,
816 584 7 20 i
845 584 109 21 händelse

198 617 60 26 lägre
274 618 145 26 myndighets
435 618 130 28 expedition
582 618 7 21 i
605 625 89 14 samma
710 618 84 21 ärende
810 618 59 21 varit
883 618 72 20 antin-

198 656 42 21 gen
262 652 94 20 affattad
376 652 30 28 på
427 653 75 20 finska
526 653 53 20 eller
600 652 92 22 försedd
720 652 53 21 med
792 652 164 27 öfversättning

198 685 33 21 till
251 685 61 21 detta
328 686 75 28 språk,
419 689 59 19 samt
494 694 39 14 om
549 687 93 21 ärendet
658 687 6 20 i
680 686 188 27 ansökningsväg
878 686 33 21 till
919 686 36 21 de-

198 722 150 24 partementet
362 721 124 21 inkommit
504 722 44 20 och
564 721 51 26 den,
632 728 49 14 som
698 721 59 27 gjort
772 720 129 22 detsamma
917 728 38 14 an-

197 754 101 26 hängigt,
313 754 81 21 därvid
409 755 112 27 begagnat
536 756 75 20 finska
628 756 97 26 språket.

267 788 108 28 Samtliga
402 790 199 27 ofvanäberopade
628 790 161 26 författningar
815 790 44 20 och
881 789 71 27 öfriga

196 822 151 26 tillgöranden
364 824 68 20 hafva
448 824 65 20 afsett
528 824 179 26 genomförande
723 824 26 20 af
762 824 44 20 den
822 823 7 21 i
847 824 54 20 1863
916 823 36 21 års

197 856 134 27 förordning
346 858 115 20 utlofvade
477 858 147 26 likställighet
639 858 143 20 beträffande
797 858 77 20 finska
889 864 64 20 expe-

196 889 111 22 ditioners
322 891 135 22 utfärdande
473 892 50 20 från
535 892 127 21 domstolar
675 892 44 21 och
732 891 155 26 ämbetsvärk,
900 898 52 14 men

196 924 105 21 däremot
320 925 49 21 icke
388 925 75 22 berört
481 926 98 21 svenska
595 926 44 21 och
654 926 76 21 finska
747 925 112 28 språkens
875 925 78 27 begag-

196 959 77 20 nande
289 959 37 21 vid
342 960 126 21 ärendenas
485 960 141 27 behandling
641 960 64 21 inom
721 960 177 21 ämbetsvärken
909 960 44 21 och

196 992 7 21 i
224 993 45 20 den
290 993 104 21 officiella
416 994 193 27 skriftväxlingen.
642 995 36 20 Uti
704 994 140 21 nästnämda
867 993 85 22 förord-

196 1027 56 26 ning
268 1027 90 27 stadgas
373 1029 97 20 tvärtom
487 1029 6 20 i
509 1028 61 21 detta
583 1028 112 27 afseende,
707 1030 33 19 att
751 1028 99 21 svenska
862 1027 92 28 språket

196 1061 139 22 fortfarande
354 1062 115 21 förblifver
484 1062 89 21 landets
589 1062 106 21 officiella
711 1062 77 27 språk.
820 1061 132 22 Emellertid

196 1095 136 22 emanerade
348 1096 44 21 den
409 1098 25 20 18
454 1098 29 26 (6)
500 1098 61 20 Mars
579 1098 53 20 1886
648 1097 27 21 H.
693 1097 25 21 K.
736 1096 117 27 Majestäts
869 1095 83 27 nådiga

195 1130 105 27 reskript,
316 1130 49 20 däri
381 1130 6 21 i
404 1131 70 21 nåder
489 1131 185 26 tillkännagifves
686 1134 32 18 att
732 1130 107 27 samtliga
851 1130 102 27 styrelse-

196 1164 44 20 och
262 1164 146 21 ämbetsvärk
429 1168 59 18 samt
509 1165 159 27 myndigheter
687 1166 7 20 i
715 1165 80 21 landet
817 1165 83 21 tillåtes
922 1167 31 18 att

195 1197 38 21 vid
254 1198 126 22 ärendenas
400 1199 140 27 behandling
558 1200 66 20 och
613 1193 15 38 i
644 1200 45 20 den
706 1199 109 22 officiella
835 1198 118 22 skriftväx-

195 1231 77 27 lingen
288 1232 101 27 begagna
405 1233 63 21 såväl
483 1234 99 20 svenska
598 1240 50 14 som
664 1234 77 20 finska
757 1233 98 27 språket.

265 1266 9 20 I
290 1266 164 28 hufvudsaklig
468 1268 236 20 öfverensstämmelse
720 1267 54 21 med
790 1269 31 19 ett
836 1267 25 21 af
874 1274 28 14 en
913 1267 40 21 mi-

194 1299 84 21 noritet
293 1300 8 20 i
317 1300 122 27 Kejserliga
455 1301 97 21 Senaten
567 1302 92 26 afgifvet
674 1302 86 25 förslag
770 1301 122 21 föreskrefs
903 1301 48 20 där-

194 1333 56 21 efter
264 1339 82 21 genom
362 1335 83 26 nådiga
460 1335 52 21 bref
525 1335 43 21 den
584 1336 13 20 4
612 1336 64 27 April
690 1337 54 20 1887
757 1335 34 21 till
804 1335 148 27 hofrätterna,

194 1367 264 28 öfverkrigsdomstolen,
479 1369 172 21 befälhafvaren
673 1370 35 21 för
730 1369 77 21 finska
831 1369 121 27 militären,

194 1401 107 27 samtliga
315 1404 144 25 guvernörer,
475 1403 161 27 universitetet,
652 1403 160 28 domkapitlen
829 1410 30 14 m.
873 1403 22 20 fl.
909 1405 43 26 sty-

193 1435 116 22 relsevärk
330 1437 44 20 och
396 1437 158 27 myndigheter
573 1437 8 21 i
602 1438 105 21 afseende
730 1438 14 20 å
763 1437 148 28 tillämpning
930 1437 25 21 af

193 1469 135 22 förenämda
344 1471 84 26 nådiga
443 1471 106 28 reskript:
567 1473 32 19 att
611 1472 45 21 alla
671 1472 86 26 lokala,
770 1472 61 26 lägre
850 1471 102 28 myndig-
