1056 1736
204 158 13 20 2

177 221 6 19 i
202 221 96 20 händelse
320 221 65 20 banan
406 222 55 20 ledes
485 223 30 19 till
536 223 96 24 Ingerois,
649 223 49 18 eller
712 222 45 19 med
772 221 93 24 400,0C0
880 221 56 20 mark

178 255 30 14 om
232 250 38 19 den
292 250 55 19 ledes
371 250 30 20 till
423 251 110 23 Tavastila,
553 253 30 18 att
604 252 6 18 i
634 251 99 19 särskilda
754 253 69 22 poster
838 250 97 20 utbetalas

177 279 63 18 under
257 279 69 23 loppet
342 279 21 19 af
376 285 24 13 en
415 279 69 25 längre
500 280 37 23 tid,
553 280 137 19 hvarförutom
706 279 70 19 staden
792 279 102 19 förbundit
906 279 30 23 sig

176 309 31 17 att
227 307 142 20 kostnadsfritt
387 308 82 24 uppläta
484 308 27 20 all
526 308 31 20 för
573 308 114 20 ändamälet
701 307 93 24 behöflig,
810 308 69 19 staden
895 308 40 18 till-

175 336 58 24 hörig
248 336 62 20 mark.

245 365 9 19 I
277 365 94 19 händelse
391 365 88 19 anbudet
501 371 32 13 om
553 366 79 24 garanti
652 365 32 19 för
703 370 24 14 en
749 365 115 25 nettovinst,
886 367 49 17 mot-

176 393 98 19 svarande
292 396 58 17 ränta
365 394 26 24 pä
409 394 34 19 det
457 394 100 24 nedlagda
571 394 106 25 kapitalet,
692 396 89 23 antages,
797 393 63 19 skulle
876 396 59 16 stats-

176 422 70 19 verket
269 422 53 24 icke,
341 422 118 20 åtminstone
475 423 63 19 under
554 424 24 18 de
594 424 64 18 första
674 422 27 20 10
717 422 54 24 åren,
787 422 85 19 behöfva
886 424 50 22 göra

176 450 63 24 några
263 451 141 24 uppoffringar,
427 457 46 13 vare
495 452 30 24 sig
547 452 30 19 för
598 452 75 19 banans
689 451 135 19 trafikerande
841 451 49 20 eller
904 450 32 20 för

176 479 124 20 betäckande
323 479 22 20 af
365 482 95 18 räntorna
481 480 26 24 pä
523 480 233 24 anläggningskapitalet.
787 479 9 19 I
812 480 59 23 ingen
887 480 48 19 hän-

177 508 55 19 delse
256 514 46 14 vore
326 509 34 19 det
378 509 77 19 säledes
471 508 31 20 för
517 509 124 19 statsverket
656 511 117 22 ogynnsamt
789 510 30 17 att
833 508 102 24 öfvertaga

176 536 76 20 banans
275 537 102 24 byggande
397 538 44 18 med
465 538 37 19 den
518 538 78 24 garanti
611 538 71 19 staden
698 537 155 19 Fredrikshamn
869 537 65 24 erbju-

176 566 37 19 dit.
242 566 45 19 Den
309 566 29 19 till
353 566 109 24 petitionen
477 567 7 18 i
503 566 166 25 borgareständet
686 566 91 23 bifogade
793 566 141 19 rentabilitets-

176 593 102 26 kalkylen,
300 600 30 13 om
345 594 80 20 hvilken
439 595 34 24 jag
489 596 50 23 tagit
554 595 119 23 kännedom,
688 595 77 18 utvisar
779 595 104 22 nemligen,
898 596 36 21 att,

177 623 62 24 enligt
254 623 36 19 allt
304 623 52 19 hvad
372 628 43 15 man
430 623 39 20 kan
486 623 82 24 förutse,
584 623 84 20 trafiken
684 623 63 20 redan
763 623 63 19 under
841 623 38 19 den
893 622 40 19 för-

176 654 30 17 sta
228 651 56 20 tiden
305 652 88 19 kommer
413 655 29 16 att
457 652 53 24 gifva
525 653 58 20 vinst.
614 652 41 20 Och
671 653 64 18 under
750 651 69 25 loppet
835 651 21 20 af
871 651 26 20 10
912 651 22 19 är

177 680 63 19 måste
266 681 150 24 nödvändigtvis
440 681 84 20 trafiken
547 681 99 24 betydligt
667 681 82 19 tillväxa
772 681 26 24 pä
819 686 24 13 en
859 682 37 22 ort,
912 680 22 19 sä

176 711 39 17 tätt
230 709 95 20 befolkad
340 715 40 14 som
396 709 151 24 ifrägavarande
563 710 55 19 trakt
633 712 29 17 är.

245 738 59 19 Emot
325 739 38 18 den
386 738 22 20 af
429 739 38 24 mig
491 739 117 19 omnämnda
631 737 230 24 rentabilitetskalkylen
876 737 57 20 torde

176 766 38 19 den
237 767 130 24 anmärkning
387 767 67 20 kunna
476 769 65 24 göras,
557 769 30 18 att
601 767 82 20 Ruotila
699 767 59 23 länga
773 766 37 20 och
826 767 51 23 höga
891 766 42 19 fors

176 795 30 19 als
228 795 44 20 icke
296 796 59 23 tagits
370 797 45 18 med
439 797 6 18 i
460 797 110 23 räkningen
585 797 33 18 vid
634 796 129 19 beräknande
779 795 22 19 af
815 795 38 20 den
868 795 65 23 trafik,

176 829 42 14 som
236 824 40 19 kan
292 827 84 16 emotses
399 825 12 19 &
431 825 172 24 Ingerois-banan.
633 825 72 19 Denna
723 824 42 19 fors
780 826 23 17 är
818 824 115 23 visserligen

175 852 83 24 belägen
281 853 25 23 pä
324 852 12 20 9
352 853 114 19 kilometers
482 853 79 19 afständ
574 853 45 19 frän
634 854 39 18 den
689 853 117 23 föreslagna
819 853 114 23 jernvägen.

174 880 47 20 Men
244 881 147 24 otvifvelaktigt
409 884 29 23 är,
453 884 31 17 att
499 888 31 14 om
545 888 25 13 en
583 882 85 24 jernväg
681 882 88 19 kommer
785 882 30 18 till
831 881 64 23 ständ,
911 880 22 20 sä

175 910 89 19 kommer
280 910 56 19 detta
350 910 103 20 vattenfall
469 913 29 17 att
513 912 57 23 tagas
585 911 6 18 i
607 911 112 19 industrins
735 910 62 24 tjenst
809 910 38 19 och
857 910 26 19 dä
893 909 40 19 till-

175 938 54 19 föres
245 938 65 20 banan
326 939 113 24 derigenom
455 942 28 16 ett
499 942 40 17 rätt
553 940 100 25 betydligt
668 939 94 19 tillskott.

243 967 127 20 Hänvisande
393 968 30 19 till
445 968 52 19 hvad
517 969 34 23 jag
573 968 38 19 här
626 968 59 20 ofvan
700 968 44 19 haft
759 970 48 17 äran
823 966 110 24 framhälla,

175 996 35 19 ber
228 996 36 24 jag
286 998 30 17 att
337 996 26 24 pä
385 997 52 19 mina
459 997 158 19 kommittenters
637 999 75 21 vägnar
727 996 114 24 ödmjukast
856 996 78 19 anhälla

176 1030 30 14 om
227 1025 34 19 det
276 1024 123 20 hedervärda
423 1025 160 20 Bondeständets
604 1026 121 19 medverkan
749 1024 31 20 till
804 1030 24 14 en
850 1024 84 24 petition

174 1054 74 19 derom:

381 1096 27 18 att
429 1100 24 14 en
476 1094 69 20 bibana
568 1095 81 19 emellan
668 1094 155 20 Fredrikshamn
842 1092 43 20 stad
899 1092 34 20 och

313 1123 86 25 Ingerois
417 1123 71 20 station
502 1123 30 25 pä
547 1122 186 21 Kotka
629 1117 10 35 —
650 1122 83 21 Kouvola
747 1123 66 19 banan
827 1121 59 20 måtte
900 1121 33 25 för

316 1152 125 19 Statsverkeis
455 1152 85 25 räkning
555 1152 75 25 byggas,
646 1152 44 19 eller
705 1157 33 14 om
753 1150 67 20 härtill
829 1150 18 25 ej
857 1150 38 19 kan
905 1150 28 19 bi-

312 1180 67 25 fallas,
401 1182 28 17 att
449 1180 118 20 åtminstone
584 1187 24 13 en
618 1180 84 26 jernväg
717 1179 49 26 från
780 1178 153 20 Fredrikshamn

313 1208 31 19 till
364 1209 94 19 Tavastila
475 1209 44 19 med
536 1209 29 19 det
584 1210 88 18 snaraste
689 1208 61 19 måtte
769 1208 71 25 byggas
854 1206 43 20 med
911 1206 24 25 af

316 1237 109 20 Ständerna
439 1237 65 25 derför
518 1237 91 20 anvisade
624 1237 65 20 medel.

244 1294 124 25 Helsingfors
384 1293 38 22 den
438 1294 13 19 6
467 1294 96 20 Februari
579 1293 62 21 1897.

686 1356 18 23 K.
721 1355 20 24 V.
757 1355 107 24 Heliström.

284 1466 131 24 Helsingfors
429 1466 49 18 1897.
502 1465 130 24 Helsingfors
646 1452 179 40 Centraltryckeri.
