1092 1734
443 135 79 21 Motion.

103 198 54 21 Ridd.
172 199 37 20 och
225 198 68 21 Adeln.
792 197 33 22 N:o
840 197 20 21 6.

212 433 46 19 Till
273 433 135 24 Höglofliga
423 433 177 24 Ridderskapet
616 433 42 20 och
673 420 81 32 Adeln.

448 491 105 19 Vördsamt
564 491 100 19 memorial
674 490 134 19 innefattande
818 495 41 14 mo-

379 519 42 19 tion
443 519 100 24 angående
564 519 141 24 inskränkning
727 519 6 18 i
753 519 53 19 vissa
824 518 36 19 fall

380 548 22 19 af
422 548 81 19 handels
525 547 128 20 bedrifvande
676 553 68 19 genom
759 548 49 19 barn
823 547 37 19 och

381 577 102 24 omyndiga
498 583 98 18 personer.

174 628 9 18 I
205 627 57 24 fråga
284 633 30 14 om
337 629 33 18 det
392 629 127 23 uppväxande
534 629 80 23 slägtets
630 628 48 19 vård
693 627 37 20 och
744 627 116 24 uppfostran

106 659 49 16 samt
173 656 44 22 dess
233 656 114 24 skyddande
362 659 41 17 mot
417 657 90 23 skadliga
521 656 107 24 inflytelser
643 656 36 19 bör
694 656 53 19 såväl
762 654 98 25 lagstifta-

106 691 33 13 ren
162 690 41 14 som
225 685 172 24 ordningsmakten
412 686 6 18 i
433 685 106 19 allmänhet
552 686 64 23 bygga
630 685 27 24 på
672 685 37 19 den
724 684 137 20 förutsättnin-

106 720 42 17 gen,
170 716 31 16 att
222 712 98 20 föräldrar
343 714 36 19 och
401 714 95 19 målsmän
511 714 64 19 känna
590 714 34 19 sitt
639 719 71 14 ansvar
724 713 36 19 och
776 712 85 24 fullgöra

106 742 29 18 sin
157 742 50 24 pligt
229 742 6 18 i
257 742 55 20 detta
333 742 117 20 hänseende.
481 743 46 19 Men
548 745 36 17 när
606 743 64 18 denna
687 742 50 24 pligt
752 741 110 24 uppenbart

106 771 117 19 äsidosättes
242 771 36 19 och
292 771 74 19 barnen
381 772 92 23 antingen
489 772 71 18 lemnas
576 771 46 19 vind
636 770 31 20 för
682 770 42 24 våg,
741 772 74 17 utsatta
830 769 31 19 för

106 800 74 23 fysiska
202 799 37 19 och
261 800 106 19 moraliska
389 800 67 24 vådor,
479 800 47 18 eller
546 802 47 17 utan
607 800 79 23 hänsigt
700 799 30 19 till
746 799 56 19 deras
817 800 45 22 eget

106 828 31 19 väl
158 829 115 23 ansträngas
296 828 44 19 med
355 828 159 24 förvärfsarbete,
530 834 40 13 som
585 828 107 24 överstiger
707 828 56 19 deras
779 826 81 24 krafter,

107 856 25 19 då
147 856 66 20 tillhör
228 857 33 19 det
276 857 49 22 dem,
341 862 40 15 som
397 857 44 20 leda
457 857 110 20 samhällets
582 856 170 25 angelägenheter,
768 858 30 17 att
812 861 50 18 egna

106 886 74 19 barnen
203 885 37 19 den
262 886 120 19 omvårdnad
404 886 36 19 och
457 887 32 18 det
503 886 88 24 beskydd
605 885 71 20 hvaraf
690 885 23 20 de
729 885 59 19 hafva
802 883 60 20 behof

107 914 31 19 för
160 916 29 17 att
211 915 66 18 kunna
298 914 61 20 blifva
376 915 81 24 värdiga
472 915 124 19 medlemmar
611 914 21 19 af
647 914 107 19 samhället.
785 913 77 19 Sådana

108 943 119 24 synpunkter
241 943 59 19 hafva
315 943 52 24 gjort
381 943 30 24 sig
425 944 90 23 gällande
531 943 24 19 då
570 946 14 17 t.
600 949 30 13 ex.
648 943 36 18 den
700 943 35 23 tid,
751 941 111 20 hvarunder

108 972 48 18 barn
180 971 21 19 få
223 972 99 19 användas
342 973 6 18 i
363 972 113 19 industrielt
491 972 73 23 arbete,
578 971 67 20 blifvit
659 976 68 19 genom
743 971 72 24 lagbud
829 970 33 19 be-

108 1000 85 24 gränsad
207 1000 37 19 och
258 1001 112 23 inspektion
385 1000 66 20 blifvit
465 1001 101 19 anordnad
580 1000 32 19 för
626 1003 36 20 att,
673 1002 53 17 utom
737 1001 66 22 annat,
814 1005 49 18 upp-

108 1028 93 19 rätthålla
216 1029 143 20 efterlefnaden
373 1029 22 19 af
409 1029 58 19 dessa
481 1029 77 24 lagbud.

177 1057 143 24 Näringslagen
341 1058 109 19 innehåller
472 1058 7 19 i
501 1058 10 25 $
529 1058 11 19 5
556 1058 33 19 det
604 1057 107 24 stadgande
726 1059 30 17 att
771 1062 23 13 en
809 1055 54 24 hvar,

109 1088 47 16 utan
170 1085 65 25 någon
250 1086 119 24 föregående
383 1086 91 20 anmälan
489 1086 34 20 hos
538 1086 119 24 myndighet,
673 1091 46 18 eger
734 1086 40 18 rätt
788 1086 30 17 att
832 1086 31 17 ut-

109 1114 45 19 öfva
169 1113 64 25 lofligt
247 1115 134 23 näringsyrke,
397 1115 25 19 då
438 1115 33 19 det
485 1116 46 18 sker
545 1117 47 17 utan
607 1116 60 18 annat
682 1113 142 20 arbetsbiträde
839 1114 24 18 än

109 1143 69 19 hustru
193 1143 36 19 och
244 1143 101 25 omyndiga
360 1144 55 23 barn,
431 1146 50 17 samt
495 1146 29 17 att
539 1150 24 12 en
577 1144 55 22 hvar,
648 1142 56 20 äfven
720 1142 34 20 den
769 1147 40 14 som
823 1141 41 19 icke

110 1171 57 19 råder
189 1172 54 23 öfver
264 1172 29 24 sig
316 1172 33 19 och
371 1172 28 20 sin
425 1172 94 24 egendom,
534 1172 36 19 har
585 1171 93 25 rättighet
693 1171 30 19 till
738 1170 126 24 sjelfförsörj-

110 1200 51 24 ning.
191 1200 61 20 Detta
267 1201 114 23 stadgande,
397 1206 41 14 som
452 1200 45 20 från
512 1201 38 19 alla
564 1200 146 20 inskränkande
723 1200 52 19 band
786 1198 79 24 frigjort

110 1229 37 19 den
168 1229 99 24 naturliga
288 1229 119 24 rättigheten
429 1232 30 16 att
480 1235 68 19 genom
570 1229 59 24 ärligt
648 1228 67 20 arbete
729 1228 86 24 förtjena
830 1227 35 19 sitt

110 1258 55 23 bröd,
187 1260 58 21 utgör
267 1264 24 13 en
314 1258 22 19 så
350 1258 61 24 vigtig
425 1258 126 19 beståndsdel
566 1258 22 19 af
600 1256 142 25 näringsfrihet
756 1258 30 18 att
800 1255 64 25 någon

110 1286 93 24 återgång
217 1286 45 19 från
278 1286 107 20 detsamma
399 1287 32 19 väl
446 1287 63 24 aldrig
525 1286 50 20 skall
589 1287 77 18 komma
680 1286 7 18 i
703 1285 62 24 fråga.

178 1315 115 19 Emellertid
307 1314 60 20 hafva
381 1315 26 24 på
421 1316 38 18 den
475 1317 76 17 senaste
565 1315 54 19 tiden
636 1314 115 19 åtminstone
766 1314 7 18 i
788 1312 77 20 landets

110 1342 118 20 hufvudstad
250 1343 184 20 missförhållanden
450 1344 94 24 uppstått,
560 1349 41 13 som
615 1342 125 25 lagstiftaren
754 1341 110 24 säkerligen

110 1372 44 19 icke
168 1371 44 20 haft
227 1372 6 19 i
249 1372 56 24 sigte,
319 1378 44 13 men
379 1372 66 20 hvilka
459 1373 44 19 med
517 1373 84 23 verkligt
616 1372 47 19 eller
678 1371 94 19 skenbart
786 1370 45 19 stöd
844 1369 22 19 af

111 1402 62 22 lagen,
195 1400 95 25 framgått
312 1407 24 13 ur
351 1401 37 19 den
403 1401 134 24 obegränsade
552 1400 245 24 sjelfförsörjningsrätten.
827 1398 38 24 Jag

111 1429 62 24 syftar
187 1429 80 19 härmed
283 1429 26 25 på
324 1430 37 18 den
376 1430 71 19 handel
463 1436 40 13 som
518 1429 21 20 af
552 1430 49 19 barn
616 1428 98 20 bedrifves
730 1428 25 25 på
770 1431 44 20 torg
828 1426 38 20 och
