1070 1742
293 159 277 22 Petitionsbetänkande
586 158 44 23 N:o
647 159 33 22 17.
857 161 11 19 3

192 232 34 21 De
247 231 63 21 fakta
331 238 45 14 som
397 232 25 20 år
447 233 54 19 1891
523 237 52 16 voro
591 231 74 21 kända
681 231 40 21 och
737 230 135 27 åberopades

121 267 138 22 beträffande.
278 267 170 21 tuberkulosens
464 266 123 22 förekomst
602 267 8 21 i
626 267 51 22 vårt
692 266 51 22 land
760 266 39 22 och
815 266 57 22 med-

121 304 37 21 len
182 303 34 21 för
236 303 52 21 dess
309 302 151 27 bekämpande
482 304 59 26 gälla
560 302 143 22 fortfarande.
734 302 93 28 Altjämt
847 304 25 19 är

122 339 71 22 denna
209 339 100 27 sjukdom
326 338 42 22 den
385 340 56 20 mest
456 338 141 25 förhärjande
613 338 25 21 af
651 338 52 26 alla;
720 338 70 27 enligt
806 337 65 22 offici-

122 375 43 21 ella
185 374 113 28 uppgifter
314 374 35 22 för
365 374 25 21 år
408 376 62 25 1894,
488 374 26 22 de
531 376 88 20 senaste
635 380 45 16 som
692 374 55 21 stått
757 374 116 21 Utskottet

121 411 36 21 till
172 411 63 27 buds,
252 411 28 21 ha
290 410 49 22 icke
350 410 84 22 mindre
446 412 27 20 än
488 412 52 26 13,45
552 413 91 24 procent
654 410 25 21 af
687 410 101 27 samtliga
801 410 7 20 i
819 409 53 21 Fin-

122 447 51 21 land
194 446 81 22 timade
297 446 95 22 dödsfall
411 446 80 22 vållats
508 446 24 21 af
548 447 94 26 lungsot.
675 446 46 21 Och
737 446 6 20 i
760 446 63 26 fråga
839 452 34 14 om

122 482 92 28 skydds-
231 482 40 22 och
287 482 137 22 botemedlen
435 481 61 28 gifva
506 482 166 26 vetenskapens
684 484 40 19 rön
735 481 138 21 fortfarande

123 524 81 16 samma
221 518 49 22 stöd
286 518 35 21 för
336 518 105 22 behofvet
457 517 24 22 af
494 518 134 21 sanatorium
645 524 44 15 som
706 517 35 22 för
752 524 38 15 sex
802 518 25 20 är
838 523 34 15 se-

123 554 48 22 dan.
187 554 36 28 Ja,
241 554 6 21 i
261 554 56 21 visst
333 553 104 22 afseende
453 554 57 21 ändå
527 556 78 24 större,
622 554 7 20 i
645 554 146 21 betraktande
802 553 24 21 af
835 553 38 21 det

123 596 156 21 ogynnsamma
294 590 118 21 resultatet
428 589 24 21 af
466 590 72 21 Kochs
555 590 37 21 vid
603 590 122 21 årtiondets
736 589 76 27 början
824 589 48 21 med

123 626 24 22 så
164 628 60 19 stora
245 625 172 27 förhoppningar
437 626 90 21 hälsade
547 626 191 26 undersökningar
759 625 114 27 angående

123 662 163 21 tuberkulinets
304 662 141 26 värkningar.
476 661 116 22 Utskottet
609 661 34 21 får
657 661 85 21 således
754 660 119 22 förutsätta

123 699 33 19 att
166 697 78 21 vikten
266 696 24 22 af
311 697 37 21 det
368 697 164 27 önskningsmål
550 697 241 26 petitionsmemorialet
807 696 65 22 fram-

123 734 40 20 bär
179 733 37 21 till
232 732 53 22 fullo
302 733 115 21 erkännes.

194 768 143 22 Beträffande
353 768 42 22 den
411 768 177 28 ständeråtgärd,
606 775 45 15 som
660 768 77 22 härvid
749 768 67 22 borde
828 768 44 21 till-

124 804 97 28 styrkas,
234 805 47 21 står
295 804 113 22 Utskottet
419 804 124 22 emellertid
554 804 49 22 icke
613 804 52 22 fullt
676 804 28 27 på
717 806 54 20 1891
784 804 36 21 års
831 804 42 21 Be-

124 840 162 22 svärsutskotts
308 840 142 26 ståndpunkt.
481 840 109 22 Behofvet
609 842 26 20 är
651 840 119 27 oafvisligt,
787 840 37 21 det
840 846 34 14 er-

124 876 84 22 kändes
230 876 27 21 då
278 876 93 21 likasom
392 883 35 20 nu,
451 883 49 15 men
517 883 49 14 man
582 876 72 22 stälde
670 876 25 21 år
714 878 62 25 1891,
793 876 7 21 i
816 874 57 23 afse-

124 912 55 21 ende
204 913 12 20 å
238 913 50 21 dess
309 911 149 28 afhjälpande,
482 913 27 26 på
529 913 87 21 enskild
639 912 173 27 företagsamhet
833 911 40 21 och

124 948 98 21 enskildt
242 949 96 20 intresse
359 948 103 28 anspråk,
480 954 45 15 som
544 948 58 22 visat
618 949 34 26 sig
667 947 131 28 ogrundade.
830 946 43 22 Sex

124 984 25 21 år
164 984 41 21 har
221 983 98 26 förflutit,
336 986 52 19 utan
405 986 32 19 att
453 984 23 21 vi
491 984 91 21 kommit
590 984 66 21 målet
667 986 105 19 närmare.
797 983 77 21 Afsikt

123 1019 63 22 torde
210 1019 139 28 visserligen,
367 1019 57 22 efter
445 1020 57 21 hvad
520 1020 114 21 Utskottet
653 1019 83 26 erfarit,
754 1019 119 22 förefinnas

123 1058 33 19 att
171 1056 37 21 vid
224 1055 222 27 Läkaresällskapets
463 1056 109 21 allmänna
588 1057 57 20 möte
662 1055 145 22 instundande
823 1055 51 22 höst

123 1091 57 27 ånyo
195 1094 53 24 taga
259 1091 78 27 frågan
353 1091 35 22 till
405 1091 42 22 tals
464 1092 39 21 och
520 1092 27 21 då
563 1091 54 22 söka
627 1091 123 27 hopbringa
761 1094 31 19 ett
804 1091 69 21 aktie-

123 1127 84 26 kapital
224 1126 24 21 af
264 1129 93 25 100,000
373 1127 70 27 mark,
460 1127 86 22 hvilket
561 1128 86 27 belopp,
662 1127 7 21 i
680 1127 105 22 händelse
797 1127 77 21 därtill

123 1163 86 21 komme
228 1165 32 19 ett
276 1163 98 22 tillskott
389 1163 25 21 af
428 1165 94 25 220,000
540 1163 63 21 mark
619 1163 6 21 i
642 1163 141 27 statsbidrag,
804 1163 70 26 enligt

124 1198 73 21 därom
220 1198 24 21 af
264 1205 26 15 en
313 1199 58 21 inom
387 1199 214 26 Läkaresällskapet
617 1199 89 21 nedsatt
722 1199 82 20 komit&
819 1205 54 20 upp-

123 1233 77 28 gjorda
220 1234 263 27 kostnadsberäkningar,
506 1234 97 27 försloge
628 1235 35 20 till
685 1234 148 27 anläggandet
852 1233 25 22 af

124 1271 32 20 ett
172 1270 133 21 sanatorium
321 1270 35 21 för
373 1271 27 20 60
417 1276 111 20 personer.
561 1270 102 21 Utsikten
680 1272 32 19 att
728 1270 23 21 få
765 1269 110 27 kapitalet

125 1305 105 22 tecknadt
246 1307 25 20 är
288 1305 55 22 dock
359 1318 30 3 —
405 1306 86 21 hvilket
507 1305 66 22 äfven
590 1312 26 15 en
633 1306 70 21 talare
719 1306 37 21 vid
769 1307 55 20 1895
836 1305 38 22 års

124 1341 136 22 läkaremöte
276 1341 102 22 framhöll
396 1354 27 3 —
440 1342 7 20 i
464 1342 43 26 hög
522 1341 55 27 grad
594 1341 147 27 tvifvelaktig.
767 1341 106 21 Erfaren-

124 1377 65 21 heten
211 1376 50 21 från
282 1377 27 21 de
331 1377 87 26 gångna
435 1383 39 15 sex
489 1377 54 21 åren
560 1377 123 27 berättigar
698 1377 49 21 icke
763 1377 34 21 till
814 1380 60 18 stora

124 1412 174 27 förhoppningar
321 1413 7 20 i
352 1413 61 20 detta
433 1413 110 26 afseende,
567 1413 39 20 och
629 1413 37 21 det
682 1413 71 26 ligger
769 1413 7 20 i
792 1412 83 21 sakens

123 1450 66 19 natur
209 1451 33 18 att
258 1448 210 27 kapitaltillgången
484 1449 39 21 hos
540 1455 42 20 oss,
600 1449 89 26 ringare
706 1449 45 20 än
742 1444 14 36 i
768 1449 26 21 de
810 1448 65 22 flesta

196 1496 108 18 Allmänna
314 1496 183 23 petilionsutskottets
510 1496 117 18 betänkande
640 1496 37 18 N:o
692 1497 23 17 11.
