1073 1736
112 196 188 29 (Öfversättning).

328 256 316 27 Petitionsmemorial.

221 321 73 28 Borg.
310 321 29 22 st.
661 320 45 23 N:o
721 320 37 23 15.

265 746 50 19 Till
330 745 147 24 Vällofliga
491 744 229 25 Borgareständet.

190 802 133 20 Omhuldadt
340 803 24 18 af
377 802 104 20 Finlands
496 802 92 20 Ständer
602 802 40 20 och
658 807 26 14 en
700 802 90 25 upplyst
803 801 65 25 Rege-

118 829 49 24 ring
190 829 39 20 har
252 829 94 20 Karelen
365 828 28 25 pä
412 834 77 15 senare
510 829 56 20 tider
584 829 70 24 börjat
672 829 76 20 hämta
767 829 34 24 sig
820 829 48 20 frän

118 856 37 20 det
169 856 145 20 ekonomiska
328 855 113 25 obestånd,
457 856 61 19 hvari
533 856 130 24 landskapet
673 856 33 19 till
716 856 52 24 följd
778 855 24 20 af
810 856 59 19 förut

119 882 115 25 begångna
252 883 101 23 misstag,
371 882 51 20 dess
436 883 107 19 isolerade
558 882 106 24 ställning
679 883 40 19 och
734 882 135 20 afsaknaden

119 910 24 19 af
160 910 112 20 väckande
291 910 101 24 exempel
410 908 69 21 räkat.
512 910 47 20 Hos
578 910 154 24 befolkningen
752 910 40 19 har
810 910 60 19 detta

119 937 95 19 intresse
232 937 34 19 för
284 937 51 19 dess
349 936 112 20 förkofran
477 937 52 19 väkt
543 936 114 20 tillförsikt
672 937 58 19 samt
743 936 127 20 framkallat

119 969 27 15 en
166 964 120 19 brinnande
305 963 55 20 ifver
379 964 33 19 att
426 964 52 23 taga
492 964 34 19 del
542 964 32 19 uti
588 964 85 19 arbetet
687 964 33 19 för
734 964 36 19 det
784 968 86 20 gemen-

119 996 87 14 samma
220 990 156 20 fosterlandets
391 990 132 24 utveckling.

192 1017 48 20 Men
255 1018 37 18 det
306 1017 91 19 oaktadt
411 1019 24 17 är
449 1018 131 23 landskapet
594 1017 94 19 Karelen
703 1019 60 17 ännu
778 1018 6 18 i
799 1017 71 20 afsak-

120 1044 42 20 nad
177 1044 23 19 af
213 1043 83 25 mänga
311 1044 6 19 i
332 1044 40 19 och
387 1044 33 19 för
434 1044 51 19 dess
500 1043 112 21 förkofran
623 1044 83 23 vigtiga
716 1044 153 26 inrättningar.

119 1071 46 19 Den
180 1071 48 19 mot
243 1071 87 23 Ladoga
348 1071 104 19 vättande
472 1071 123 19 vidsträkta
614 1071 63 19 delen
691 1071 24 19 af
728 1067 64 24 Östra
806 1071 64 19 Kare-

120 1098 35 19 len
170 1099 24 18 är
208 1098 7 19 i
230 1097 128 24 fullständig
374 1098 107 19 afsaknad
495 1098 24 19 af
528 1103 26 14 en
566 1097 110 25 gosskola,
686 1098 75 19 afsedd
771 1098 33 19 för
814 1097 56 24 dem,

120 1130 49 14 som
188 1125 52 24 vilja
256 1125 66 19 vinna
337 1125 66 23 högre
418 1125 155 24 skolbildning.
608 1124 103 23 Joensuu,
726 1125 90 24 Nyslott
831 1125 40 19 och

120 1151 93 24 Viborgs
233 1152 71 23 lyceer
323 1153 36 17 äro
379 1151 128 24 visserligen
523 1152 47 19 icke
585 1151 73 19 alltför
672 1151 93 24 aflägset
778 1151 94 24 belägna

119 1183 52 14 men
186 1178 58 24 ligga
259 1178 55 20 dock
328 1177 26 20 sä
368 1177 62 25 längt
444 1177 23 20 ät
483 1178 62 20 sidan
560 1178 33 20 att
608 1178 25 19 de
648 1178 19 24 ej
682 1178 75 20 kunna
771 1178 100 19 tillfreds-

120 1205 66 19 ställa
208 1205 60 19 detta
289 1204 184 24 bildningsbehof.
502 1205 66 19 Rätta
587 1205 86 24 platsen
692 1205 34 19 för
744 1205 34 19 ett
792 1204 80 20 sädant

120 1232 100 19 läroverk
238 1234 23 17 är
276 1232 163 24 otvifvelaktigt
454 1232 119 19 Sordavala
588 1232 55 24 stad,
658 1237 49 14 som
721 1232 64 24 utgör
800 1232 71 19 denna

119 1258 112 20 landsdels
246 1258 144 20 ekonomiska
405 1259 40 19 och
460 1259 88 23 andliga
563 1259 106 19 centrum.

193 1285 28 20 Sä
242 1286 47 19 vidt
310 1286 50 18 dess
383 1285 82 20 krafter
486 1286 121 24 medgifvit,
629 1286 39 19 har
689 1286 64 19 äfven
776 1285 36 19 det
827 1285 46 19 lilla

121 1312 118 20 Sordavala
258 1312 6 20 i
283 1312 60 20 detta
362 1312 103 20 afseende
486 1312 51 20 sökt
555 1312 65 20 häfda
635 1312 33 20 sin
684 1312 112 24 ställning.
825 1312 46 19 Med

120 1340 62 18 stora
199 1339 149 25 uppoffringar
362 1339 39 19 har
416 1339 78 20 staden
509 1339 67 20 redan
591 1339 68 19 under
673 1339 51 19 flere
738 1338 36 20 ärs
789 1339 31 19 tid
835 1344 37 14 un-

120 1366 100 19 derstödt
238 1366 33 20 ett
289 1366 130 24 visserligen
435 1366 23 20 af
471 1367 75 19 staten
562 1366 194 19 subventioneradt
770 1366 102 24 privatly-

121 1398 69 19 ceum,
213 1393 83 19 hvilket
317 1398 92 14 numera
430 1393 113 23 utvidgats
562 1393 33 19 till
617 1392 145 24 femklassigt.
796 1392 76 20 Denna

121 1419 63 19 skola
198 1420 39 18 har
251 1418 87 21 erhällit
352 1420 49 19 sina
415 1420 72 19 elever
501 1418 49 21 frän
565 1420 33 19 ett
611 1418 95 25 omräde,
720 1419 89 19 hvartill
820 1419 52 19 höra

120 1446 126 24 Sordavala,
260 1446 112 24 Impilaks,
388 1446 87 23 Salmis,
491 1446 105 25 Suojärvi,
609 1446 134 24 Korpiselkä,
754 1446 118 22 Suistamo,

120 1472 161 24 Jaakimvaara,
297 1473 120 22 Parikkala,
433 1473 111 19 Ruskeala
559 1473 39 19 och
613 1472 118 24 Uguniemi
741 1473 131 19 kommuner

122 1499 40 19 och
186 1504 27 14 en
233 1499 34 19 del
287 1499 23 19 af
332 1499 139 24 Tohmajärvi
495 1500 87 18 socken.
616 1498 92 20 Ensamt
729 1500 60 18 östra
810 1498 62 20 delen
