1075 1739
214 162 25 19 16
391 161 278 23 Petitionsbetänkande
683 161 46 23 N:o
744 161 38 22 34.

211 233 63 20 redan
291 241 27 12 nu
334 234 61 20 hafva
406 237 29 17 ett
446 236 23 18 så
481 237 51 17 stort
544 235 102 20 elevantal
656 242 43 13 som
710 235 26 20 de
747 238 35 17 äro
793 235 128 26 berättigade
932 238 31 17 att

213 273 107 23 emottaga,
336 277 62 18 synes
414 271 34 19 det
465 272 65 18 såsom
547 278 31 13 om
596 271 35 20 det
646 271 55 20 förra
717 271 132 20 alternativet
865 278 48 13 vore
929 271 33 20 det

212 305 54 20 enda
281 306 87 25 möjliga.
401 306 68 26 Tager
485 313 45 13 man
547 307 103 20 dessutom
666 307 6 19 i
689 307 136 20 betraktande
841 310 30 17 att
886 307 26 20 de
922 309 40 19 ele-

212 347 42 18 ver,
272 349 48 18 som,
336 342 52 20 efter
404 345 30 17 att
449 343 62 19 hafva
527 344 118 24 genomgått
660 343 25 20 de
702 343 132 26 femklassiga
850 343 112 20 skolorna
949 338 16 35 i

211 377 79 20 Raumo
312 378 37 19 och
371 378 86 26 Nystad,
474 379 49 25 vilja
538 379 96 19 fortsätta
650 379 44 20 sina
711 379 84 25 studier,
811 379 81 20 befinna
908 379 32 25 sig
955 379 7 20 i

210 413 43 20 lika
278 414 97 25 brydsam
396 415 99 24 ställniog
516 421 42 13 som
580 415 25 19 de
624 414 159 26 ifrågavarande
803 415 118 19 alumnerna
936 416 26 25 på

212 449 38 20 den
276 450 125 26 fyrklassiga
423 451 104 25 reallinjen
547 451 36 19 vid
601 451 102 19 klassiska
724 452 80 25 lyceum
825 451 7 19 i
852 444 51 31 Åbo,
925 451 36 20 och

212 484 37 20 vill
275 493 45 13 man
344 486 136 20 öfverhufvud
503 487 97 25 undvika,
621 490 31 16 att
672 494 24 13 en
720 490 43 17 stor
782 487 74 25 mängd
872 487 89 25 ungdom

211 521 46 19 med
273 522 40 25 håg
328 522 32 20 för
376 522 77 20 studier
469 523 82 25 tvingas
568 525 30 17 att
608 523 6 19 i
625 523 62 19 förtid
703 523 83 25 afbryta
803 523 106 25 desamma,
925 523 36 20 bör

211 564 54 19 man,
276 558 64 25 enligt
351 558 99 20 flertalets
461 559 54 19 inom
526 559 106 19 Utskottet
643 559 59 25 åsikt,
713 559 91 25 tillgripa
815 559 38 19 den
860 559 101 25 jämförel-

213 594 55 19 sevis
282 594 61 20 enkla
354 598 89 22 utvägen
457 597 31 18 att
499 596 26 25 på
534 598 78 17 statens
620 595 114 20 bekostnad
742 595 107 19 utsträcka
856 595 106 25 reallinjen

211 629 35 19 vid
261 623 45 27 Åbo
322 630 67 20 finska
404 631 103 20 klassiska
521 631 78 26 lyceum
614 631 31 19 till
653 631 78 26 lyceets
740 631 46 26 fyra
794 631 73 25 högsta
875 631 85 20 klasser.

281 666 32 20 Då
333 667 108 20 Utskottet
457 667 85 19 föreslår
557 667 67 19 denna
640 667 73 25 åtgärd
728 667 39 19 har
782 667 111 19 detsamma
909 667 52 19 dock

211 701 46 20 icke
278 705 68 17 ansett
368 702 71 26 nödigt
461 705 30 17 att
512 703 72 25 förnya
604 703 34 19 det
658 702 22 20 af
700 703 57 19 1894
774 704 33 18 års
823 703 137 19 ständermöte

210 737 128 26 stipulerade
358 739 88 19 vilkoret
467 742 29 16 att
516 739 120 19 kommunen
656 739 63 19 borde
735 738 82 26 deltaga
833 738 7 20 i
856 738 104 20 realafdel-

210 773 89 26 ningens
318 774 132 20 bekostande.
474 775 106 19 Utskottet
598 781 60 13 anser
673 774 103 26 nämligen
793 774 85 20 anförda
894 774 66 20 vilkor

210 809 176 27 hufvudsakligen
402 811 68 25 åsyfta
487 810 127 20 erhållandet
628 810 22 20 af
661 810 105 26 garantier
780 810 31 20 för
825 813 30 17 att
871 810 25 20 de
906 810 55 20 reala

210 845 163 27 afdelningarna,
392 846 31 20 för
445 847 70 19 hvilka
533 846 126 26 statsbidrag
679 846 67 25 sökas,
769 849 34 17 äro
825 846 23 20 af
866 846 95 20 behofvet

208 882 110 25 påkallade
342 882 36 20 och
399 882 70 20 kunna
492 882 92 26 påräkna
607 884 29 18 ett
660 882 122 25 tillräckligt
807 882 55 19 antal
885 882 74 24 elever;

208 918 154 26 behöfligheten
380 918 22 20 af
415 926 24 12 en
456 917 149 27 realafdelning
621 918 34 19 vid
671 925 28 12 nu
712 917 159 26 ifrågavarande
881 918 79 25 lyceum

208 956 28 23 är,
253 954 60 20 äfven
331 954 70 26 dylika
417 954 104 26 garantier
536 954 88 25 förutan,
635 954 135 25 ögonskenlig
781 953 62 20 redan
855 954 26 25 på
891 954 69 24 grund

207 989 23 20 af
243 990 35 20 det
294 993 56 17 stora
366 990 127 20 elevantalet.

279 1026 41 20 Det
345 1026 38 20 har
405 1026 120 26 visserligen
547 1026 44 20 icke
611 1026 53 20 varit
684 1026 109 20 Utskottet
815 1025 94 25 obekant,
930 1028 30 17 att

209 1062 131 25 Regeringen
360 1062 23 20 af
399 1062 115 20 finansiella
530 1062 44 20 skäl
590 1062 88 25 tidigare
694 1061 83 25 afslagit
795 1061 70 25 dylika
881 1061 78 25 petitio-

210 1104 38 13 ner
264 1105 32 13 om
315 1098 134 26 fullständiga
467 1098 181 25 realafdelningars
664 1097 160 26 organiserande
840 1098 26 24 på
881 1099 78 17 statens

211 1134 115 20 bekostnad
345 1134 35 19 vid
399 1134 103 20 klassiska
517 1134 68 26 lyceer
600 1134 38 20 och
654 1136 30 17 att
700 1133 131 25 Regeringen
848 1133 45 19 icke
909 1133 50 19 kun-

209 1172 37 17 nat
268 1170 111 26 godkänna
397 1173 30 17 att
446 1172 29 18 ett
495 1170 73 19 sådant
588 1170 106 25 vilkorligt
710 1168 115 26 beviljande
842 1169 23 19 af
878 1169 81 19 statsbi-

209 1205 58 25 drag,
284 1212 41 14 som
344 1206 101 25 föreslogs
461 1206 22 20 af
497 1208 81 18 senaste
594 1206 145 26 ständermöte,
757 1205 66 20 skulle
839 1204 62 20 blifva
917 1204 42 26 gäl-

207 1241 61 20 lande
286 1242 62 26 regel,
369 1242 84 19 hvartör
472 1242 61 20 också
554 1242 25 19 de
600 1242 108 25 reallinjer,
725 1248 42 12 som
784 1240 31 20 för
831 1240 128 20 närvarande

207 1276 67 21 finnas
288 1277 35 20 vid
337 1278 26 19 de
377 1278 173 25 svenskspråkiga
564 1278 95 25 lyceerna
669 1277 7 19 i
686 1276 111 26 Uleåborg,
809 1276 60 24 Vasa,
881 1276 78 25 Viborg

206 1313 38 19 och
264 1313 70 25 Borgå
354 1314 38 19 och
410 1314 35 19 vid
467 1313 34 20 det
521 1313 153 26 finskspråkiga
696 1312 8 20 i
727 1312 134 26 Björneborg,
885 1312 25 25 på
934 1311 25 20 de

205 1348 49 26 fyra
270 1349 74 25 högsta
360 1349 107 20 klasserna
481 1349 43 20 helt
540 1349 36 19 och
592 1349 62 19 hållet
664 1348 134 20 underhållas
809 1348 22 19 af
839 1354 53 19 resp.
903 1347 54 20 kom-

204 1391 73 13 muner
298 1385 49 19 eller
369 1385 23 19 af
408 1386 80 25 privata
502 1392 102 19 personer.
635 1385 47 19 Men
702 1384 27 20 då
748 1384 64 19 likväl
827 1384 7 19 i
849 1383 109 25 Egentliga

205 1420 89 20 Finland
314 1421 78 20 antalet
411 1421 22 20 af
449 1421 149 20 finskatalande
619 1421 73 23 elever,
712 1427 44 12 som
777 1420 65 19 önska
857 1419 79 20 komma
952 1419 7 19 i

204 1456 122 26 åtnjutande
342 1457 23 19 af
377 1457 64 25 högre
455 1457 42 19 real
511 1457 98 25 bildning,
626 1456 63 20 redan
705 1463 28 13 nu
751 1459 22 16 är
785 1457 22 18 så
819 1458 58 22 stort,
888 1457 31 17 att
929 1458 29 16 ett

276 1503 107 19 Allmänna
393 1504 181 23 petitionsutskottets
587 1504 116 17 betänkande
716 1503 39 17 N:o
767 1503 28 17 21.
