1070 1734
280 160 11 19 I
304 160 118 25 jemförelse
444 161 46 19 med
513 161 64 19 andra
600 161 94 25 Europas
712 160 73 20 länder
800 160 37 20 der
852 160 113 26 skogarnas

212 188 108 26 betydelse
335 189 65 20 likväl
415 193 22 16 är
452 190 23 19 af
489 190 58 25 längt
569 189 80 20 mindre
664 190 52 25 vigt,
732 190 37 18 har
784 189 38 19 hos
837 196 35 12 oss
887 190 7 18 i
909 190 57 19 detta

212 217 97 20 afseende
332 218 70 20 alltför
424 218 47 20 litet
492 218 71 20 blifvit
585 218 108 20 uträttadt.
723 218 129 25 Visserligen
867 218 37 19 har
919 225 47 13 man

212 246 38 19 hos
266 253 34 13 oss
315 247 38 19 allt
368 254 55 12 mera
438 247 69 25 börjat
529 246 122 26 offentligen
670 247 53 25 yrka
738 248 26 24 pä
780 249 31 17 att
825 248 63 24 nägot
903 247 63 19 borde

212 278 61 22 göras
288 275 32 20 för
336 278 31 17 att
382 276 74 19 hindra
471 276 180 25 skogssköflingen
666 276 38 19 och
720 276 76 19 sädana
811 276 107 25 yrkanden
928 276 38 19 har

211 310 47 12 man
281 304 47 20 hört
350 304 61 20 äfven
433 306 26 24 pä
483 304 132 26 landtdagen.
646 304 30 20 På
697 304 68 26 grund
787 304 23 20 af
824 311 24 13 en
863 304 36 20 vid
914 304 51 20 sista

210 332 127 26 landtdagen
360 333 103 19 inlemnad
485 334 86 25 petition
594 334 38 18 har
654 333 122 25 regeringen
791 333 84 25 nyligen
889 333 77 19 tillsatt

211 368 25 12 en
251 361 77 19 komitö
343 361 32 20 för
390 364 31 17 att
436 362 100 24 utforska,
553 362 102 20 huruvida
666 362 153 26 skogssköfling
831 362 134 19 förekommer

212 390 38 19 och
266 390 70 20 hvilka
351 391 96 25 ätgärder
462 391 23 19 af
498 393 69 17 staten
581 391 64 19 borde
660 391 96 25 vidtagas
771 390 32 20 för
818 393 31 17 att
858 390 107 20 förhindra

212 418 124 20 densamma.
360 419 49 20 Men
424 420 91 19 komiten
530 420 37 19 har
578 422 54 17 ännu
643 420 45 19 icke
699 420 149 19 sammanträdt
859 420 37 19 och
907 420 58 18 torde

211 447 40 20 den
274 455 41 18 nog
332 447 22 20 få
377 451 30 16 ett
423 449 22 18 sä
460 448 109 26 vidlyftigt
585 449 75 23 arbete,
677 450 31 17 att
723 455 47 12 man
784 448 45 19 icke
845 448 38 19 har
897 448 67 25 någon

210 476 141 26 förhoppning
366 484 32 12 om
414 477 48 20 dess
478 477 128 20 slutförande
621 477 7 19 i
644 483 24 13 en
684 484 48 13 snar
747 476 92 20 framtid.

279 505 48 20 Men
342 505 83 20 utanför
442 506 39 19 den
496 506 79 25 frågan,
592 506 102 19 huruvida
710 506 34 19 det
760 505 98 20 behöfves
869 505 96 26 åtgärder

210 533 33 19 till
259 537 31 16 att
305 534 106 20 förhindra
434 535 40 19 den
496 535 105 25 egentliga
616 535 187 25 skogssköflingen,
819 537 23 16 är
857 541 25 12 en
897 541 67 12 annan

209 562 68 25 fräga,
297 563 102 26 nemligen
422 564 46 23 den,
491 563 102 20 huruvida
609 563 34 20 det
658 563 46 20 icke
719 570 48 13 vore
782 563 134 25 nödvändigt,
934 565 30 17 att

210 598 48 13 man
274 592 37 19 hos
322 599 40 16 oss,
373 592 6 19 i
390 592 92 25 enlighet
491 593 47 19 med
549 593 64 18 andra
623 592 149 24 kulturländer,
781 592 46 19 med
835 592 83 19 biständ
926 591 38 20 och

211 623 138 23 uppmuntran
364 622 12 19 &
392 624 79 17 statens
487 621 44 20 sida
554 621 63 20 borde
632 621 84 20 försöka
731 623 31 17 att
776 620 101 25 befrämja
892 627 25 12 en
932 627 31 12 ra-

211 649 64 20 tionel
290 649 116 26 skogsvård
420 650 7 19 i
442 650 76 20 landet.
548 650 74 19 Denna
639 649 60 26 fråga
714 650 38 19 har
767 650 32 19 sin
814 651 77 18 största
906 650 57 25 bety-

210 677 58 20 delse
282 678 7 19 i
305 679 24 18 de
345 679 56 19 delar
416 679 23 19 af
453 679 75 24 landet,
545 686 43 12 som
605 682 34 16 äro
655 681 65 17 tätast
735 678 115 24 befolkade,
863 679 35 18 der
908 678 55 25 jord-

210 707 76 19 bruket
308 707 37 19 har
367 708 45 25 gått
434 707 70 26 längst
518 708 7 19 i
540 707 120 26 utveckling
682 708 38 19 och
740 707 36 20 der
791 707 172 25 skogsomrädena

210 735 65 20 redan
290 739 34 16 äro
338 736 151 25 jemförelsevis
510 738 43 18 smä
569 736 38 20 och
623 736 204 26 skogsprodukterna
842 736 84 25 betinga
941 736 22 19 sä

210 764 52 25 högt
277 765 49 25 pris,
342 767 31 17 att
389 765 138 26 skogsegaren
542 765 64 20 redan
621 771 63 20 egnar
699 765 124 26 nägonslags
838 765 52 19 värd
900 765 20 18 ät
931 765 32 18 sin

211 793 53 26 skog
279 796 53 17 samt
347 794 40 19 den
402 794 101 19 allmänna
519 794 109 25 meningen
642 794 66 19 redan
720 797 23 16 är
753 800 72 19 mogen
835 793 33 19 till
879 795 30 18 att
919 793 44 20 inse

210 824 75 23 nyttan
300 822 22 19 af
336 829 24 12 en
374 823 88 19 rationel
477 823 204 25 skogshushällning.

279 851 80 20 Nästan
374 851 40 20 den
429 852 52 19 enda
501 852 80 25 åtgärd,
598 858 42 13 som
656 851 76 20 hittills
748 851 22 20 af
783 854 68 16 staten
866 851 37 19 har
918 851 43 19 vid-

209 880 66 25 tagits
290 880 32 20 för
337 882 31 18 att
390 880 100 26 befrämja
513 881 39 19 den
575 880 105 20 enskildas
696 880 121 26 skogsvärd,
833 883 23 16 är
871 880 45 23 den,
932 882 31 17 att

210 909 12 19 2
239 908 203 26 skogsinstruktörer
463 912 34 17 äro
520 909 101 24 anstälda,
638 910 39 19 den
692 916 37 13 ene
744 909 33 19 för
791 909 81 19 landets
887 911 74 21 vestra,

210 937 40 19 den
266 937 63 20 andre
344 938 32 19 för
399 938 48 20 dess
469 940 56 18 östra
542 938 39 20 del.
612 938 67 20 Dessa
694 938 149 20 instruktörers
857 937 104 20 verksam-

210 966 36 19 het
262 966 38 20 har
314 966 110 20 inskränkt
447 967 32 25 sig
501 967 175 25 hufvudsakligen
691 967 32 19 till
738 967 64 25 nägra
817 966 146 25 herregärdars

211 994 39 20 och
273 995 80 19 städers
377 995 81 26 skogar.
487 996 42 19 För
551 998 77 17 största
650 996 60 19 delen
729 995 23 20 af
762 995 109 25 jordegare
887 998 34 16 äro
938 995 24 19 de

210 1023 87 20 alldeles
313 1024 90 24 okända;
418 1024 45 20 icke
478 1024 65 20 heller
558 1024 66 20 skulle
640 1024 60 20 deras
715 1024 31 20 tid
761 1024 64 20 förslä
839 1023 33 20 till
886 1023 75 26 vidlyf-

209 1052 67 26 tigare
292 1053 90 19 arbeten.

278 1081 254 27 Landtbrukssällskapen
546 1082 63 20 hafva
623 1082 38 20 hos
672 1089 34 13 oss
720 1083 88 18 uträttat
817 1081 80 25 ganska
907 1088 54 18 myc-

208 1109 36 19 ket
260 1110 33 19 till
308 1110 88 26 höjande
411 1110 23 20 af
447 1110 81 20 landets
550 1111 160 25 hufvudnäring,
730 1117 47 13 men
793 1109 168 21 öfverhufvudta-

208 1140 36 23 get
259 1138 38 20 har
312 1139 235 26 skogshushällningens
569 1140 120 25 utveckling
707 1141 83 18 stannat
804 1138 83 20 utanför
903 1138 59 20 deras

209 1166 183 27 verkningskrets;
408 1168 25 20 de
448 1168 62 20 hafva
525 1168 46 20 icke
593 1168 64 20 heller
672 1168 91 26 förfogat
778 1167 57 20 öfver
850 1166 66 20 medel
931 1169 31 17 att

209 1196 100 20 särskildt
324 1196 32 20 för
372 1197 56 19 detta
444 1197 94 19 ändamål
548 1197 112 19 användas.
684 1197 75 19 Likväl
769 1196 69 20 kunde
846 1196 45 25 just
902 1196 59 19 dessa

210 1224 93 26 sällskap
318 1228 78 17 uträtta
419 1226 80 25 ganska
513 1226 83 26 mycket
611 1226 32 19 för
658 1225 169 26 skogsskötselns
842 1224 120 26 utveckling

208 1252 56 21 inom
280 1254 44 20 sina
335 1254 97 20 områden
442 1261 73 19 genom
525 1257 31 17 att
566 1254 95 26 utsprida
671 1254 111 24 litteratur,
791 1256 31 17 att
832 1260 73 19 genom
916 1253 44 19 der-

208 1282 33 19 till
252 1282 98 26 lämpliga
364 1290 99 18 personer
473 1282 84 25 erbjuda
568 1283 56 25 hjelp
635 1283 38 19 och
683 1283 38 19 räd
731 1283 7 19 i
749 1282 171 26 skogsindelning
929 1282 32 19 för

207 1311 141 25 regelbunden
362 1311 130 26 afverkning,
508 1312 7 19 i
530 1311 139 26 skogshandel
684 1312 39 19 och
738 1311 7 20 i
760 1311 41 20 alla
814 1311 65 19 andra
889 1311 71 25 skogs-

208 1340 92 23 arbeten,
315 1347 73 19 genom
404 1342 32 17 att
450 1340 69 19 utdela
534 1341 121 24 belöningar
664 1340 33 20 för
707 1341 41 24 god
759 1339 115 26 skogsvärd
885 1346 18 13 o.
914 1346 16 12 s.
941 1346 18 13 v.

208 1368 32 19 för
256 1371 30 16 att
302 1369 118 25 derigenom
443 1369 64 20 väcka
526 1371 66 18 större
607 1369 88 20 intresse
709 1369 33 19 för
757 1368 202 26 skogshushällning.

206 1396 61 20 Huru
283 1397 81 26 mycket
379 1404 73 19 genom
468 1398 76 19 sådana
564 1397 91 26 sällskap
671 1398 41 19 kan
727 1399 96 21 uträttas,
839 1397 69 19 derom
924 1397 36 19 bär
