1056 1736
225 140 27 21 10
391 139 273 23 Petitionsbetänkande
681 139 41 24 N:o
737 139 22 23 2.

195 198 32 20 att
243 197 43 21 den
299 196 98 22 tekniska
413 197 188 27 undersökningen
613 198 33 21 för
658 196 147 28 banföretaget
816 197 66 21 borde
893 195 62 23 verk-

195 232 76 21 ställas
294 232 67 20 under
383 231 155 28 förutsättning
560 232 23 21 af
604 234 32 20 ett
659 230 81 24 sädant
759 232 132 27 bansystem;
915 231 39 22 och

195 266 59 21 detta
270 266 28 21 så
304 266 88 27 mycket:
411 272 60 20 mer,.
483 272 46 16 som
546 266 36 22 det
597 267 113 21 under'en
723 266 86 27 mycket
824 266 50 26 lång
887 266 32 21 tid
935 266 22 26 ej

194 300 62 21 torde
276 299 85 22 komma
384 301 5 20 i
413 300 60 28 fråga
495 303 33 19 att
550 301 112 22 utsträcka
684 299 71 23 denna
777 300 79 21 bibana
879 300 73 49 längre

195 335 81 21 norrut.

261 369 114 22 Utskottet
389 369 33 22 får
433 351 63 40 alltså
505 348 112 54 vördsamt
628 370 86 27 föreslå,
726 371 34 20 att
771 369 118 22 Ständerna
900 347 49 44 ville

195 403 38 22 hos
249 404 58 21 Hans
323 404 122 27 Kejserliga
459 405 104 26 Majestät
577 405 7 20 i
600 402 172 29 underdånighet
787 404 95 21 anhålla:

399 476 33 19 att
448 474 85 21 teknisk
549 475 40 20 och
600 472 127 23 ekonomisk
738 473 167 28 undersökning
916 473 39 27 för

331 515 28 14 en
373 508 136 28 smalspårig
523 509 97 27 jernväg
638 509 55 27 från
712 508 72 21 Kemi
794 508 51 21 stad
859 507 36 22 till
909 507 43 21 Ro-

331 543 99 21 vaniemi
442 543 83 28 kyrkby
534 543 68 21 måtte
610 543 48 27 före
666 538 206 52 nästenstundande
881 542 71 20 landt-

331 578 43 26 dag
389 578 115 21 anställas.

382 782 379 34 Uleåborg—Hvitahafsbanan.

428 851 122 22 Bondest.
572 865 24 2 —
613 852 39 22 N:o
670 853 47 21 133.

261 948 11 21 I
287 950 30 19 ett
332 948 33 21 till
376 948 162 22 Bondeständet
551 949 88 27 ingifvet
650 947 215 29 petitionsmemoria]
877 946 73 22 anhä]-

193 982 31 21 les
239 988 34 15 om
286 982 138 22 'anställande
439 983 23 21 af
474 983 160 27 undersökning
647 983 33 21 för
690 989 26 15 en
726 982 93 27 jernväg
829 981 46 21 från
887 980 64 22 Uleä-

193 1016 54 26 borg
262 1023 75 20 genom
353 1017 109 26 Kiiminki,
478 1017 134 26 Pudasjärvi,
624 1016 146 24 Taivalkoski
786 1016 40 21 och
842 1016 109 21 Kuusamo

191 1050 33 21 till
242 1051 127 26 Koutajokis
385 1051 80 22 utflöde
480 1052 6 20 i
503 1051 145 22 Hvitahafvet.

259 1187 48 22 Den
330 1188 122 27 föreslagna
473 1189 122 27 jernvägen,
615 1196 45 14 som
676 1189 86 21 komme
778 1189 33 19 att
826 1187 51 21 falla
892 1186 58 22 säväl

191 1222 58 21 inom
268 1221 91 23 Finland
379 1228 44 16 som
444 1223 164 27 kejsaredömet,
624 1223 68 22 skulle
708 1222 85 23 erhälla
808 1228 27 15 en
851 1221 64 27 längd
930 1220 23 22 af

191 1256 99 27 omkring
304 1257 44 21 400
362 1256 43 27 km,
421 1257 76 21 hvaraf
511 1258 83 26 belöpte
611 1258 32 26 sig
658 1258 28 27 pä
700 1256 69 22 finskt
784 1255 88 22 omräde
886 1261 65 21 unge-

190 1290 35 22 fär
239 1291 44 21 275
298 1291 39 21 och
351 1292 30 25 pä
395 1292 60 27 ryskt
472 1292 40 22 125
530 1292 43 21 km.
602 1291 74 23 Redan
697 1292 86 20 banans
805 1291 60 20 stora
887 1289 64 27 längd

192 1325 40 21 och
249 1325 141 22 osäkerheten
405 1326 132 21 beträffande
553 1326 49 22 dess
617 1326 140 26 fortsättning
767 1325 58 21 inom
836 1324 62 30 ryskt
908 1330 44 15 om-

194 1359 60 27 räde,
270 1359 33 21 för
318 1360 41 21 den
375 1360 107 24 händelse
492 1361 118 26 jernvägen
625 1360 96 28 byggdes
737 1359 35 24 till
788 1360 99 26 gränsen,
904 1360 48 19 väc-

192 1393 40 22 ker
248 1394 85 21 misstro
349 1394 33 22 till
397 1394 115 28 företaget.
542 1394 139 28 Synnerligen
696 1394 76 22 starka
788 1392 67 22 borde
866 1392 85 22 derföre

191 1428 26 21 de:
233 1428 48 21 skäl
302 1434 57 20 vara,
383 1435 45 15 som
451 1429 71 21 kunde
542 1429 70 21 förmå
630 1429 122 22 Ständerna
771 1430 33 19 att
819 1427 85 22 besluta
919 1427 33 26 sig

257 1479 181 22 Jernvägsutskottets
451 1479 111 18 betänkande
573 1479 38 18 N:o
622 1479 18 18 2.
