1070 1739
393 174 278 23 Petitionsbetänkande
686 175 44 22 N:o
744 174 37 23 13.

415 245 46 18 rätt
479 243 53 21 eller
553 244 130 27 myndighet
700 244 5 20 i
719 250 88 15 samma
829 244 79 21 ärende
931 244 35 21 be-

414 279 94 26 gagnat;

488 313 35 20 7:0
538 314 34 20 att
594 313 124 27 expedition
734 312 38 22 och
787 314 73 20 annat
880 313 86 21 medde-

416 346 70 27 lande,
511 354 47 14 som
580 347 55 27 från
652 347 93 21 domstol
767 347 51 21 eller
840 347 128 28 myndighet

415 380 103 28 utfärdas
543 382 35 20 till
602 382 112 27 kommun,
741 382 57 20 skall
822 381 91 28 affattas
935 381 33 28 på

414 415 146 21 kommunens
572 416 193 27 protokollsspråk,
788 417 59 19 samt
865 417 33 19 att
913 422 52 14 ena-

415 450 74 20 handa
503 450 96 28 skrifter,
623 450 90 28 afsedda
731 452 34 19 att
778 450 10 20 i
802 450 69 28 kyrka
886 450 82 28 kungö-

414 491 44 20 ras,
474 484 25 21 så
514 485 38 21 ock
567 485 103 21 domstols
695 485 51 21 eller
768 484 140 28 myndighets
923 492 42 13 an-

414 519 54 27 slag,
490 519 61 21 skola
578 526 54 14 vara
654 519 106 27 affattade
778 519 33 27 på
835 519 34 21 det
894 519 72 27 språk,

415 553 84 27 hvarpå
522 554 87 20 allmän
627 554 127 27 gudstjänst
775 554 10 20 i
807 553 160 28 församlingen

414 587 75 27 hålles,
511 595 51 14 men
582 588 31 28 på
635 588 53 21 både
710 588 73 28 finska
799 588 39 20 och
853 588 90 21 svenska
957 588 11 20 i

414 621 139 29 församling,
576 623 41 20 där
639 622 99 28 offentlig
762 622 127 28 gudstjänst
902 622 65 28 regel-

415 656 80 21 bundet
510 656 68 22 hålles
591 656 32 28 på
637 657 118 21 hvartdera
769 656 99 28 språket;

485 692 37 20 8:o
552 693 33 19 att
614 691 134 27 beträffande
781 691 186 27 skriftväxlingen

414 724 94 22 emellan
529 725 189 27 myndigheterna,
746 724 25 22 så
793 726 38 20 ock
853 725 72 27 öfriga
947 725 21 27 ej

413 758 36 27 för
464 759 101 27 sakegare
580 759 91 27 afsedda
686 759 141 27 handlingar,
840 760 56 20 skall
906 760 60 26 gälla

414 792 41 21 den
468 800 79 20 genom
562 794 89 27 Nådiga
672 794 125 27 Reskriptet
817 794 42 20 den
879 794 29 20 18
932 793 30 28 (6)

415 826 62 22 Mars
491 828 63 20 1886
568 828 10 20 i
593 828 100 27 afseende
708 828 15 21 å
736 828 93 20 svenska
841 828 38 20 och
893 827 73 27 finska

414 861 106 28 språkens
536 862 138 21 likställande
696 862 119 28 faststälda
841 862 126 27 grundsats,

415 897 33 19 att
462 896 104 27 samtliga
580 897 99 27 styrelse-
699 897 39 21 och
760 896 136 21 ämbetsvärk
910 898 58 19 samt

415 930 151 27 myndigheter
581 931 10 20 i
606 931 73 21 landet
701 931 82 20 tillåtes
801 932 33 19 att
848 930 38 21 vid
901 932 64 19 ären-

415 964 67 21 denas
498 965 132 28 behandling
646 965 39 21 och
699 965 10 21 i
722 965 43 21 den
776 965 106 27 officiella
889 964 77 27 skrift-

415 999 118 27 växlingen
556 999 96 28 begagna
674 999 63 22 såväl
752 999 92 21 svenska
859 1005 46 14 som
920 999 46 27 fin-

415 1033 38 20 ska
468 1033 98 28 språket;
583 1034 94 21 hvarvid
699 1034 38 21 bör
756 1033 116 27 iakttagas,
887 1035 33 18 att
934 1033 35 20 det

415 1067 66 27 språk
496 1068 117 26 användes,
629 1068 82 21 hvilket
725 1068 49 21 med
786 1067 102 28 afseende
898 1067 14 20 å
926 1067 42 20 den

412 1108 81 21 person
508 1102 52 21 eller
574 1102 111 27 kommun,
696 1109 48 14 som
752 1102 67 21 saken
829 1101 77 28 angår,
917 1101 52 20 eller

416 1135 50 28 eljes
480 1136 10 20 i
504 1137 78 20 sakens
593 1137 92 20 intresse
703 1136 94 28 pröfvas
812 1136 10 20 i
837 1135 75 27 hvarje
926 1135 43 28 fall

416 1177 54 13 vara
490 1170 221 28 ändamålsenligare,
732 1171 60 20 samt
813 1171 39 24 att,
875 1169 40 21 där
934 1169 36 21 det

412 1204 33 27 på
459 1204 71 21 sådan
540 1205 74 27 grund
623 1205 73 27 finnes
706 1204 122 28 påkalladt,
841 1203 55 21 båda
903 1203 63 28 språ-

416 1238 41 21 ken
466 1239 109 27 jämsides
591 1239 118 28 begagnas;

487 1273 35 21 9:0
538 1275 33 19 att
585 1273 49 21 med
648 1273 104 28 afvikelse
767 1272 54 27 från
840 1271 129 28 stadgandet

416 1306 10 21 i
440 1313 65 14 mom.
521 1307 13 20 1
548 1307 44 27 mä,
607 1307 25 21 sä
648 1307 63 28 länge
726 1307 109 27 Kejsaren
850 1306 39 21 och
905 1305 61 21 Stor-

416 1340 87 27 fursten
514 1341 95 28 pröfvar
630 1341 80 21 sådant
732 1341 83 27 nödigt,
840 1340 35 21 till
894 1340 75 27 högsta

417 1375 250 28 tromansbefattningar
681 1376 72 21 kallas
759 1375 90 27 jämväl
857 1381 111 21 personer,

416 1409 98 27 mäktiga
528 1409 78 21 endast
619 1410 34 20 det
671 1417 42 14 ena
737 1409 118 21 inhemska
876 1408 92 27 spräket,

416 1450 51 14 men
482 1445 32 19 att
528 1443 64 28 ifrän
607 1443 156 28 ofvanstäende
779 1442 166 28 bestämningar
959 1442 10 21 i

416 1478 69 27 öfrigt
498 1478 46 21 icke
558 1478 71 21 andra
645 1478 116 27 undantag
776 1484 39 21 ega
825 1484 52 14 rum
892 1478 30 20 än
936 1477 32 26 de,
