1075 1748
194 158 179 31 (Öfversättning).

475 512 201 29 Reservation.

563 572 21 22 I

269 627 11 21 I
297 627 37 22 det
356 627 39 27 jag
418 626 148 23 öfverhufvud
589 627 131 27 godkänner
739 626 42 22 den
803 626 148 28 uppfattning,

198 669 45 15 som
266 663 69 27 gjorts
359 663 104 27 gällande
483 663 8 21 i
511 663 200 27 Kyrkohistoriska
735 662 140 23 Samfundets
891 663 6 21 i
914 663 37 21 be-

198 698 124 23 tänkandet
338 699 115 21 omnämda
468 699 39 21 och
529 699 40 21 där
590 698 71 22 delvis
684 698 67 23 äfven
767 699 124 22 relaterade
907 700 44 26 ytt-

197 734 76 28 rande,
298 741 66 15 anser
381 735 40 27 jag
437 734 99 28 önskligt
551 736 33 20 att
600 734 125 23 Ständerna
741 734 72 22 skulle
829 734 123 22 framställa

198 770 56 22 ett
251 766 15 36 i
272 776 82 16 samma
376 770 102 28 riktning
501 770 85 28 gäende
610 770 84 28 färdigt
715 770 85 28 förslag
815 770 137 22 beträffande

197 806 180 27 kyrkoarkivens
401 805 103 23 framtida
527 806 131 22 bevarande.
688 806 55 22 Rätt
765 806 40 22 och
828 806 74 27 billigt
927 808 26 19 är

198 843 34 20 att
247 842 66 22 dessa
328 842 188 28 hufvudsakligen
531 842 59 22 inom
600 842 101 27 kyrkans
712 842 64 22 krets
787 842 115 22 tillkomna
913 842 40 21 och

197 878 6 21 i
222 878 52 21 dess
290 878 55 22 vård
361 878 115 27 befintliga
491 878 133 27 handlingar
639 877 66 23 äfven
722 877 111 28 framgent
843 878 7 21 i
861 877 92 23 främsta

197 916 95 19 rummet
315 914 87 21 komma
425 916 34 19 att
479 915 35 20 stå
536 914 36 21 till
595 914 100 27 kyrkans
719 914 136 26 disposition.
886 913 67 22 Detta

197 949 75 22 blefve
294 949 121 22 händelsen
437 956 34 15 om
486 949 26 23 af
525 950 83 21 sådana
624 950 138 27 handlingar,
779 956 45 15 som
840 952 52 19 utan
908 949 44 22 olä-

198 985 84 28 genhet
297 985 36 22 för
349 986 198 26 pastorsämbetets
562 985 104 28 utöfning
681 985 75 22 kunde
766 985 126 28 bortflyttas
903 984 50 22 från

197 1021 192 28 församlingarna,
414 1021 73 22 skulle
515 1021 71 22 bildas
610 1021 127 22 lokalarkiv
761 1021 7 22 i
792 1020 161 28 stiftstäderna,

198 1057 91 21 Vården
312 1057 25 21 af
358 1057 65 22 dessa
445 1057 64 22 arkiv
532 1057 73 22 skulle
624 1057 35 22 till
679 1063 27 16 en
723 1057 78 27 början
817 1056 136 23 handhafvas

198 1093 40 21 och
262 1092 133 23 öfvervakas
416 1093 26 21 af
455 1093 129 27 respektive
609 1093 142 27 domkapitel,
775 1093 48 22 tills
844 1093 109 22 desamma

198 1135 79 20 genom
294 1130 32 20 att
342 1131 97 25 mottaga
454 1129 40 22 och
510 1129 48 22 med
575 1129 35 27 sig
619 1127 114 24 införlifva
744 1128 133 27 handlingar
888 1127 65 23 äfven

197 1163 52 22 från
265 1164 69 22 andra
350 1165 105 22 områden
471 1165 72 22 skulle
558 1165 86 22 erhålla
658 1171 27 15 en
700 1164 136 22 allmännare
847 1164 107 21 karaktär

198 1200 40 21 och
255 1200 65 22 deras
344 1200 55 22 vård
423 1201 74 21 kunde
513 1201 141 26 organiseras
669 1200 29 27 på
714 1201 34 20 ett
763 1199 49 22 med
828 1199 71 22 denna
915 1199 38 22 ka-

197 1235 80 22 raktär
300 1236 240 22 öfverensstämmande
564 1238 50 20 sätt.
645 1235 33 22 På
699 1241 84 16 samma
805 1235 60 28 gång
883 1235 71 22 finner

195 1271 39 28 jag
251 1271 39 22 det
312 1272 134 27 oafvisligen
468 1272 114 27 påkalladt
602 1273 33 20 att
655 1271 44 22 alla
718 1271 83 22 sådana
815 1271 139 27 handlingar,

198 1313 46 15 som
260 1307 39 22 vid
314 1308 135 27 nyssnämda
471 1307 188 28 ämbetsutöfning
675 1307 120 27 erfordras,
812 1307 141 22 kvarlämnas

198 1343 6 21 i
221 1344 198 25 pastorsämbetets
436 1343 68 28 värjo,
521 1343 50 22 trån
588 1343 25 21 så
629 1343 70 27 tidiga
720 1342 32 28 år,
769 1344 33 19 att
817 1342 70 27 några
904 1342 49 21 svå-

197 1378 101 27 righeter
314 1385 78 22 genom
408 1379 65 22 deras
489 1379 103 22 frånvaro
609 1378 73 27 aldrig
696 1378 77 21 kunna
788 1377 86 28 uppstå.

268 1414 32 22 På
323 1415 65 22 dessa
411 1415 98 27 grunder
532 1415 70 27 vågar
622 1414 40 28 jag
681 1414 115 22 vördsamt
817 1413 82 22 föreslå
916 1413 37 22 det

198 1449 126 23 Ständerna
339 1451 8 21 i
363 1451 176 27 underdånighet
554 1451 54 22 ville
624 1450 134 27 petitionera
