1075 1750
470 457 203 28 Reservation.

266 528 36 23 Då
326 529 40 22 vid
389 529 144 29 landtdagen
557 530 25 21 år
604 532 56 19 1891
682 529 8 22 i
706 529 129 29 anledning
851 529 26 22 af
893 530 54 21 en
934 524 17 38 i

195 564 181 23 Presteståndet
397 565 72 23 väckt
488 565 88 23 motion
596 565 84 29 frågan
706 572 38 16 om
765 571 30 17 en
811 565 136 29 förändring

196 600 26 23 af
237 600 187 24 edsformulären
440 602 7 22 i
465 601 39 23 det
525 602 59 29 syfte
608 608 33 16 nu
664 601 162 30 föreliggande
849 602 98 28 petition

197 636 111 29 angifver
323 636 98 28 förevar,
431 639 110 21 motsatte
555 639 43 28 jag
613 638 50 28 mig
679 637 74 29 sagda
764 638 96 21 motion.
876 637 73 22 Detta

196 671 90 23 skedde
302 672 200 30 hufvudsakligen
526 673 25 23 af
564 673 98 23 formela
678 673 53 23 skäl
747 673 44 22 och
807 673 69 22 äfven
892 673 55 23 med

194 707 94 30 hänsyn
303 708 33 22 till
355 708 40 23 det
411 709 56 29 föga
482 709 100 23 utredda
598 709 74 27 skick,
689 709 68 23 hvari
773 709 84 29 frågan
869 709 30 22 då
910 709 37 23 be-

194 743 58 22 fann
269 745 43 28 sig.
345 744 139 23 Sedermera
499 745 43 22 har
557 745 46 22 den
619 752 92 16 samma
727 745 89 22 inträdt
831 746 8 21 i
851 746 33 21 ett
894 746 53 28 nytt

194 779 80 23 skede.
307 779 82 23 Såsom
415 781 20 29 ej
461 780 90 23 mindre
575 781 260 29 petitionsmemorialet
856 783 30 20 än
902 781 44 22 ock

194 814 133 24 Utskottets
348 816 150 23 betänkande
514 817 218 29 vidhandengifver,
748 824 43 15 var
807 817 140 22 densamma

193 851 30 28 på
240 852 94 22 senaste
350 851 140 30 kyrkomöte
501 852 98 23 föremål
610 853 36 22 för
658 859 28 16 en
697 853 136 29 mångsidig
843 852 102 23 behand-

193 886 57 29 ling.
277 887 159 30 Enstämmigt
444 888 77 23 beslöt
529 888 149 29 kyrkomötet
688 890 35 21 att
733 889 35 22 till
779 889 64 22 Hans
855 888 90 29 Kejser-

193 922 49 29 liga
261 923 110 29 Majestät
382 925 55 28 ingå
446 924 55 23 med
513 931 29 16 en
552 924 148 29 underdånig
710 925 143 22 hemställan
865 924 26 23 af
900 924 45 23 den

193 958 99 29 lydelse,
319 966 51 15 som
393 961 8 21 i
418 960 132 23 Utskottets
577 960 149 23 betänkande
753 961 76 22 finnes
855 960 89 23 anförd.

192 993 72 24 Detta
288 995 122 23 äfvensom
427 995 46 23 den
488 997 30 28 på
533 996 150 29 kyrkomötet
698 997 7 23 i
722 997 81 22 ämnet
818 996 66 23 förda
901 996 44 23 dis-

193 1029 130 24 kussionen
351 1031 81 23 bevisa
457 1032 135 29 otvetydigt,
617 1033 35 22 att
675 1032 45 23 den
744 1032 134 29 föreslagna
902 1032 43 23 för-

195 1066 132 29 ändringen
350 1067 27 22 af
395 1067 28 23 de
447 1074 33 16 nu
496 1068 108 23 använda
621 1068 198 23 edsformulärens
836 1068 109 28 religiösa

192 1100 38 23 del
250 1103 132 22 motsvarar
398 1104 33 21 ett
447 1103 103 29 verkligt
566 1103 178 23 samvetsbehof
757 1104 8 22 i
780 1104 55 22 vida
854 1104 92 22 kretsar

190 1136 43 23 hos
262 1138 54 22 vårt
338 1138 57 22 folk.
427 1138 38 23 Då
488 1138 64 23 detta
568 1142 26 19 är
609 1139 72 27 fallet,
698 1146 71 23 synes
785 1139 40 23 det
841 1146 56 16 vara
913 1140 32 22 äf-

191 1179 47 16 ven
254 1173 36 22 för
314 1173 60 28 dem,
391 1174 94 23 hvilkas
502 1176 104 21 samvete
624 1176 20 29 ej
662 1175 91 23 känner
768 1176 37 28 sig
821 1175 80 23 såradt
922 1175 28 23 af

192 1208 188 24 edsformulären
396 1211 8 21 i
421 1210 67 23 deras
513 1211 137 22 nuvarande
674 1211 67 23 form.
759 1218 29 15 en
804 1211 66 29 pligt,
887 1211 58 22 före-

192 1245 94 23 stafvad
310 1245 25 22 af
359 1246 100 29 aktning
482 1246 36 23 för
541 1246 85 23 andras
650 1247 111 29 religiösa
785 1247 96 22 känslor
902 1247 43 22 och

192 1280 164 30 öfvertygelse,
381 1285 35 19 att
431 1282 128 23 medverka
575 1283 35 22 till
627 1283 153 29 atlägsnande
797 1283 26 22 af
837 1283 108 22 detsam-

191 1317 134 28 vetstvång,
335 1323 51 16 som
403 1318 142 29 erläggande
562 1318 26 23 af
596 1318 29 23 ed
637 1318 73 29 enligt
721 1318 29 23 de
761 1325 33 16 nu
805 1318 140 23 föreskrifna

192 1351 187 24 edsformulären
399 1353 114 30 pålägger
530 1361 29 15 en
575 1354 89 29 mängd
679 1354 200 23 medmenniskor.
903 1354 42 23 På-

191 1387 110 24 ståendet
324 1390 35 21 att
383 1389 55 23 med
455 1389 46 23 den
522 1391 8 21 i
545 1390 261 29 petitionsmemorialet
821 1390 124 23 förordade

191 1423 169 30 förändringen
376 1425 38 22 väl
430 1425 80 23 kunde
527 1427 73 26 anstå,
618 1427 26 21 så
660 1427 34 21 att
710 1426 139 22 densamma
866 1425 80 24 kunde

190 1459 152 28 genomföras
358 1461 8 22 i
383 1461 173 30 sammanhang
579 1462 54 22 med
657 1462 45 23 den
727 1462 104 22 revision
855 1461 26 23 af
895 1461 51 23 eds-
