1070 1739
374 143 210 23 Petitionsmemorial.

105 202 93 35 Bondest.
758 207 34 22 N:o
809 207 47 22 110.

632 581 159 28 (Öfversättning.)

277 645 45 19 Till
337 645 154 20 Hedervärda
506 645 183 19 Bondeståndet.

176 702 69 19 Redan
262 702 54 19 öfver
330 704 29 17 ett
373 702 54 19 sekel
441 702 60 20 hafva
515 702 47 20 våra
577 703 203 24 landtbrukssällskap
795 709 65 18 repre-

108 733 86 18 senterat
208 731 93 19 Finlands
315 731 101 24 jordbruk.
448 731 86 19 Landets
549 731 57 20 bästa
621 731 98 24 förmågor
733 731 59 20 hafva
807 732 51 19 inom

109 759 43 20 dem
170 762 58 21 egnat
242 760 42 19 sina
299 759 76 20 krafter
389 759 21 20 åt
425 759 93 24 höjandet
532 760 22 19 af
568 760 53 19 olika
636 766 70 18 grenar
721 760 21 19 af
756 760 104 19 fosterlan-

109 788 42 19 dets
174 788 149 24 hufvudnäring.
353 789 30 18 En
406 789 94 23 skönjbar
514 788 49 25 följd
578 788 22 19 af
613 789 55 19 detta
683 789 130 19 intresserade
828 795 32 13 ar-

108 817 45 19 bete
175 817 36 20 har
232 817 105 19 förmärkts
361 817 116 19 derutinnan
499 819 30 18 att
550 817 133 20 kännedomen
706 823 30 14 om
753 818 23 19 de
792 820 68 22 nyaste

109 846 143 24 upptäckterna
273 846 37 19 och
332 846 52 24 uppå
407 846 42 19 dem
471 846 96 19 baserade
586 845 141 25 förbättringar
741 847 52 18 inom
808 846 53 20 olika

109 874 93 20 områden
224 874 21 20 af
266 874 203 24 landthushållningen
491 875 43 19 nått
553 875 47 19 våra
615 874 88 25 aflägsna
717 875 79 24 bygder.
826 876 36 18 Att

109 903 64 19 denna
195 903 142 24 omständighet
359 903 36 20 har
413 903 51 20 varit
479 903 23 20 af
516 904 36 19 den
567 905 50 18 mest
631 903 114 24 ingripande
761 903 99 24 betydelse

110 931 31 20 för
155 931 35 20 vår
204 932 97 19 allmänna
313 932 111 24 utveckling
434 932 56 19 torde
500 932 66 19 kunna
575 933 130 18 konstateras.
727 933 49 18 Förr
787 932 73 19 skedde

109 960 137 25 förändringar
264 961 51 19 inom
330 961 203 24 landthushållningen
548 961 106 24 långsamt;
669 967 45 13 man
729 961 34 24 gaf
777 961 30 24 sig
822 961 38 24 god

109 989 29 19 tid
160 992 29 17 att
210 990 111 19 undersöka
342 990 37 19 och
393 989 86 20 betänka
494 995 23 14 en
533 990 35 19 sak
583 989 37 20 och
635 989 50 20 efter
699 992 30 17 att
743 989 45 24 sjelf
801 989 59 20 hafva

109 1017 74 20 skaffat
205 1019 29 23 sig
256 1018 103 24 utredning
374 1024 31 13 om
420 1020 29 17 ett
463 1018 165 25 sakförhållande,
644 1024 35 14 var
693 1019 33 18 det
740 1019 29 18 tid
784 1021 30 16 att
828 1019 31 18 til-

109 1047 64 24 lämpa
188 1047 107 19 resultaten
310 1047 21 19 af
345 1047 24 19 de
384 1047 70 24 gjorda
467 1049 67 17 rönen.
558 1047 67 19 Under
639 1047 74 20 sådana
723 1047 136 19 förhållanden

109 1076 65 18 kunde
189 1081 53 13 mera
256 1075 130 19 framstående
402 1076 90 19 fackmän
508 1076 61 18 under
583 1076 86 18 tidernas
685 1076 44 24 lopp
740 1075 119 24 småningom

109 1104 97 19 förbättra
221 1104 30 19 sin
266 1104 89 19 ekonomi
370 1104 36 20 och
421 1110 69 18 genom
504 1104 34 19 sitt
547 1104 98 20 föredöme
657 1104 36 19 och
703 1104 42 19 sina
755 1104 35 19 råd
801 1104 59 19 verka

109 1133 30 18 till
154 1132 92 24 höjandet
262 1132 55 20 äfven
333 1133 22 19 af
368 1133 72 19 andras
454 1132 123 24 handtering.
602 1133 97 19 Nutidens
713 1133 89 24 stegrade
812 1133 48 19 kon-

109 1162 81 19 kurrens
213 1162 89 24 betingar
324 1164 28 16 ett
373 1164 60 17 annat
455 1161 152 24 förfaringssätt.
637 1162 31 18 Då
686 1161 130 25 någonstädes
836 1168 24 12 en

109 1190 111 19 förbättrad
241 1190 64 19 metod
327 1190 64 20 blifvit
412 1190 106 24 påfunnen,
540 1190 36 19 bör
598 1190 110 19 densamma
729 1190 79 24 pröfvas
824 1190 36 19 och

109 1219 161 24 näringsidkaren
285 1219 60 19 blifva
360 1219 87 24 delaktig
461 1218 22 20 af
498 1219 43 19 dess
557 1218 86 20 fördelar
658 1219 66 19 förrän
738 1220 121 18 konkurren-

109 1254 34 13 sen
159 1248 43 19 åter
216 1247 111 20 framkallat
342 1254 24 13 en
380 1254 26 18 ny
421 1247 177 25 utvecklingsform.
624 1248 39 19 För
678 1250 29 17 att
722 1248 64 20 kunna
799 1248 61 24 draga

109 1279 55 22 nytta
186 1276 22 20 af
221 1276 82 20 sålunda
317 1277 121 24 uppstående
453 1276 87 20 fördelar
554 1276 36 20 bör
604 1276 35 20 vår
653 1279 54 17 stora
719 1277 140 23 jordbrukare-

109 1305 37 19 kår
161 1307 144 23 representeras
320 1305 21 20 af
355 1308 28 16 ett
397 1306 104 18 mindretal
516 1305 44 19 utaf
574 1305 43 19 dem
633 1305 80 19 utsedde
725 1308 135 22 representan-

109 1337 36 20 ter,
162 1334 74 20 hvilkas
252 1334 76 24 uppgift
343 1334 36 19 bör
393 1340 47 14 vara
455 1336 29 17 att
498 1339 51 19 noga
564 1333 47 25 följa
626 1334 44 19 med
681 1334 117 24 framstegen
808 1334 52 19 inom

110 1363 34 19 sitt
166 1362 51 20 fack.
247 1364 31 18 En
300 1362 60 20 sådan
375 1363 156 24 representation.
546 1368 36 18 ega
597 1363 18 19 vi
631 1363 28 19 uti
674 1362 46 20 våra
734 1363 126 19 landtbruks-

109 1392 93 24 sällskap,
225 1392 65 19 hvilka
312 1391 30 19 för
361 1394 29 17 att
405 1392 65 18 kunna
485 1394 97 17 motsvara
597 1392 28 19 sin
641 1391 77 25 uppgift
732 1394 34 17 äro
781 1392 6 18 i
802 1391 61 19 behof

110 1420 21 19 af
145 1420 119 24 tillräckliga
278 1420 194 24 dispositionsmedel.

179 1449 9 19 I
203 1449 37 19 den
255 1448 43 20 mån
313 1449 76 19 landets
405 1449 137 24 modernäring
557 1449 98 19 utvecklas
671 1450 86 18 kommer
771 1449 88 19 densam-
