1078 1753
213 174 13 19 2
366 174 78 22 Ständ.
460 174 47 22 Pet.
524 187 24 3 —
567 174 153 23 Petitionsbet.
737 174 37 22 N:o
790 174 34 22 29.

281 239 73 21 Dessa
376 240 86 28 förslag
484 242 29 26 gå
535 243 25 19 ut
580 242 29 27 på
625 240 100 29 följande
741 240 158 28 förändringar
914 240 7 21 i
937 247 31 14 nu

212 274 99 21 rådande
327 274 163 27 förhållanden,
506 275 124 29 nämligen:

281 311 32 19 att
328 309 90 28 Kajana
438 310 296 28 provincialläkaredistrikt
749 312 69 20 måtte
835 310 60 21 delas
911 312 57 20 samt

211 342 149 29 Hyrynsalmi
382 347 61 18 utses
466 345 34 20 till
523 344 44 22 den
590 352 42 14 ena
654 345 104 21 läkarens
779 344 131 22 stationsort
925 345 43 20 och

212 377 108 22 Sotkamo
336 378 34 21 till
386 379 44 21 den
445 379 93 26 andras;

282 415 32 19 att
328 413 109 29 antingen
452 421 29 14 en
496 414 177 21 extraordinarie
688 414 77 21 läkare
780 415 69 20 måtte
864 413 103 22 tillsättas

211 447 6 21 1
234 447 145 22 Säräisniemi
394 448 53 21 eller
464 451 32 18 att
510 449 73 21 denna
593 449 115 26 kommun,
720 449 76 21 därest
806 448 161 22 läkarevården

211 481 7 21 i
233 481 131 23 densamma
389 483 151 22 öfverlemnas
565 485 22 20 åt
612 483 44 22 den
682 483 213 26 kommunalläkare,
919 491 48 14 som

211 517 115 22 eventuelt
349 517 113 22 anskaffas
485 518 33 21 till
540 518 90 25 Muhos,
646 519 43 20 och
705 520 22 20 åt
741 519 93 20 läkaren
849 518 7 21 i
871 517 95 29 Kajana,

211 553 70 20 måtte
303 551 73 23 blifva
397 553 52 21 med
472 553 105 22 afseende
592 555 12 19 å
620 553 232 28 provincialläkarens
874 553 92 28 special-

211 587 137 28 åligganden
363 587 125 22 tillsvidare
503 587 97 22 hänförd
616 587 34 22 till
667 588 108 21 Sotkamo
792 587 96 26 distrikt,
902 587 64 22 hvar-

210 624 60 19 emot
285 621 33 22 till
334 622 44 21 den
393 622 7 22 i
416 622 148 29 Hyrynsalmi
585 623 152 21 stationerade
757 623 103 21 läkarens
876 622 90 21 distrikt

210 657 72 21 skulle
298 657 56 21 höra
364 657 154 29 Hyrynsalmi,
532 658 169 26 Suomussalmi,
715 658 118 28 Puolango
845 657 43 22 och
898 657 68 22 Risti-

209 691 60 27 järvi
285 691 133 22 kommuner
441 695 57 18 samt
518 692 34 21 till
568 693 107 21 Sotkamo
691 693 93 21 distrikt
798 692 167 25 Kuhmoniemi,

210 725 116 27 Sotkamo,
349 726 89 28 Kajana
460 726 205 30 landsförsamling,
688 727 109 21 Paldamo
821 727 42 21 och
882 726 84 22 Säräis-

209 760 75 25 niemi,
301 760 23 21 af
338 760 78 22 hvilka
428 760 27 22 de
470 763 34 19 tre
520 760 139 22 sistnämnda
674 761 165 22 kommunerna
857 760 108 28 därjämte

208 795 78 21 kunde
301 795 84 21 erhålla
399 796 138 28 läkarehjälp
553 796 23 21 af
592 796 155 22 stadsläkaren
761 796 8 21 i
784 796 98 28 Kajana;

279 832 32 19 att
326 830 36 22 för
377 830 74 22 Enare
467 831 42 21 och
524 830 93 29 Utsjoki
632 831 133 22 kommuner
779 830 72 22 skulle
861 830 103 22 tillsättas

210 872 28 14 en
254 865 177 21 extraordinarie
446 865 82 26 läkare,
544 867 22 19 åt
581 866 94 21 hvilken
689 866 52 21 med
753 865 129 22 statsmedel
894 864 70 22 skulle

209 900 109 28 uppföras
334 900 94 21 boställe
443 900 8 20 i
466 900 109 21 närheten
591 900 23 21 af
629 900 74 22 Enare
718 900 74 28 kyrka
803 903 57 18 samt
869 899 95 28 beviljas

207 934 136 28 tillräckliga
358 934 175 26 löneförmåner;

279 971 33 19 att
334 969 218 28 provincialläkaren
567 969 7 21 i
590 969 80 21 Kittilä
685 970 76 21 ålades
778 971 32 19 att
825 969 35 21 för
876 968 88 22 medde-

207 1004 67 21 lande
298 1004 22 21 af
342 1004 137 28 läkerehjälp
501 1006 39 20 två
562 1006 85 26 gånger
670 1012 36 14 om
727 1006 48 19 året
790 1004 84 21 besöka
891 1004 73 20 Enon-

208 1038 65 26 tekis,
296 1039 178 20 Muonionniska
496 1039 42 20 och
558 1039 131 28 Sodankylä
704 1039 139 28 kyrkobyar,
860 1041 57 18 samt
932 1040 32 19 att

208 1073 126 28 ersättning
349 1073 35 22 för
400 1073 66 22 dessa
481 1081 61 14 resor
558 1074 72 21 skulle
645 1074 84 21 honom
745 1073 96 22 tilldelas
857 1081 27 13 ur
900 1075 63 19 stats-

207 1108 82 25 medel;
304 1108 117 22 äfvensom

277 1145 32 18 att
324 1143 8 20 i
348 1143 117 21 Kuusamo
481 1143 108 21 kommun
604 1145 68 19 måtte
688 1143 105 21 tillsättas
809 1150 28 14 en
853 1143 23 20 af
890 1144 73 19 staten

207 1177 90 21 aflönad
312 1177 176 21 extraordinarie
504 1177 82 23 läkare.

276 1212 178 28 Ifrågavarande
476 1212 194 28 petitionsförslag
692 1212 75 21 vittna
783 1219 35 13 om
834 1211 128 29 bristfällig-

207 1246 94 22 heterna
315 1246 8 21 i
339 1246 65 22 dessa
427 1247 95 21 trakters
545 1246 286 28 sjukvårdsförhållanden,
856 1246 42 21 och
919 1246 44 21 den

207 1281 197 28 omständigheten
419 1284 33 19 att
466 1281 110 22 likartade
590 1281 121 29 petitioner
726 1281 39 22 vid
777 1282 39 21 två
826 1281 136 29 föregående

205 1316 170 21 ständermöten
390 1316 122 22 framstälts
528 1319 24 18 är
567 1316 74 29 egnad
656 1318 32 20 att
697 1319 124 26 yttermera
836 1316 126 21 framhäfva

205 1351 39 21 det
259 1350 202 29 behjärtansvärda
475 1351 8 21 i
498 1351 28 21 de
541 1351 99 21 uttalade
656 1350 206 29 önskningsmålen.

275 1386 61 20 Enär
351 1393 28 13 en
394 1385 179 28 reorganisation
588 1386 26 20 af
626 1386 164 21 läkarevården
800 1387 29 26 på
839 1385 77 21 landet
926 1386 36 20 för

204 1420 142 22 närvarande
369 1423 24 18 är
414 1422 12 19 å
441 1420 63 26 bane,
521 1427 67 21 synes
604 1420 38 21 det
657 1419 136 29 visserligen
807 1419 20 28 ej
843 1427 55 14 vara
914 1419 48 22 skäl

204 1455 36 22 för
256 1455 128 22 Ständerna
400 1458 32 19 att
447 1455 81 22 härvid
543 1455 83 21 föreslå
640 1457 55 20 mått
711 1455 44 22 och
771 1457 50 26 steg
836 1455 8 21 i
860 1455 44 21 den
919 1462 42 14 ena

204 1492 54 21 eller
274 1492 70 21 andra
359 1491 137 30 riktningen.
523 1492 34 21 Då
573 1491 123 22 emellertid
712 1491 40 21 vid
764 1491 43 21 den
819 1490 141 22 förestående
