1073 1748
274 168 333 28 Petitionsbetänkande
627 167 53 28 N:o
703 166 44 28 26.

409 549 151 22 Allmänna
575 547 303 29 petitionsutskottets

337 584 181 23 betänkande
535 584 45 22 N:o
596 584 28 22 16
638 584 56 22 med
705 583 137 27 anledning
853 583 28 22 af

339 621 32 22 ett
394 621 9 21 i
422 620 183 23 Bondeständet
623 619 73 23 väckt
711 619 167 28 petitionsför-

338 657 51 26 slag
413 663 40 16 om
477 656 152 28 beviljandet
651 655 28 22 af
691 655 188 28 författarepen-

339 693 91 21 sioner.

248 752 157 21 (Bondeständet.
420 762 20 3 —
456 751 193 19 Petitionsmemorial
663 752 34 17 N:o
712 751 47 22 114.)

196 807 94 27 Bilagda
313 806 225 27 petitionsmemoria],
563 806 63 21 hvari
642 805 95 22 föreslås
754 807 33 20 att
802 804 25 22 af
840 805 39 21 all-

127 845 78 19 männa
224 842 71 22 medel
311 842 68 21 mätte
395 842 94 27 beviljas
505 842 134 21 ätminstone
655 843 82 20 tvenne
753 840 126 23 författare-

126 878 117 28 pensioner
269 884 34 16 om
329 880 64 26 1,500
416 878 65 21 mark
504 878 112 22 hvardera
639 880 33 19 att
696 878 29 26 pä
748 877 84 27 förslag
858 876 26 22 af

127 914 84 22 Finska
233 914 41 22 och
291 913 100 23 Svenska
406 913 244 27 litteratursällskapen
667 913 99 22 tilldelas
783 913 26 21 de
824 914 58 20 mest

126 949 106 27 förtjänte
255 950 115 22 inhemska
388 949 126 28 författare,
529 950 42 20 har
587 948 24 22 af
624 949 167 22 Bondeständet
806 948 74 22 remit-

126 987 71 21 terats
213 986 35 21 till
264 986 117 21 Allmänna
398 985 229 27 petitionsutskottets
643 985 142 27 behandling.

199 1099 160 21 Grundtanken
383 1099 8 21 i
407 1099 155 27 föreliggande
577 1098 198 28 petitionsförslag,
793 1098 18 21 d.
827 1104 21 16 v.
864 1104 18 16 s.

128 1137 33 19 att
186 1140 28 16 en
238 1134 145 22 skönlitterär
407 1134 140 28 produktion,
573 1141 44 15 som
639 1141 79 21 genom
733 1133 150 23 framstäende

128 1171 69 21 alster
212 1170 104 28 bidrager
331 1173 34 19 att
379 1171 60 21 rikta
455 1170 239 28 nationalliteraturen,
711 1172 25 20 är
752 1170 94 28 förtjänt
861 1169 25 21 af

128 1206 111 23 materielt
263 1206 120 23 understöd
406 1206 68 23 äfven
498 1206 51 23 från
573 1207 38 22 det
633 1206 123 22 allmännas
773 1206 53 27 sida,
843 1206 41 20 har

129 1245 52 19 utan
197 1243 257 27 meningsskiljaktighet
471 1243 114 22 omfattats
601 1243 26 22 af
640 1243 121 22 Utskottet.
777 1243 35 21 Dä
827 1242 56 27 peti-

128 1278 143 28 tionsförslag
294 1278 25 22 af
339 1279 105 21 liknande
469 1279 59 27 syfte
547 1279 38 22 vid
601 1279 135 27 föregäende
751 1278 132 27 landtdagar

129 1314 58 21 varit
209 1313 93 23 föremäl
325 1314 35 22 för
384 1314 137 23 Ständernas
545 1315 141 27 behandling,
710 1314 63 22 torde
790 1320 27 16 en
832 1314 53 21 kort

129 1350 108 21 återblick
261 1350 28 27 pä
313 1349 90 28 frågans
427 1350 97 27 tidigare
548 1350 84 22 skeden
652 1357 53 15 vara
723 1350 28 27 pä
768 1350 35 22 sin
818 1349 65 27 plats.

200 1385 43 22 Vid
265 1387 56 20 1888
337 1386 37 21 ärs
391 1386 152 22 ständermöte
559 1386 162 27 petitionerade
738 1387 25 20 12
781 1385 102 22 medlem-

129 1427 46 16 mar
191 1421 25 22 af
229 1421 166 22 Bondeständet
411 1428 33 15 om
456 1424 34 19 att
501 1422 125 22 Ständerna
637 1421 35 23 för
682 1424 112 19 närmaste
804 1422 80 21 finans-

129 1457 78 28 period
229 1457 70 22 mätte
322 1457 77 22 anvisa
422 1464 28 15 en
475 1464 84 15 summa
580 1457 25 22 af
625 1459 78 26 12,000
721 1457 62 22 mark
799 1457 85 27 ärligen

202 1505 108 18 Allmänna
322 1505 182 22 petitionsutskottets
518 1505 117 18 betänkande
647 1505 38 19 N:o
697 1506 28 17 16.
