<?xml version="1.0" encoding="UTF-8"?>
<alto xmlns="http://www.loc.gov/standards/alto/ns-v3#" xmlns:xlink="http://www.w3.org/1999/xlink" xmlns:xsi="http://www.w3.org/2001/XMLSchema-instance" xsi:schemaLocation="http://www.loc.gov/standards/alto/ns-v3# http://www.loc.gov/alto/v3/alto-3-0.xsd">
	<Description>
		<MeasurementUnit>pixel</MeasurementUnit>
		<sourceImageInformation>
			<fileName>/tmp/tess_u5_ryip3_input.PNG</fileName>
		</sourceImageInformation>
		<OCRProcessing ID="OCR_0">
			<ocrProcessingStep>
				<processingSoftware>
					<softwareName>tesseract 5.3.4</softwareName>
				</processingSoftware>
			</ocrProcessingStep>
		</OCRProcessing>
	</Description>
	<Layout>
		<Page WIDTH="1070" HEIGHT="1739" PHYSICAL_IMG_NR="0" ID="page_0">
			<PrintSpace HPOS="0" VPOS="0" WIDTH="1070" HEIGHT="1739">
				<ComposedBlock ID="cblock_0" HPOS="299" VPOS="181" WIDTH="554" HEIGHT="23">
					<TextBlock ID="block_0" HPOS="299" VPOS="181" WIDTH="554" HEIGHT="23">
						<TextLine ID="line_0" HPOS="299" VPOS="181" WIDTH="554" HEIGHT="23">
							<String ID="string_0" HPOS="299" VPOS="181" WIDTH="279" HEIGHT="22" WC="0.91" CONTENT="Petitionsbetänkande"/><SP WIDTH="16" VPOS="181" HPOS="578"/>
							<String ID="string_1" HPOS="594" VPOS="181" WIDTH="43" HEIGHT="22" WC="0.96" CONTENT="N:o"/><SP WIDTH="18" VPOS="181" HPOS="637"/>
							<String ID="string_2" HPOS="655" VPOS="181" WIDTH="38" HEIGHT="23" WC="0.96" CONTENT="13."/><SP WIDTH="134" VPOS="181" HPOS="693"/>
							<String ID="string_3" HPOS="827" VPOS="182" WIDTH="26" HEIGHT="20" WC="0.96" CONTENT="29"/>
						</TextLine>
					</TextBlock>
				</ComposedBlock>
				<ComposedBlock ID="cblock_1" HPOS="95" VPOS="243" WIDTH="759" HEIGHT="97">
					<TextBlock ID="block_1" HPOS="95" VPOS="243" WIDTH="759" HEIGHT="97">
						<TextLine ID="line_1" HPOS="163" VPOS="243" WIDTH="691" HEIGHT="27">
							<String ID="string_4" HPOS="163" VPOS="243" WIDTH="32" HEIGHT="22" WC="0.96" CONTENT="På"/><SP WIDTH="15" VPOS="243" HPOS="195"/>
							<String ID="string_5" HPOS="210" VPOS="243" WIDTH="75" HEIGHT="27" WC="0.96" CONTENT="grund"/><SP WIDTH="15" VPOS="243" HPOS="285"/>
							<String ID="string_6" HPOS="300" VPOS="244" WIDTH="25" HEIGHT="20" WC="0.96" CONTENT="af"/><SP WIDTH="13" VPOS="244" HPOS="325"/>
							<String ID="string_7" HPOS="338" VPOS="243" WIDTH="61" HEIGHT="22" WC="0.96" CONTENT="hvad"/><SP WIDTH="17" VPOS="243" HPOS="399"/>
							<String ID="string_8" HPOS="416" VPOS="244" WIDTH="114" HEIGHT="21" WC="0.96" CONTENT="Utskottet"/><SP WIDTH="14" VPOS="244" HPOS="530"/>
							<String ID="string_9" HPOS="544" VPOS="244" WIDTH="68" HEIGHT="21" WC="0.96" CONTENT="ofvan"/><SP WIDTH="14" VPOS="244" HPOS="612"/>
							<String ID="string_10" HPOS="626" VPOS="245" WIDTH="127" HEIGHT="20" WC="0.96" CONTENT="framhållit"/><SP WIDTH="20" VPOS="245" HPOS="753"/>
							<String ID="string_11" HPOS="773" VPOS="244" WIDTH="34" HEIGHT="21" WC="0.93" CONTENT="får"/><SP WIDTH="11" VPOS="244" HPOS="807"/>
							<String ID="string_12" HPOS="818" VPOS="244" WIDTH="36" HEIGHT="21" WC="0.92" CONTENT="Ut-"/>
						</TextLine>
						<TextLine ID="line_2" HPOS="95" VPOS="277" WIDTH="759" HEIGHT="28">
							<String ID="string_13" HPOS="95" VPOS="277" WIDTH="82" HEIGHT="22" WC="0.93" CONTENT="skottet"/><SP WIDTH="15" VPOS="277" HPOS="177"/>
							<String ID="string_14" HPOS="192" VPOS="277" WIDTH="118" HEIGHT="22" WC="0.91" CONTENT="vördsamt"/><SP WIDTH="15" VPOS="277" HPOS="310"/>
							<String ID="string_15" HPOS="325" VPOS="278" WIDTH="83" HEIGHT="21" WC="0.96" CONTENT="föreslå"/><SP WIDTH="16" VPOS="278" HPOS="408"/>
							<String ID="string_16" HPOS="424" VPOS="280" WIDTH="32" HEIGHT="19" WC="0.93" CONTENT="att"/><SP WIDTH="15" VPOS="280" HPOS="456"/>
							<String ID="string_17" HPOS="471" VPOS="278" WIDTH="128" HEIGHT="21" WC="0.92" CONTENT="Ständerna"/><SP WIDTH="15" VPOS="278" HPOS="599"/>
							<String ID="string_18" HPOS="614" VPOS="278" WIDTH="52" HEIGHT="21" WC="0.96" CONTENT="ville"/><SP WIDTH="16" VPOS="278" HPOS="666"/>
							<String ID="string_19" HPOS="682" VPOS="278" WIDTH="34" HEIGHT="21" WC="0.96" CONTENT="till"/><SP WIDTH="14" VPOS="278" HPOS="716"/>
							<String ID="string_20" HPOS="730" VPOS="279" WIDTH="64" HEIGHT="20" WC="0.93" CONTENT="Hans"/><SP WIDTH="12" VPOS="279" HPOS="794"/>
							<String ID="string_21" HPOS="806" VPOS="278" WIDTH="48" HEIGHT="27" WC="0.90" CONTENT="Kej-"/>
						</TextLine>
						<TextLine ID="line_3" HPOS="96" VPOS="312" WIDTH="758" HEIGHT="28">
							<String ID="string_22" HPOS="96" VPOS="312" WIDTH="80" HEIGHT="27" WC="0.91" CONTENT="serliga"/><SP WIDTH="22" VPOS="312" HPOS="176"/>
							<String ID="string_23" HPOS="198" VPOS="312" WIDTH="105" HEIGHT="27" WC="0.96" CONTENT="Majestät"/><SP WIDTH="17" VPOS="312" HPOS="303"/>
							<String ID="string_24" HPOS="320" VPOS="312" WIDTH="54" HEIGHT="27" WC="0.96" CONTENT="ingå"/><SP WIDTH="15" VPOS="312" HPOS="374"/>
							<String ID="string_25" HPOS="389" VPOS="312" WIDTH="53" HEIGHT="21" WC="0.96" CONTENT="med"/><SP WIDTH="16" VPOS="312" HPOS="442"/>
							<String ID="string_26" HPOS="458" VPOS="319" WIDTH="29" HEIGHT="14" WC="0.93" CONTENT="en"/><SP WIDTH="15" VPOS="319" HPOS="487"/>
							<String ID="string_27" HPOS="502" VPOS="313" WIDTH="144" HEIGHT="26" WC="0.92" CONTENT="underdånig"/><SP WIDTH="16" VPOS="313" HPOS="646"/>
							<String ID="string_28" HPOS="662" VPOS="313" WIDTH="96" HEIGHT="27" WC="0.96" CONTENT="petition"/><SP WIDTH="16" VPOS="313" HPOS="758"/>
							<String ID="string_29" HPOS="774" VPOS="313" WIDTH="80" HEIGHT="20" WC="0.96" CONTENT="därom"/>
						</TextLine>
					</TextBlock>
				</ComposedBlock>
				<ComposedBlock ID="cblock_2" HPOS="300" VPOS="392" WIDTH="564" HEIGHT="1124">
					<TextBlock ID="block_2" HPOS="300" VPOS="392" WIDTH="556" HEIGHT="200">
						<TextLine ID="line_4" HPOS="371" VPOS="392" WIDTH="485" HEIGHT="28">
							<String ID="string_30" HPOS="371" VPOS="394" WIDTH="33" HEIGHT="19" WC="0.95" CONTENT="att"/><SP WIDTH="22" VPOS="394" HPOS="404"/>
							<String ID="string_31" HPOS="426" VPOS="392" WIDTH="65" HEIGHT="21" WC="0.96" CONTENT="Hans"/><SP WIDTH="22" VPOS="392" HPOS="491"/>
							<String ID="string_32" HPOS="513" VPOS="392" WIDTH="124" HEIGHT="28" WC="0.96" CONTENT="Kejserliga"/><SP WIDTH="19" VPOS="392" HPOS="637"/>
							<String ID="string_33" HPOS="656" VPOS="392" WIDTH="107" HEIGHT="28" WC="0.93" CONTENT="Majestät"/><SP WIDTH="15" VPOS="392" HPOS="763"/>
							<String ID="string_34" HPOS="778" VPOS="393" WIDTH="78" HEIGHT="20" WC="0.96" CONTENT="täcktes"/>
						</TextLine>
						<TextLine ID="line_5" HPOS="301" VPOS="426" WIDTH="554" HEIGHT="28">
							<String ID="string_35" HPOS="301" VPOS="426" WIDTH="110" HEIGHT="28" WC="0.93" CONTENT="förelägga"/><SP WIDTH="17" VPOS="426" HPOS="411"/>
							<String ID="string_36" HPOS="428" VPOS="426" WIDTH="127" HEIGHT="21" WC="0.88" CONTENT="Ständerna"/><SP WIDTH="18" VPOS="426" HPOS="555"/>
							<String ID="string_37" HPOS="573" VPOS="427" WIDTH="68" HEIGHT="27" WC="0.96" CONTENT="nådig"/><SP WIDTH="16" VPOS="427" HPOS="641"/>
							<String ID="string_38" HPOS="657" VPOS="427" WIDTH="141" HEIGHT="27" WC="0.96" CONTENT="proposition"/><SP WIDTH="22" VPOS="427" HPOS="798"/>
							<String ID="string_39" HPOS="820" VPOS="427" WIDTH="35" HEIGHT="20" WC="0.96" CONTENT="till"/>
						</TextLine>
						<TextLine ID="line_6" HPOS="302" VPOS="461" WIDTH="554" HEIGHT="28">
							<String ID="string_40" HPOS="302" VPOS="462" WIDTH="35" HEIGHT="26" WC="0.96" CONTENT="lag"/><SP WIDTH="15" VPOS="462" HPOS="337"/>
							<String ID="string_41" HPOS="352" VPOS="461" WIDTH="113" HEIGHT="27" WC="0.95" CONTENT="angående"/><SP WIDTH="22" VPOS="461" HPOS="465"/>
							<String ID="string_42" HPOS="487" VPOS="462" WIDTH="92" HEIGHT="20" WC="0.95" CONTENT="svenska"/><SP WIDTH="23" VPOS="462" HPOS="579"/>
							<String ID="string_43" HPOS="602" VPOS="462" WIDTH="39" HEIGHT="20" WC="0.94" CONTENT="och"/><SP WIDTH="21" VPOS="462" HPOS="641"/>
							<String ID="string_44" HPOS="662" VPOS="461" WIDTH="74" HEIGHT="27" WC="0.94" CONTENT="finska"/><SP WIDTH="15" VPOS="461" HPOS="736"/>
							<String ID="string_45" HPOS="751" VPOS="461" WIDTH="105" HEIGHT="28" WC="0.95" CONTENT="språkens"/>
						</TextLine>
						<TextLine ID="line_7" HPOS="303" VPOS="496" WIDTH="553" HEIGHT="28">
							<String ID="string_46" HPOS="303" VPOS="496" WIDTH="141" HEIGHT="27" WC="0.93" CONTENT="likställighet"/><SP WIDTH="8" VPOS="496" HPOS="444"/>
							<String ID="string_47" HPOS="452" VPOS="496" WIDTH="38" HEIGHT="20" WC="0.96" CONTENT="vid"/><SP WIDTH="7" VPOS="496" HPOS="490"/>
							<String ID="string_48" HPOS="497" VPOS="496" WIDTH="119" HEIGHT="21" WC="0.96" CONTENT="domstolar"/><SP WIDTH="8" VPOS="496" HPOS="616"/>
							<String ID="string_49" HPOS="624" VPOS="496" WIDTH="39" HEIGHT="21" WC="0.93" CONTENT="och"/><SP WIDTH="8" VPOS="496" HPOS="663"/>
							<String ID="string_50" HPOS="671" VPOS="496" WIDTH="185" HEIGHT="28" WC="0.92" CONTENT="ämbetsmyndig-"/>
						</TextLine>
						<TextLine ID="line_8" HPOS="302" VPOS="530" WIDTH="554" HEIGHT="28">
							<String ID="string_51" HPOS="302" VPOS="530" WIDTH="58" HEIGHT="21" WC="0.95" CONTENT="heter"/><SP WIDTH="21" VPOS="530" HPOS="360"/>
							<String ID="string_52" HPOS="381" VPOS="530" WIDTH="11" HEIGHT="20" WC="0.95" CONTENT="i"/><SP WIDTH="21" VPOS="530" HPOS="392"/>
							<String ID="string_53" HPOS="413" VPOS="530" WIDTH="108" HEIGHT="27" WC="0.93" CONTENT="Finland,"/><SP WIDTH="19" VPOS="530" HPOS="521"/>
							<String ID="string_54" HPOS="540" VPOS="530" WIDTH="99" HEIGHT="28" WC="0.85" CONTENT="affattad"/><SP WIDTH="26" VPOS="530" HPOS="639"/>
							<String ID="string_55" HPOS="665" VPOS="530" WIDTH="70" HEIGHT="28" WC="0.95" CONTENT="enligt"/><SP WIDTH="23" VPOS="530" HPOS="735"/>
							<String ID="string_56" HPOS="758" VPOS="530" WIDTH="98" HEIGHT="28" WC="0.90" CONTENT="följande"/>
						</TextLine>
						<TextLine ID="line_9" HPOS="300" VPOS="564" WIDTH="110" HEIGHT="28">
							<String ID="string_57" HPOS="300" VPOS="564" WIDTH="110" HEIGHT="28" WC="0.91" CONTENT="grunder"/><SP WIDTH="-9" VPOS="564" HPOS="410"/>
							<String ID="string_58" HPOS="401" VPOS="560" WIDTH="12" HEIGHT="36" WC="0.91" CONTENT=":"/>
						</TextLine>
					</TextBlock>
					<TextBlock ID="block_3" HPOS="302" VPOS="598" WIDTH="554" HEIGHT="97">
						<TextLine ID="line_10" HPOS="370" VPOS="598" WIDTH="484" HEIGHT="28">
							<String ID="string_59" HPOS="370" VPOS="599" WIDTH="34" HEIGHT="20" WC="0.86" CONTENT="1:o"/><SP WIDTH="16" VPOS="599" HPOS="404"/>
							<String ID="string_60" HPOS="420" VPOS="600" WIDTH="34" HEIGHT="20" WC="0.93" CONTENT="att"/><SP WIDTH="14" VPOS="600" HPOS="454"/>
							<String ID="string_61" HPOS="468" VPOS="598" WIDTH="95" HEIGHT="22" WC="0.89" CONTENT="ämbets-"/><SP WIDTH="18" VPOS="598" HPOS="563"/>
							<String ID="string_62" HPOS="581" VPOS="599" WIDTH="38" HEIGHT="21" WC="0.93" CONTENT="och"/><SP WIDTH="19" VPOS="599" HPOS="619"/>
							<String ID="string_63" HPOS="638" VPOS="599" WIDTH="135" HEIGHT="27" WC="0.96" CONTENT="tjänsteman"/><SP WIDTH="15" VPOS="599" HPOS="773"/>
							<String ID="string_64" HPOS="788" VPOS="598" WIDTH="10" HEIGHT="21" WC="0.90" CONTENT="i"/><SP WIDTH="14" VPOS="598" HPOS="798"/>
							<String ID="string_65" HPOS="812" VPOS="598" WIDTH="42" HEIGHT="21" WC="0.92" CONTENT="all-"/>
						</TextLine>
						<TextLine ID="line_11" HPOS="302" VPOS="633" WIDTH="554" HEIGHT="27">
							<String ID="string_66" HPOS="302" VPOS="634" WIDTH="54" HEIGHT="20" WC="0.96" CONTENT="män"/><SP WIDTH="15" VPOS="634" HPOS="356"/>
							<String ID="string_67" HPOS="371" VPOS="633" WIDTH="70" HEIGHT="27" WC="0.96" CONTENT="tjänst"/><SP WIDTH="13" VPOS="633" HPOS="441"/>
							<String ID="string_68" HPOS="454" VPOS="633" WIDTH="58" HEIGHT="21" WC="0.96" CONTENT="skall"/><SP WIDTH="15" VPOS="633" HPOS="512"/>
							<String ID="string_69" HPOS="527" VPOS="640" WIDTH="54" HEIGHT="14" WC="0.93" CONTENT="vara"/><SP WIDTH="14" VPOS="640" HPOS="581"/>
							<String ID="string_70" HPOS="595" VPOS="633" WIDTH="83" HEIGHT="27" WC="0.92" CONTENT="mäktig"/><SP WIDTH="14" VPOS="633" HPOS="678"/>
							<String ID="string_71" HPOS="692" VPOS="633" WIDTH="84" HEIGHT="21" WC="0.91" CONTENT="landets"/><SP WIDTH="16" VPOS="633" HPOS="776"/>
							<String ID="string_72" HPOS="792" VPOS="633" WIDTH="64" HEIGHT="27" WC="0.95" CONTENT="bägge"/>
						</TextLine>
						<TextLine ID="line_12" HPOS="303" VPOS="667" WIDTH="77" HEIGHT="28">
							<String ID="string_73" HPOS="303" VPOS="667" WIDTH="77" HEIGHT="28" WC="0.91" CONTENT="spräk;"/>
						</TextLine>
					</TextBlock>
					<TextBlock ID="block_4" HPOS="303" VPOS="701" WIDTH="554" HEIGHT="96">
						<TextLine ID="line_13" HPOS="373" VPOS="701" WIDTH="484" HEIGHT="27">
							<String ID="string_74" HPOS="373" VPOS="702" WIDTH="37" HEIGHT="20" WC="0.91" CONTENT="2:0"/><SP WIDTH="16" VPOS="702" HPOS="410"/>
							<String ID="string_75" HPOS="426" VPOS="703" WIDTH="33" HEIGHT="19" WC="0.93" CONTENT="att"/><SP WIDTH="15" VPOS="703" HPOS="459"/>
							<String ID="string_76" HPOS="474" VPOS="702" WIDTH="84" HEIGHT="20" WC="0.91" CONTENT="enhvar"/><SP WIDTH="23" VPOS="702" HPOS="558"/>
							<String ID="string_77" HPOS="581" VPOS="708" WIDTH="48" HEIGHT="20" WC="0.91" CONTENT="eger"/><SP WIDTH="20" VPOS="708" HPOS="629"/>
							<String ID="string_78" HPOS="649" VPOS="701" WIDTH="35" HEIGHT="21" WC="0.95" CONTENT="till"/><SP WIDTH="15" VPOS="701" HPOS="684"/>
							<String ID="string_79" HPOS="699" VPOS="701" WIDTH="93" HEIGHT="21" WC="0.96" CONTENT="domstol"/><SP WIDTH="14" VPOS="701" HPOS="792"/>
							<String ID="string_80" HPOS="806" VPOS="701" WIDTH="51" HEIGHT="21" WC="0.96" CONTENT="eller"/>
						</TextLine>
						<TextLine ID="line_14" HPOS="303" VPOS="735" WIDTH="554" HEIGHT="28">
							<String ID="string_81" HPOS="303" VPOS="742" WIDTH="79" HEIGHT="14" WC="0.92" CONTENT="annan"/><SP WIDTH="21" VPOS="742" HPOS="382"/>
							<String ID="string_82" HPOS="403" VPOS="736" WIDTH="130" HEIGHT="27" WC="0.91" CONTENT="myndighet"/><SP WIDTH="21" VPOS="736" HPOS="533"/>
							<String ID="string_83" HPOS="554" VPOS="736" WIDTH="9" HEIGHT="20" WC="0.95" CONTENT="i"/><SP WIDTH="22" VPOS="736" HPOS="563"/>
							<String ID="string_84" HPOS="585" VPOS="736" WIDTH="75" HEIGHT="20" WC="0.93" CONTENT="landet"/><SP WIDTH="21" VPOS="736" HPOS="660"/>
							<String ID="string_85" HPOS="681" VPOS="736" WIDTH="74" HEIGHT="20" WC="0.92" CONTENT="vända"/><SP WIDTH="22" VPOS="736" HPOS="755"/>
							<String ID="string_86" HPOS="777" VPOS="735" WIDTH="33" HEIGHT="28" WC="0.96" CONTENT="sig"/><SP WIDTH="15" VPOS="735" HPOS="810"/>
							<String ID="string_87" HPOS="825" VPOS="735" WIDTH="32" HEIGHT="28" WC="0.96" CONTENT="pä"/>
						</TextLine>
						<TextLine ID="line_15" HPOS="303" VPOS="769" WIDTH="361" HEIGHT="28">
							<String ID="string_88" HPOS="303" VPOS="770" WIDTH="92" HEIGHT="20" WC="0.96" CONTENT="svenska"/><SP WIDTH="15" VPOS="770" HPOS="395"/>
							<String ID="string_89" HPOS="410" VPOS="770" WIDTH="52" HEIGHT="20" WC="0.96" CONTENT="eller"/><SP WIDTH="15" VPOS="770" HPOS="462"/>
							<String ID="string_90" HPOS="477" VPOS="770" WIDTH="74" HEIGHT="27" WC="0.93" CONTENT="finska"/><SP WIDTH="14" VPOS="770" HPOS="551"/>
							<String ID="string_91" HPOS="565" VPOS="769" WIDTH="99" HEIGHT="28" WC="0.91" CONTENT="spräket;"/>
						</TextLine>
					</TextBlock>
					<TextBlock ID="block_5" HPOS="302" VPOS="804" WIDTH="562" HEIGHT="233">
						<TextLine ID="line_16" HPOS="374" VPOS="804" WIDTH="481" HEIGHT="27">
							<String ID="string_92" HPOS="374" VPOS="804" WIDTH="37" HEIGHT="20" WC="0.59" CONTENT="3:0"/><SP WIDTH="23" VPOS="804" HPOS="411"/>
							<String ID="string_93" HPOS="434" VPOS="805" WIDTH="33" HEIGHT="19" WC="0.90" CONTENT="att"/><SP WIDTH="23" VPOS="805" HPOS="467"/>
							<String ID="string_94" HPOS="490" VPOS="804" WIDTH="107" HEIGHT="27" WC="0.91" CONTENT="sakegare,"/><SP WIDTH="13" VPOS="804" HPOS="597"/>
							<String ID="string_95" HPOS="610" VPOS="805" WIDTH="62" HEIGHT="19" WC="0.96" CONTENT="utom"/><SP WIDTH="14" VPOS="805" HPOS="672"/>
							<String ID="string_96" HPOS="686" VPOS="804" WIDTH="11" HEIGHT="20" WC="0.95" CONTENT="i"/><SP WIDTH="14" VPOS="804" HPOS="697"/>
							<String ID="string_97" HPOS="711" VPOS="804" WIDTH="73" HEIGHT="20" WC="0.93" CONTENT="nedan"/><SP WIDTH="14" VPOS="804" HPOS="784"/>
							<String ID="string_98" HPOS="798" VPOS="810" WIDTH="57" HEIGHT="21" WC="0.92" CONTENT="upp-"/>
						</TextLine>
						<TextLine ID="line_17" HPOS="304" VPOS="838" WIDTH="554" HEIGHT="28">
							<String ID="string_99" HPOS="304" VPOS="840" WIDTH="68" HEIGHT="25" WC="0.95" CONTENT="tagna"/><SP WIDTH="25" VPOS="840" HPOS="372"/>
							<String ID="string_100" HPOS="397" VPOS="838" WIDTH="49" HEIGHT="27" WC="0.93" CONTENT="fall,"/><SP WIDTH="16" VPOS="838" HPOS="446"/>
							<String ID="string_101" HPOS="462" VPOS="845" WIDTH="48" HEIGHT="21" WC="0.96" CONTENT="eger"/><SP WIDTH="19" VPOS="845" HPOS="510"/>
							<String ID="string_102" HPOS="529" VPOS="838" WIDTH="38" HEIGHT="21" WC="0.93" CONTENT="vid"/><SP WIDTH="14" VPOS="838" HPOS="567"/>
							<String ID="string_103" HPOS="581" VPOS="838" WIDTH="63" HEIGHT="21" WC="0.96" CONTENT="såväl"/><SP WIDTH="16" VPOS="838" HPOS="644"/>
							<String ID="string_104" HPOS="660" VPOS="838" WIDTH="57" HEIGHT="27" WC="0.96" CONTENT="lägre"/><SP WIDTH="15" VPOS="838" HPOS="717"/>
							<String ID="string_105" HPOS="732" VPOS="845" WIDTH="48" HEIGHT="14" WC="0.96" CONTENT="som"/><SP WIDTH="14" VPOS="845" HPOS="780"/>
							<String ID="string_106" HPOS="794" VPOS="838" WIDTH="64" HEIGHT="27" WC="0.96" CONTENT="högre"/>
						</TextLine>
						<TextLine ID="line_18" HPOS="304" VPOS="872" WIDTH="554" HEIGHT="28">
							<String ID="string_107" HPOS="304" VPOS="872" WIDTH="93" HEIGHT="22" WC="0.96" CONTENT="domstol"/><SP WIDTH="22" VPOS="872" HPOS="397"/>
							<String ID="string_108" HPOS="419" VPOS="872" WIDTH="40" HEIGHT="21" WC="0.93" CONTENT="och"/><SP WIDTH="21" VPOS="872" HPOS="459"/>
							<String ID="string_109" HPOS="480" VPOS="872" WIDTH="128" HEIGHT="28" WC="0.91" CONTENT="myndighet"/><SP WIDTH="22" VPOS="872" HPOS="608"/>
							<String ID="string_110" HPOS="630" VPOS="874" WIDTH="46" HEIGHT="19" WC="0.96" CONTENT="rätt"/><SP WIDTH="22" VPOS="874" HPOS="676"/>
							<String ID="string_111" HPOS="698" VPOS="874" WIDTH="34" HEIGHT="19" WC="0.96" CONTENT="att"/><SP WIDTH="17" VPOS="874" HPOS="732"/>
							<String ID="string_112" HPOS="749" VPOS="872" WIDTH="10" HEIGHT="20" WC="0.93" CONTENT="i"/><SP WIDTH="14" VPOS="872" HPOS="759"/>
							<String ID="string_113" HPOS="773" VPOS="872" WIDTH="85" HEIGHT="26" WC="0.92" CONTENT="ärende,"/>
						</TextLine>
						<TextLine ID="line_19" HPOS="304" VPOS="906" WIDTH="553" HEIGHT="28">
							<String ID="string_114" HPOS="304" VPOS="914" WIDTH="47" HEIGHT="14" WC="0.96" CONTENT="som"/><SP WIDTH="15" VPOS="914" HPOS="351"/>
							<String ID="string_115" HPOS="366" VPOS="906" WIDTH="30" HEIGHT="28" WC="0.96" CONTENT="af"/><SP WIDTH="11" VPOS="906" HPOS="396"/>
							<String ID="string_116" HPOS="407" VPOS="906" WIDTH="82" HEIGHT="22" WC="0.93" CONTENT="honom"/><SP WIDTH="23" VPOS="906" HPOS="489"/>
							<String ID="string_117" HPOS="512" VPOS="907" WIDTH="181" HEIGHT="27" WC="0.92" CONTENT="anhängiggöres,"/><SP WIDTH="22" VPOS="907" HPOS="693"/>
							<String ID="string_118" HPOS="715" VPOS="906" WIDTH="52" HEIGHT="28" WC="0.91" CONTENT="utfä"/><SP WIDTH="14" VPOS="906" HPOS="767"/>
							<String ID="string_119" HPOS="781" VPOS="908" WIDTH="76" HEIGHT="26" WC="0.92" CONTENT="proto-"/>
						</TextLine>
						<TextLine ID="line_20" HPOS="304" VPOS="941" WIDTH="556" HEIGHT="27">
							<String ID="string_120" HPOS="304" VPOS="941" WIDTH="49" HEIGHT="27" WC="0.90" CONTENT="koll,"/><SP WIDTH="16" VPOS="941" HPOS="353"/>
							<String ID="string_121" HPOS="369" VPOS="941" WIDTH="74" HEIGHT="27" WC="0.92" CONTENT="utslag"/><SP WIDTH="13" VPOS="941" HPOS="443"/>
							<String ID="string_122" HPOS="456" VPOS="941" WIDTH="39" HEIGHT="21" WC="0.96" CONTENT="och"/><SP WIDTH="15" VPOS="941" HPOS="495"/>
							<String ID="string_123" HPOS="510" VPOS="948" WIDTH="79" HEIGHT="14" WC="0.93" CONTENT="annan"/><SP WIDTH="10" VPOS="948" HPOS="589"/>
							<String ID="string_124" HPOS="599" VPOS="941" WIDTH="125" HEIGHT="27" WC="0.91" CONTENT="expedition"/><SP WIDTH="14" VPOS="941" HPOS="724"/>
							<String ID="string_125" HPOS="738" VPOS="941" WIDTH="10" HEIGHT="21" WC="0.96" CONTENT="i"/><SP WIDTH="15" VPOS="941" HPOS="748"/>
							<String ID="string_126" HPOS="763" VPOS="941" WIDTH="97" HEIGHT="27" WC="0.95" CONTENT="original"/>
						</TextLine>
						<TextLine ID="line_21" HPOS="302" VPOS="974" WIDTH="562" HEIGHT="29">
							<String ID="string_127" HPOS="302" VPOS="975" WIDTH="32" HEIGHT="28" WC="0.96" CONTENT="pä"/><SP WIDTH="14" VPOS="975" HPOS="334"/>
							<String ID="string_128" HPOS="348" VPOS="976" WIDTH="36" HEIGHT="20" WC="0.93" CONTENT="det"/><SP WIDTH="14" VPOS="976" HPOS="384"/>
							<String ID="string_129" HPOS="398" VPOS="975" WIDTH="72" HEIGHT="27" WC="0.90" CONTENT="spräk,"/><SP WIDTH="16" VPOS="975" HPOS="470"/>
							<String ID="string_130" HPOS="486" VPOS="976" WIDTH="92" HEIGHT="20" WC="0.96" CONTENT="svenska"/><SP WIDTH="15" VPOS="976" HPOS="578"/>
							<String ID="string_131" HPOS="593" VPOS="976" WIDTH="51" HEIGHT="20" WC="0.97" CONTENT="eller"/><SP WIDTH="12" VPOS="976" HPOS="644"/>
							<String ID="string_132" HPOS="656" VPOS="975" WIDTH="79" HEIGHT="28" WC="0.96" CONTENT="finska,"/><SP WIDTH="11" VPOS="975" HPOS="735"/>
							<String ID="string_133" HPOS="746" VPOS="975" WIDTH="45" HEIGHT="21" WC="0.93" CONTENT="han"/><SP WIDTH="15" VPOS="975" HPOS="791"/>
							<String ID="string_134" HPOS="806" VPOS="974" WIDTH="58" HEIGHT="28" WC="0.92" CONTENT="själf"/>
						</TextLine>
						<TextLine ID="line_22" HPOS="306" VPOS="1010" WIDTH="261" HEIGHT="27">
							<String ID="string_135" HPOS="306" VPOS="1010" WIDTH="106" HEIGHT="27" WC="0.95" CONTENT="begagnat"/><SP WIDTH="14" VPOS="1010" HPOS="412"/>
							<String ID="string_136" HPOS="426" VPOS="1010" WIDTH="53" HEIGHT="20" WC="0.93" CONTENT="eller"/><SP WIDTH="15" VPOS="1010" HPOS="479"/>
							<String ID="string_137" HPOS="494" VPOS="1010" WIDTH="73" HEIGHT="25" WC="0.92" CONTENT="äskat;"/>
						</TextLine>
					</TextBlock>
					<TextBlock ID="block_6" HPOS="304" VPOS="1043" WIDTH="560" HEIGHT="232">
						<TextLine ID="line_23" HPOS="375" VPOS="1043" WIDTH="489" HEIGHT="28">
							<String ID="string_138" HPOS="375" VPOS="1045" WIDTH="36" HEIGHT="19" WC="0.85" CONTENT="4:o"/><SP WIDTH="23" VPOS="1045" HPOS="411"/>
							<String ID="string_139" HPOS="434" VPOS="1046" WIDTH="34" HEIGHT="18" WC="0.96" CONTENT="att"/><SP WIDTH="15" VPOS="1046" HPOS="468"/>
							<String ID="string_140" HPOS="483" VPOS="1044" WIDTH="41" HEIGHT="21" WC="0.93" CONTENT="där"/><SP WIDTH="14" VPOS="1044" HPOS="524"/>
							<String ID="string_141" HPOS="538" VPOS="1044" WIDTH="79" HEIGHT="21" WC="0.92" CONTENT="ärende"/><SP WIDTH="23" VPOS="1044" HPOS="617"/>
							<String ID="string_142" HPOS="640" VPOS="1044" WIDTH="181" HEIGHT="27" WC="0.89" CONTENT="anhängiggjorts"/><SP WIDTH="15" VPOS="1044" HPOS="821"/>
							<String ID="string_143" HPOS="836" VPOS="1043" WIDTH="28" HEIGHT="27" WC="0.97" CONTENT="af"/>
						</TextLine>
						<TextLine ID="line_24" HPOS="307" VPOS="1078" WIDTH="553" HEIGHT="28">
							<String ID="string_144" HPOS="307" VPOS="1078" WIDTH="51" HEIGHT="28" WC="0.92" CONTENT="flere"/><SP WIDTH="14" VPOS="1078" HPOS="358"/>
							<String ID="string_145" HPOS="372" VPOS="1078" WIDTH="103" HEIGHT="28" WC="0.89" CONTENT="sakegare"/><SP WIDTH="16" VPOS="1078" HPOS="475"/>
							<String ID="string_146" HPOS="491" VPOS="1078" WIDTH="40" HEIGHT="21" WC="0.93" CONTENT="och"/><SP WIDTH="14" VPOS="1078" HPOS="531"/>
							<String ID="string_147" HPOS="545" VPOS="1078" WIDTH="58" HEIGHT="21" WC="0.93" CONTENT="desse"/><SP WIDTH="11" VPOS="1078" HPOS="603"/>
							<String ID="string_148" HPOS="614" VPOS="1078" WIDTH="97" HEIGHT="28" WC="0.96" CONTENT="begagna"/><SP WIDTH="10" VPOS="1078" HPOS="711"/>
							<String ID="string_149" HPOS="721" VPOS="1078" WIDTH="58" HEIGHT="21" WC="0.93" CONTENT="olika"/><SP WIDTH="9" VPOS="1078" HPOS="779"/>
							<String ID="string_150" HPOS="788" VPOS="1078" WIDTH="72" HEIGHT="27" WC="0.96" CONTENT="språk,"/>
						</TextLine>
						<TextLine ID="line_25" HPOS="305" VPOS="1112" WIDTH="556" HEIGHT="28">
							<String ID="string_151" HPOS="305" VPOS="1112" WIDTH="125" HEIGHT="28" WC="0.96" CONTENT="expedition"/><SP WIDTH="12" VPOS="1112" HPOS="430"/>
							<String ID="string_152" HPOS="442" VPOS="1112" WIDTH="57" HEIGHT="22" WC="0.93" CONTENT="skall"/><SP WIDTH="12" VPOS="1112" HPOS="499"/>
							<String ID="string_153" HPOS="511" VPOS="1112" WIDTH="103" HEIGHT="28" WC="0.96" CONTENT="utfärdas"/><SP WIDTH="9" VPOS="1112" HPOS="614"/>
							<String ID="string_154" HPOS="623" VPOS="1112" WIDTH="31" HEIGHT="28" WC="0.96" CONTENT="pä"/><SP WIDTH="11" VPOS="1112" HPOS="654"/>
							<String ID="string_155" HPOS="665" VPOS="1113" WIDTH="35" HEIGHT="21" WC="0.93" CONTENT="det"/><SP WIDTH="11" VPOS="1113" HPOS="700"/>
							<String ID="string_156" HPOS="711" VPOS="1112" WIDTH="72" HEIGHT="28" WC="0.93" CONTENT="språk,"/><SP WIDTH="16" VPOS="1112" HPOS="783"/>
							<String ID="string_157" HPOS="799" VPOS="1118" WIDTH="62" HEIGHT="15" WC="0.91" CONTENT="sven-"/>
						</TextLine>
						<TextLine ID="line_26" HPOS="304" VPOS="1146" WIDTH="556" HEIGHT="28">
							<String ID="string_158" HPOS="304" VPOS="1147" WIDTH="39" HEIGHT="21" WC="0.96" CONTENT="ska"/><SP WIDTH="15" VPOS="1147" HPOS="343"/>
							<String ID="string_159" HPOS="358" VPOS="1147" WIDTH="53" HEIGHT="21" WC="0.96" CONTENT="eller"/><SP WIDTH="7" VPOS="1147" HPOS="411"/>
							<String ID="string_160" HPOS="418" VPOS="1146" WIDTH="81" HEIGHT="28" WC="0.93" CONTENT="finska,"/><SP WIDTH="10" VPOS="1146" HPOS="499"/>
							<String ID="string_161" HPOS="509" VPOS="1147" WIDTH="94" HEIGHT="27" WC="0.96" CONTENT="flertalet"/><SP WIDTH="12" VPOS="1147" HPOS="603"/>
							<String ID="string_162" HPOS="615" VPOS="1147" WIDTH="106" HEIGHT="27" WC="0.96" CONTENT="begagnat"/><SP WIDTH="10" VPOS="1147" HPOS="721"/>
							<String ID="string_163" HPOS="731" VPOS="1147" WIDTH="51" HEIGHT="21" WC="0.93" CONTENT="eller"/><SP WIDTH="10" VPOS="1147" HPOS="782"/>
							<String ID="string_164" HPOS="792" VPOS="1146" WIDTH="68" HEIGHT="27" WC="0.92" CONTENT="äskat,"/>
						</TextLine>
						<TextLine ID="line_27" HPOS="305" VPOS="1181" WIDTH="556" HEIGHT="28">
							<String ID="string_165" HPOS="305" VPOS="1188" WIDTH="51" HEIGHT="14" WC="0.97" CONTENT="men"/><SP WIDTH="15" VPOS="1188" HPOS="356"/>
							<String ID="string_166" HPOS="371" VPOS="1181" WIDTH="39" HEIGHT="21" WC="0.96" CONTENT="vid"/><SP WIDTH="15" VPOS="1181" HPOS="410"/>
							<String ID="string_167" HPOS="425" VPOS="1181" WIDTH="46" HEIGHT="21" WC="0.96" CONTENT="lika"/><SP WIDTH="22" VPOS="1181" HPOS="471"/>
							<String ID="string_168" HPOS="493" VPOS="1182" WIDTH="64" HEIGHT="20" WC="0.96" CONTENT="antal"/><SP WIDTH="14" VPOS="1182" HPOS="557"/>
							<String ID="string_169" HPOS="571" VPOS="1181" WIDTH="30" HEIGHT="28" WC="0.96" CONTENT="pä"/><SP WIDTH="15" VPOS="1181" HPOS="601"/>
							<String ID="string_170" HPOS="616" VPOS="1182" WIDTH="35" HEIGHT="20" WC="0.93" CONTENT="det"/><SP WIDTH="17" VPOS="1182" HPOS="651"/>
							<String ID="string_171" HPOS="668" VPOS="1181" WIDTH="73" HEIGHT="28" WC="0.91" CONTENT="spräk,"/><SP WIDTH="16" VPOS="1181" HPOS="741"/>
							<String ID="string_172" HPOS="757" VPOS="1181" WIDTH="104" HEIGHT="21" WC="0.93" CONTENT="domaren"/>
						</TextLine>
						<TextLine ID="line_28" HPOS="306" VPOS="1215" WIDTH="554" HEIGHT="28">
							<String ID="string_173" HPOS="306" VPOS="1216" WIDTH="52" HEIGHT="20" WC="0.92" CONTENT="eller"/><SP WIDTH="14" VPOS="1216" HPOS="358"/>
							<String ID="string_174" HPOS="372" VPOS="1215" WIDTH="158" HEIGHT="27" WC="0.90" CONTENT="myndigheten"/><SP WIDTH="16" VPOS="1215" HPOS="530"/>
							<String ID="string_175" HPOS="546" VPOS="1216" WIDTH="49" HEIGHT="20" WC="0.95" CONTENT="med"/><SP WIDTH="21" VPOS="1216" HPOS="595"/>
							<String ID="string_176" HPOS="616" VPOS="1215" WIDTH="89" HEIGHT="28" WC="0.95" CONTENT="hänsyn"/><SP WIDTH="16" VPOS="1215" HPOS="705"/>
							<String ID="string_177" HPOS="721" VPOS="1215" WIDTH="36" HEIGHT="21" WC="0.93" CONTENT="till"/><SP WIDTH="13" VPOS="1215" HPOS="757"/>
							<String ID="string_178" HPOS="770" VPOS="1215" WIDTH="90" HEIGHT="27" WC="0.89" CONTENT="sakega-"/>
						</TextLine>
						<TextLine ID="line_29" HPOS="305" VPOS="1249" WIDTH="555" HEIGHT="26">
							<String ID="string_179" HPOS="305" VPOS="1256" WIDTH="64" HEIGHT="14" WC="0.91" CONTENT="renes"/><SP WIDTH="15" VPOS="1256" HPOS="369"/>
							<String ID="string_180" HPOS="384" VPOS="1249" WIDTH="93" HEIGHT="21" WC="0.94" CONTENT="intresse"/><SP WIDTH="17" VPOS="1249" HPOS="477"/>
							<String ID="string_181" HPOS="494" VPOS="1250" WIDTH="39" HEIGHT="20" WC="0.91" CONTENT="och"/><SP WIDTH="14" VPOS="1250" HPOS="533"/>
							<String ID="string_182" HPOS="547" VPOS="1250" WIDTH="101" HEIGHT="20" WC="0.95" CONTENT="ärendets"/><SP WIDTH="22" VPOS="1250" HPOS="648"/>
							<String ID="string_183" HPOS="670" VPOS="1251" WIDTH="36" HEIGHT="19" WC="0.93" CONTENT="art"/><SP WIDTH="15" VPOS="1251" HPOS="706"/>
							<String ID="string_184" HPOS="721" VPOS="1250" WIDTH="139" HEIGHT="25" WC="0.96" CONTENT="bestämmer;"/>
						</TextLine>
					</TextBlock>
					<TextBlock ID="block_7" HPOS="306" VPOS="1283" WIDTH="556" HEIGHT="165">
						<TextLine ID="line_30" HPOS="378" VPOS="1283" WIDTH="482" HEIGHT="28">
							<String ID="string_185" HPOS="378" VPOS="1284" WIDTH="37" HEIGHT="20" WC="0.78" CONTENT="5:0"/><SP WIDTH="15" VPOS="1284" HPOS="415"/>
							<String ID="string_186" HPOS="430" VPOS="1285" WIDTH="35" HEIGHT="19" WC="0.96" CONTENT="att"/><SP WIDTH="15" VPOS="1285" HPOS="465"/>
							<String ID="string_187" HPOS="480" VPOS="1284" WIDTH="41" HEIGHT="20" WC="0.93" CONTENT="där"/><SP WIDTH="15" VPOS="1284" HPOS="521"/>
							<String ID="string_188" HPOS="536" VPOS="1284" WIDTH="78" HEIGHT="20" WC="0.96" CONTENT="ärende"/><SP WIDTH="22" VPOS="1284" HPOS="614"/>
							<String ID="string_189" HPOS="636" VPOS="1284" WIDTH="83" HEIGHT="26" WC="0.95" CONTENT="utföres"/><SP WIDTH="22" VPOS="1284" HPOS="719"/>
							<String ID="string_190" HPOS="741" VPOS="1283" WIDTH="29" HEIGHT="28" WC="0.92" CONTENT="af"/><SP WIDTH="11" VPOS="1283" HPOS="770"/>
							<String ID="string_191" HPOS="781" VPOS="1284" WIDTH="79" HEIGHT="20" WC="0.92" CONTENT="krono-"/>
						</TextLine>
						<TextLine ID="line_31" HPOS="306" VPOS="1318" WIDTH="556" HEIGHT="27">
							<String ID="string_192" HPOS="306" VPOS="1318" WIDTH="87" HEIGHT="27" WC="0.96" CONTENT="ombud,"/><SP WIDTH="15" VPOS="1318" HPOS="393"/>
							<String ID="string_193" HPOS="408" VPOS="1318" WIDTH="89" HEIGHT="21" WC="0.93" CONTENT="allmän"/><SP WIDTH="10" VPOS="1318" HPOS="497"/>
							<String ID="string_194" HPOS="507" VPOS="1318" WIDTH="103" HEIGHT="27" WC="0.96" CONTENT="åklagare"/><SP WIDTH="10" VPOS="1318" HPOS="610"/>
							<String ID="string_195" HPOS="620" VPOS="1318" WIDTH="52" HEIGHT="21" WC="0.96" CONTENT="eller"/><SP WIDTH="12" VPOS="1318" HPOS="672"/>
							<String ID="string_196" HPOS="684" VPOS="1325" WIDTH="79" HEIGHT="13" WC="0.93" CONTENT="annan"/><SP WIDTH="11" VPOS="1325" HPOS="763"/>
							<String ID="string_197" HPOS="774" VPOS="1318" WIDTH="88" HEIGHT="27" WC="0.92" CONTENT="tjänste-"/>
						</TextLine>
						<TextLine ID="line_32" HPOS="306" VPOS="1351" WIDTH="554" HEIGHT="28">
							<String ID="string_198" HPOS="306" VPOS="1359" WIDTH="54" HEIGHT="14" WC="0.93" CONTENT="man"/><SP WIDTH="16" VPOS="1359" HPOS="360"/>
							<String ID="string_199" HPOS="376" VPOS="1352" WIDTH="14" HEIGHT="20" WC="0.79" CONTENT="ä"/><SP WIDTH="16" VPOS="1352" HPOS="390"/>
							<String ID="string_200" HPOS="406" VPOS="1352" WIDTH="109" HEIGHT="27" WC="0.96" CONTENT="tjänstens"/><SP WIDTH="15" VPOS="1352" HPOS="515"/>
							<String ID="string_201" HPOS="530" VPOS="1354" WIDTH="91" HEIGHT="25" WC="0.96" CONTENT="vägnar,"/><SP WIDTH="16" VPOS="1354" HPOS="621"/>
							<String ID="string_202" HPOS="637" VPOS="1352" WIDTH="108" HEIGHT="21" WC="0.96" CONTENT="svarande"/><SP WIDTH="15" VPOS="1352" HPOS="745"/>
							<String ID="string_203" HPOS="760" VPOS="1352" WIDTH="50" HEIGHT="20" WC="0.93" CONTENT="med"/><SP WIDTH="14" VPOS="1352" HPOS="810"/>
							<String ID="string_204" HPOS="824" VPOS="1351" WIDTH="36" HEIGHT="27" WC="0.92" CONTENT="af-"/>
						</TextLine>
						<TextLine ID="line_33" HPOS="306" VPOS="1386" WIDTH="556" HEIGHT="28">
							<String ID="string_205" HPOS="306" VPOS="1386" WIDTH="76" HEIGHT="22" WC="0.91" CONTENT="seende"/><SP WIDTH="15" VPOS="1386" HPOS="382"/>
							<String ID="string_206" HPOS="397" VPOS="1386" WIDTH="14" HEIGHT="20" WC="0.91" CONTENT="ä"/><SP WIDTH="13" VPOS="1386" HPOS="411"/>
							<String ID="string_207" HPOS="424" VPOS="1386" WIDTH="224" HEIGHT="28" WC="0.91" CONTENT="expeditionsspräket"/><SP WIDTH="9" VPOS="1386" HPOS="648"/>
							<String ID="string_208" HPOS="657" VPOS="1393" WIDTH="48" HEIGHT="20" WC="0.92" CONTENT="eger"/><SP WIDTH="10" VPOS="1393" HPOS="705"/>
							<String ID="string_209" HPOS="715" VPOS="1392" WIDTH="86" HEIGHT="15" WC="0.96" CONTENT="samma"/><SP WIDTH="9" VPOS="1392" HPOS="801"/>
							<String ID="string_210" HPOS="810" VPOS="1387" WIDTH="52" HEIGHT="25" WC="0.96" CONTENT="rätt,"/>
						</TextLine>
						<TextLine ID="line_34" HPOS="306" VPOS="1420" WIDTH="556" HEIGHT="28">
							<String ID="string_211" HPOS="306" VPOS="1427" WIDTH="48" HEIGHT="14" WC="0.93" CONTENT="som"/><SP WIDTH="15" VPOS="1427" HPOS="354"/>
							<String ID="string_212" HPOS="369" VPOS="1420" WIDTH="51" HEIGHT="28" WC="0.90" CONTENT="eljes"/><SP WIDTH="16" VPOS="1420" HPOS="420"/>
							<String ID="string_213" HPOS="436" VPOS="1420" WIDTH="135" HEIGHT="22" WC="0.93" CONTENT="tillkommer"/><SP WIDTH="14" VPOS="1420" HPOS="571"/>
							<String ID="string_214" HPOS="585" VPOS="1420" WIDTH="95" HEIGHT="21" WC="0.92" CONTENT="kärande"/><SP WIDTH="11" VPOS="1420" HPOS="680"/>
							<String ID="string_215" HPOS="691" VPOS="1420" WIDTH="52" HEIGHT="21" WC="0.96" CONTENT="eller"/><SP WIDTH="14" VPOS="1420" HPOS="743"/>
							<String ID="string_216" HPOS="757" VPOS="1420" WIDTH="105" HEIGHT="26" WC="0.96" CONTENT="sökande;"/>
						</TextLine>
					</TextBlock>
					<TextBlock ID="block_8" HPOS="308" VPOS="1454" WIDTH="556" HEIGHT="62">
						<TextLine ID="line_35" HPOS="378" VPOS="1454" WIDTH="486" HEIGHT="28">
							<String ID="string_217" HPOS="378" VPOS="1455" WIDTH="37" HEIGHT="20" WC="0.85" CONTENT="6:0"/><SP WIDTH="23" VPOS="1455" HPOS="415"/>
							<String ID="string_218" HPOS="438" VPOS="1456" WIDTH="34" HEIGHT="19" WC="0.93" CONTENT="att"/><SP WIDTH="21" VPOS="1456" HPOS="472"/>
							<String ID="string_219" HPOS="493" VPOS="1455" WIDTH="123" HEIGHT="27" WC="0.96" CONTENT="expedition"/><SP WIDTH="19" VPOS="1455" HPOS="616"/>
							<String ID="string_220" HPOS="635" VPOS="1454" WIDTH="10" HEIGHT="21" WC="0.96" CONTENT="i"/><SP WIDTH="15" VPOS="1454" HPOS="645"/>
							<String ID="string_221" HPOS="660" VPOS="1455" WIDTH="63" HEIGHT="27" WC="0.96" CONTENT="högre"/><SP WIDTH="22" VPOS="1455" HPOS="723"/>
							<String ID="string_222" HPOS="745" VPOS="1456" WIDTH="46" HEIGHT="19" WC="0.96" CONTENT="rätt"/><SP WIDTH="21" VPOS="1456" HPOS="791"/>
							<String ID="string_223" HPOS="812" VPOS="1454" WIDTH="52" HEIGHT="21" WC="0.96" CONTENT="eller"/>
						</TextLine>
						<TextLine ID="line_36" HPOS="308" VPOS="1488" WIDTH="555" HEIGHT="28">
							<String ID="string_224" HPOS="308" VPOS="1488" WIDTH="130" HEIGHT="27" WC="0.96" CONTENT="myndighet"/><SP WIDTH="14" VPOS="1488" HPOS="438"/>
							<String ID="string_225" HPOS="452" VPOS="1488" WIDTH="59" HEIGHT="22" WC="0.92" CONTENT="skall"/><SP WIDTH="14" VPOS="1488" HPOS="511"/>
							<String ID="string_226" HPOS="525" VPOS="1488" WIDTH="91" HEIGHT="28" WC="0.85" CONTENT="ajfattas"/><SP WIDTH="12" VPOS="1488" HPOS="616"/>
							<String ID="string_227" HPOS="628" VPOS="1488" WIDTH="32" HEIGHT="28" WC="0.97" CONTENT="pä"/><SP WIDTH="10" VPOS="1488" HPOS="660"/>
							<String ID="string_228" HPOS="670" VPOS="1489" WIDTH="35" HEIGHT="21" WC="0.93" CONTENT="det"/><SP WIDTH="11" VPOS="1489" HPOS="705"/>
							<String ID="string_229" HPOS="716" VPOS="1488" WIDTH="72" HEIGHT="28" WC="0.96" CONTENT="språk,"/><SP WIDTH="17" VPOS="1488" HPOS="788"/>
							<String ID="string_230" HPOS="805" VPOS="1488" WIDTH="58" HEIGHT="28" WC="0.96" CONTENT="lägre"/>
						</TextLine>
					</TextBlock>
				</ComposedBlock>
			</PrintSpace>
		</Page>
	</Layout>
</alto>
