1075 1750
208 176 13 19 2
391 172 279 23 Petitionsbetänkande
685 172 45 23 N:o
746 172 38 22 30.

206 245 40 22 ket
261 244 139 22 förhällande
416 251 28 16 en
460 245 81 22 motion
557 244 51 22 från
625 244 135 22 Ständernas
777 244 53 28 sida,
842 244 119 28 äsyftande

206 280 132 27 förändring
353 280 25 21 af
392 280 79 22 endast
486 281 70 27 några
571 281 94 21 enstaka
680 280 91 27 uttryck
786 280 7 21 i
804 280 66 22 dessa
881 280 80 22 formu-

206 317 42 27 lär,
265 323 53 15 vore
335 315 52 28 föga
404 316 109 27 päkallad.
545 316 116 28 Härjemte
678 316 114 21 framhölls
808 316 24 21 af
846 316 115 22 Utskottet

206 354 34 20 att
263 352 42 22 den
328 352 33 21 uti
384 353 111 21 motionen
518 352 127 27 föreslagna
660 351 134 22 förändrade
809 352 100 27 lydelsen
926 351 35 22 för

206 388 178 22 edsformulären
400 388 19 27 ej
436 388 102 27 lämpade
553 388 35 27 sig
599 388 36 21 till
645 388 45 21 alla
700 388 50 27 slag
760 387 25 22 af
794 388 58 27 eder,
864 390 51 19 utan
927 389 32 20 att

205 424 118 22 Utskottet
341 424 55 21 dock
412 424 70 27 ansäg
499 424 34 27 sig
550 424 53 21 böra
619 424 77 21 skrida
711 424 34 22 till
764 430 27 15 en
806 423 67 22 häraf
886 423 74 28 päkal-

204 460 37 21 lad
257 459 180 28 omformulering
453 459 25 22 af
492 460 149 21 motionärens
652 459 90 28 förslag.
759 459 127 22 Utskottets
894 459 65 22 fram-

205 496 108 27 ställning
327 496 129 27 godkändes
474 495 24 22 af
512 496 165 27 Ridderskapet
693 496 39 21 och
749 496 72 21 Adeln
837 498 57 19 samt
906 496 53 21 Bor-

204 532 151 28 gareständet,
372 531 115 22 hvaremot
503 531 170 22 Presteständet
689 532 73 21 beslöt
777 532 40 21 hos
832 532 62 21 Hans
908 531 51 28 Kej-

204 568 85 29 serliga
307 568 105 28 Majestät
433 567 89 23 anhälla
545 568 38 22 det
599 567 103 29 gällande
719 567 137 29 stadganden
872 574 33 16 om
921 568 37 22 ed-

203 604 61 28 gång
286 604 75 22 blefve
382 604 165 22 underkastade
569 604 97 22 revision
691 604 40 22 och
752 606 33 20 att
800 604 157 27 proposition
946 600 15 36 i

203 642 82 25 ämnet,
301 640 59 21 efter
376 640 142 21 inhemtande
535 639 25 22 af
580 640 155 27 kyrkomötets
752 640 120 27 utlätande,
890 640 68 21 mätte

203 675 300 22 dernästsammanträdande
528 675 96 23 Ständer
648 676 134 27 föreläggas,
799 679 57 18 samt
871 676 85 21 Bonde-

201 712 91 21 ständet
307 711 120 22 omfattade
444 718 28 15 en
488 712 35 21 till
540 712 127 22 Utskottets
683 712 143 22 betänkande
842 711 65 28 fogad
923 718 33 16 re-

202 748 121 27 servation,
339 747 65 22 hvari
420 748 126 27 päyrkades
563 748 122 22 motionens
701 748 125 27 antagande
842 748 7 21 i
865 754 26 15 en
908 748 45 21 del-

200 784 36 22 vis
260 783 122 22 förändrad
400 783 62 22 form.
493 784 35 21 Dä
547 785 189 26 samstämmighet
752 784 94 22 ständen
862 784 93 21 emellan

202 819 94 22 sälunda
312 819 49 22 icke
378 820 116 27 ernäddes,
512 820 76 22 förföll
605 820 84 28 frägan.

274 850 73 27 Äfven
364 856 37 21 vid
418 856 71 27 tredje
505 856 111 21 allmänna
631 857 142 26 kyrkomötet
783 856 7 21 i
800 849 49 28 Äbo
860 856 26 21 är
899 857 54 20 1893

200 891 50 22 blef
264 891 72 22 denna
351 891 65 28 fråga
432 894 112 25 upptagen
560 892 36 21 till
611 892 135 27 behandling
762 892 7 21 i
786 892 104 21 samband
906 892 48 21 med

200 927 81 28 frägan
301 933 34 16 om
354 929 51 26 nytt
420 927 107 22 formulär
543 927 35 22 för
594 928 118 27 presteden
729 928 40 21 och
785 928 72 21 beslöt
872 928 81 27 kyrko-

199 965 70 20 mötet
284 965 33 20 att
331 963 8 22 i
362 963 120 28 anledning
498 963 66 22 häraf
578 964 36 21 till
630 964 62 21 Hans
709 963 126 28 Kejserliga
850 963 104 28 Majestät

198 999 68 22 afläta
282 1005 27 16 en
325 999 139 28 underdänig
480 999 126 28 skrifvelse,
623 1000 63 21 hvari
704 999 138 22 beträffande
857 1005 29 16 nu
902 999 51 22 ifrä-

198 1035 127 27 gavarande
341 1035 147 22 edsformulär
504 1035 89 22 anföres
609 1034 106 29 följande:

273 1071 24 27 »I
313 1071 157 27 sammanhang
486 1072 91 21 härmed
594 1071 29 29 (d.
639 1078 19 15 v.
675 1078 16 15 s.
708 1071 50 22 med
773 1071 127 27 presteden)
912 1071 41 21 har

197 1106 144 27 kyrkomötet
363 1106 34 22 till
419 1106 165 28 öfvervägande
605 1106 97 23 förehaft
724 1107 109 22 huruvida
853 1107 55 26 icke,
924 1107 28 26 pä

196 1143 47 20 sätt
258 1144 133 25 prestmötet
407 1142 7 21 i
429 1142 86 27 Kuopio
532 1142 49 22 stift
596 1142 123 29 föreslagit,
736 1142 67 22 äfven
820 1142 26 22 de
862 1142 35 22 för
908 1144 43 20 sta-

196 1179 50 20 tens
263 1178 134 27 tjenstemän
413 1181 57 18 samt
486 1178 34 22 för
530 1179 129 22 vittnesmäl
671 1179 40 21 och
722 1179 70 21 andra
802 1179 70 21 under
882 1181 69 19 rätte-

195 1213 61 28 gäng
279 1213 180 22 förekommande
482 1214 106 22 tillfällen
612 1214 119 22 faststälda
754 1213 107 23 formulär
884 1214 67 22 borde

195 1249 148 22 undeskastas
360 1250 103 21 revision.

268 1285 154 28 Kyrkomötet,
445 1292 45 15 som
506 1287 114 21 betraktat
636 1286 71 22 denna
724 1286 161 27 angelägenhet
902 1285 48 21 huf-

193 1321 149 27 vudsakligen
358 1328 27 15 ur
400 1321 91 28 religiös
508 1322 119 27 synpunkt,
644 1321 71 22 finner
725 1321 39 22 det
774 1327 54 16 vara
838 1320 25 22 af
871 1321 79 27 högsta

193 1357 56 27 vigt,
270 1359 33 20 att
323 1357 105 22 afseende
448 1357 71 22 fästes
544 1358 37 22 vid
601 1358 28 21 de
644 1357 187 28 betänkligheter,
848 1363 46 16 som
911 1357 38 22 hos

192 1393 97 26 mången
312 1395 132 20 samvetsöm
475 1400 80 21 person
578 1394 81 27 uppstå
675 1394 37 21 vid
728 1393 140 28 afläggandet
884 1393 24 21 af
923 1393 27 22 ed

192 1429 73 27 enligt
281 1435 29 16 nu
325 1429 104 27 gällande
446 1429 110 22 formulär.
588 1430 127 21 Temnande
726 1429 63 22 åsido
800 1429 42 22 den
854 1431 94 20 omstän-

191 1464 80 28 dighet
291 1467 32 20 att
344 1471 107 21 personer
467 1465 76 27 finnas,
560 1466 49 21 med
625 1466 88 22 hvilkas
729 1465 106 28 religiösa
851 1464 97 28 uppfatt-

264 1513 138 23 Lagutskottets
414 1513 118 18 betänkande
544 1513 38 18 N:o
595 1514 17 17 6.
