1075 1759
235 167 13 20 6
459 166 149 24 Reservation
624 166 38 24 N:o
681 167 19 23 1.

204 237 142 30 minderåriga
361 238 96 22 arbetare
473 239 72 21 kunna
561 240 7 20 i
584 242 66 18 annat
664 238 148 30 yrkesarbete,
827 238 49 22 med
894 237 63 22 måls-

204 281 61 13 mans
288 274 102 26 tillstånd,
413 274 23 21 få
459 275 137 28 sysselsättas
620 274 55 21 efter
696 274 27 21 kl.
740 275 12 20 9
771 273 28 29 på
814 274 87 21 aftonen
917 273 41 21 och

205 309 83 21 således
304 309 65 22 äfven
384 310 67 21 under
467 310 42 21 den
525 310 33 21 tid
573 310 23 21 af
611 313 80 23 natten,
706 309 57 22 intill
780 309 28 21 kl.
821 311 25 20 11
859 309 51 22 eller
921 310 34 25 12,

205 345 121 21 hvarunder
340 347 166 20 restaurationer
520 347 8 20 i
544 345 116 22 allmänhet
675 346 83 21 tillåtas
774 345 69 21 hållas
859 347 76 26 öppna.

277 381 35 21 Då
334 381 34 21 för
391 381 65 29 öfrigt
478 382 37 21 det
531 382 57 21 antal
604 381 115 29 omyndiga
737 389 108 21 personer,
861 388 45 14 som
921 388 37 13 an-

205 416 81 22 vändes
302 417 38 21 vid
355 419 136 27 serveringen
507 418 7 21 i
530 418 174 26 restaurationer,
721 418 8 21 i
744 417 74 21 hvilka
829 416 128 28 rusdrycker

205 452 123 27 utskänkas,
351 454 24 20 är
396 453 83 29 ganska
493 454 67 28 ringa,
576 453 61 22 torde
652 453 127 28 tillräckligt
795 452 97 28 vägande
908 451 46 22 skäl

205 489 35 20 för
262 491 32 18 att
316 490 51 27 göra
390 489 48 21 dem
462 489 32 21 till
515 489 89 21 föremål
620 489 35 21 för
670 497 26 13 en
714 488 93 22 särskild
822 487 135 30 lagstiftning

205 524 49 21 icke
269 524 77 21 finnas.

278 560 31 21 På
323 561 70 28 grund
409 561 61 22 deraf
485 561 34 21 får
533 562 36 27 jag
584 560 79 22 föreslå

493 629 32 19 att
534 627 170 28 ifrågavarande
712 625 190 29 petitionsförslag
911 625 44 21 icke

421 663 36 21 må
475 663 114 27 föranleda
604 663 73 27 någon
693 663 79 27 åtgärd
787 662 55 27 från
857 661 99 22 ständer-

422 706 40 14 nas
477 699 54 21 sida.

278 763 137 29 Helsingfors
431 764 42 21 den
489 765 28 20 24
534 764 62 28 April
615 765 63 20 1897.

654 828 64 23 Rich.
735 828 152 28 Heimberger.

279 894 12 21 I
306 895 135 22 förestående
457 896 132 21 reservation
605 895 75 22 förena
696 896 42 20 sig:

716 903 13 20 g

279 960 23 22 A.
318 959 166 29 Björkenheim.
506 954 10 38 —
525 960 20 23 J.
563 960 22 23 L.
602 960 101 23 Pentzin.
751 959 35 28 Hj.
803 958 84 23 Grahn.

281 1500 181 18 Ekonomiutskottets
475 1501 109 17 betänkande
597 1500 34 18 N:o
644 1501 28 16 18.
