1070 1739
360 410 244 36 Reservation
630 410 67 36 N:o
723 410 36 36 3.

703 490 163 26 (Öfversättning.)

260 530 112 21 Utskottet
390 530 38 21 har
443 529 48 22 icke
508 530 59 21 velat
582 529 114 29 godkänna
716 529 42 21 den
773 529 71 29 punkt
858 530 8 20 i
882 530 54 28 peti-

186 566 132 20 tionärernas
338 565 86 29 förslag,
444 566 8 20 i
473 565 88 22 hvilken
577 565 70 29 yrkas,
669 568 32 18 att
717 564 69 30 nägon
802 564 28 30 pä
846 565 91 21 förhand

186 601 201 22 öfverenskommen
403 602 118 28 ersättning
536 600 23 22 ät
575 601 129 21 kommunen
720 601 35 21 för
766 600 128 29 rättigheten
906 604 31 18 att

186 637 79 21 inrätta
285 636 40 22 och
340 638 7 20 i
363 637 138 21 värksamhet
520 636 56 22 hälla
597 636 99 29 bryggeri
717 636 49 22 icke
784 636 59 29 finge
859 636 78 29 ifräga-

186 672 87 22 komma
288 673 40 21 och
344 673 38 21 har
397 673 106 21 utskottet
518 673 114 21 motiverat
648 672 70 22 denna
734 673 32 21 sin
778 672 55 29 äsigt
844 673 93 26 därmed,

186 711 32 18 att
233 708 43 22 den
292 708 135 22 kommunala
442 708 252 29 själfstyrelseprincipen
711 708 73 22 blefve
797 708 84 27 kränkt,
891 709 45 21 ifall

186 744 130 22 kommunen
336 745 48 21 icke
404 745 34 21 för
457 744 129 29 rättigheten
607 747 31 19 att
657 745 90 28 anlägga
763 744 99 29 bryggeri
878 745 58 28 finge

186 780 98 28 uppbära
304 781 124 28 ersättning.
459 780 48 22 Den
528 780 61 28 äsigt,
606 780 105 22 utskottet
726 780 90 22 sålunda
831 780 105 27 omfattat,

187 823 51 14 vore
254 816 120 28 berättigad
394 816 68 22 under
482 816 41 21 den
545 816 180 28 förutsättningen
748 819 32 19 att
794 816 105 22 invärkan
915 816 22 21 af

186 854 32 19 ett
233 851 99 30 bryggeri
348 860 51 14 vore
414 852 113 22 inskränkt
542 852 33 21 till
591 852 42 21 den
649 852 113 21 kommuns
776 852 93 27 område,
880 853 56 20 inom

186 887 85 22 hvilket
286 887 121 30 bryggeriet
422 890 24 19 är
461 888 112 27 inrättadt;
595 895 48 14 men
658 889 8 20 i
682 888 80 29 själfva
778 888 75 22 värket
867 888 70 21 utbre-

186 923 39 21 der
240 926 32 19 ett
288 923 98 30 bryggeri
397 924 82 21 fördärf
489 924 65 21 äfven
565 925 57 20 inom
633 923 76 30 många
720 924 146 28 angränsande
877 924 60 21 kom-

186 967 80 13 muner.
290 959 32 22 Af
332 959 70 22 denna
412 960 63 21 orsak
485 959 62 22 berör
558 960 41 21 den
610 960 84 21 enskild
701 960 103 21 kommun
810 959 127 22 tillerkända

185 995 129 28 rättigheten
331 999 31 18 att
383 995 96 30 uppbära
497 997 118 27 ersättning
630 995 34 22 för
679 995 116 22 tillåtelsen
812 998 32 19 att
858 996 78 21 inrätta

185 1031 100 28 bryggeri
301 1031 65 22 äfven
382 1032 232 28 grannkommunernas
635 1031 57 27 eller,
708 1031 23 22 så
747 1034 31 19 att
794 1033 57 27 säga,
868 1031 68 28 tredje

185 1074 60 13 mans
262 1069 48 19 rätt.
340 1067 78 22 Denna
437 1067 231 29 grannkommunernas
691 1069 43 20 rätt
754 1067 67 22 måste
838 1067 22 21 af
875 1067 61 28 lagen

185 1103 102 28 skyddas,
307 1103 42 21 den
365 1103 33 21 får
413 1103 48 22 icke
481 1103 116 28 prisgifvas
617 1103 22 22 åt
655 1103 85 22 enskild
756 1103 112 21 kommuns
884 1103 52 28 möj-

185 1138 42 29 liga
243 1139 129 28 vinstbegär.
403 1139 49 22 Den
471 1139 137 28 möjligheten
623 1139 54 21 låter
692 1139 107 28 nämligen
816 1139 41 21 lätt
872 1138 64 21 tänka

185 1175 38 27 sig,
239 1177 33 18 att
287 1182 26 13 en
332 1175 102 21 kommun
454 1178 44 18 mot
520 1175 27 28 på
569 1175 91 21 förhand
683 1174 202 22 öfverenskommen
905 1182 31 13 er-

185 1211 96 27 sättning
296 1210 71 22 kunde
382 1211 61 28 gifva
458 1211 97 21 tillstånd
571 1211 32 21 till
618 1210 122 22 inrättande
757 1210 21 21 af
793 1210 101 29 bryggeri
909 1210 28 28 på

185 1246 46 21 sina
247 1246 154 28 gränsmarker,
422 1247 73 20 hvilka
510 1247 57 28 ligga
587 1248 42 19 tätt
643 1246 62 22 invid
721 1253 26 14 en
763 1246 80 21 folkrik
860 1253 76 20 grann-

184 1281 109 22 kommun.
310 1277 20 38 I
352 1282 59 21 detta
426 1282 39 21 fall
481 1282 68 22 skulle
565 1282 121 29 bryggeriet
703 1281 75 22 endast
793 1283 8 20 i
811 1282 61 28 ringa
884 1281 53 29 grad

184 1317 68 22 skada
274 1317 42 22 den
338 1317 108 28 kommun,
461 1319 7 20 i
484 1318 87 21 hvilken
595 1318 37 21 det
653 1320 23 19 är
698 1317 91 29 beläget,
810 1325 48 14 men
875 1317 60 21 desto

184 1361 59 13 mera
257 1353 204 28 grannkommunen.
492 1354 42 21 Om
551 1353 82 22 således
649 1353 233 29 grannkommunernas
894 1355 42 19 rätt

183 1389 49 21 icke
251 1396 78 21 genom
347 1389 43 22 den
408 1397 29 14 nu
460 1390 121 28 föreslagna
596 1389 125 29 förändring
737 1389 8 21 i
760 1388 176 29 maltdrycksför-

184 1424 119 29 ordningen
326 1424 81 23 blifver
430 1425 99 29 skyddad
552 1428 45 19 mot
618 1425 85 22 enskild
721 1425 113 21 kommuns
850 1424 86 29 möjliga

184 1460 130 29 vinstbegär,
330 1460 24 22 så
372 1461 82 21 lämnas
473 1461 42 22 den
530 1461 136 21 kommunala
682 1460 253 29 själfstyrelseprincipen

256 1502 207 19 Ekonomiutskottets
477 1502 126 19 betänkande
615 1502 37 18 N:o
667 1503 17 17 8.
