1075 1745
190 202 30 20 ler
241 202 81 26 fåfängt
342 205 51 23 göra
413 202 63 20 detta.
509 202 44 20 Den
569 202 66 20 andra
649 202 8 20 i
672 202 154 20 hufvudstaden
842 202 107 26 befintliga

190 232 191 26 teaterbyggnaden
405 232 113 26 uppfördes
541 232 8 20 i
570 232 58 20 tiden
651 232 33 20 till
705 234 45 18 stor
774 231 33 21 del
822 232 48 20 med
885 234 62 18 stats-

189 261 72 21 medel.
293 262 68 20 Huset
382 262 48 20 kom
451 262 67 20 under
533 262 26 20 då
575 262 92 20 rådande
682 262 144 20 förhållanden
842 264 31 18 att
888 262 60 21 kosta

191 292 95 25 470,000
301 292 65 25 mark,
382 292 31 20 till
429 289 85 23 hvilken
531 299 78 13 summa
619 294 68 18 staten
698 292 76 26 bidrog
784 292 46 20 med
840 294 32 18 ett
881 294 67 18 ränte-

190 321 46 20 fritt
244 322 35 19 lån
288 322 23 20 af
317 322 95 26 270,000
423 322 65 20 mark.
506 322 90 20 Numera
608 322 41 19 kan
662 324 30 18 ett
702 322 107 20 teaterhus
820 321 46 21 icke
877 322 71 20 vidare

191 352 88 20 erhållas
295 352 32 20 för
342 352 66 26 sagda
423 358 83 14 summa.
532 352 73 20 Redan
621 352 40 20 den
677 351 181 26 omständigheten
874 354 31 17 att
914 352 33 19 för

191 381 39 21 den
246 382 105 20 blifvande
367 384 79 18 teatern
463 388 25 14 en
504 382 39 26 dyr
558 381 163 27 byggnadstomt
736 382 8 19 i
760 381 84 21 stadens
855 384 92 18 centrum

191 412 65 20 måste
272 412 82 25 inlösas,
370 413 63 25 något
449 418 43 14 som
508 412 40 20 den
563 412 90 20 svenska
669 414 79 18 teatern
765 411 64 20 erhöll
844 412 65 25 gratis
925 411 24 20 af

191 441 79 26 staden,
285 448 46 13 men
346 448 43 13 som
404 448 47 13 man
468 448 28 13 nu
511 441 103 26 knappast
624 441 41 20 kan
677 441 79 26 hoppas
768 442 31 25 på,
810 441 89 26 förhöjer
909 441 37 20 hu-

192 473 42 18 sets
250 471 44 26 pris
309 471 47 20 med
372 471 48 20 flere
436 471 82 20 hundra
533 473 60 18 tusen
609 471 64 20 mark.

261 501 48 20 Men
330 501 65 20 ehuru
414 501 40 20 den
470 508 84 18 summa,
570 507 43 14 som
629 508 47 13 man
692 503 75 18 väntar
782 503 32 18 att
829 501 78 19 erhålla
925 501 24 19 af

191 533 74 23 staten,
287 534 22 17 är
324 531 100 26 betydlig,
440 531 79 26 hoppas
532 531 37 26 jag
584 530 71 25 likväl,
672 533 31 18 att
719 531 40 19 den
775 531 18 26 ej
809 531 90 19 kommer
914 533 31 18 att

191 564 81 23 vägras,
295 561 99 26 Ovanligt
409 568 136 19 gynnsamma
561 560 132 21 ekonomiska
708 560 144 21 förhållanden
868 563 35 17 äro
913 560 33 20 för

191 590 130 21 närvarande
341 590 92 21 rådande
448 591 7 19 i
471 591 47 20 vårt
538 591 49 20 land
603 591 38 20 och
657 593 81 18 statens
754 590 191 21 öfverskottsmedel

191 624 35 17 äro
249 620 81 26 rikliga,
353 620 85 21 hvarför
461 627 46 14 man
526 621 37 19 har
584 621 29 20 alt
628 621 46 20 skäl
689 623 32 17 att
736 621 79 25 hoppas
831 623 31 17 att
876 621 68 25 någon

191 650 34 21 del
241 651 23 20 af
277 650 45 21 dem
337 651 53 20 skall
406 650 106 27 uppoffras
528 650 61 20 äfven
605 651 31 19 för
651 650 147 21 befordrandet
814 650 22 20 af
849 650 36 20 det
896 649 49 21 and-

191 681 42 25 liga
255 681 57 20 lifvet
336 681 38 20 och
397 681 93 19 konsten.
522 681 43 20 Och
578 681 45 25 just
638 687 27 13 nu
681 680 99 20 behöfvas
796 680 61 20 dessa
872 679 71 21 medel.

191 711 33 25 Ty
240 710 35 20 det
291 713 23 17 är
329 711 18 24 ej
364 717 41 19 nog
420 710 85 20 därmed
520 713 32 17 att
567 710 173 20 Arkadiateatern
756 710 29 20 alt
800 717 43 13 mer
854 710 38 19 och
902 717 44 13 mer

190 740 97 24 förfaller,
303 741 24 19 så
337 743 31 17 att
379 740 39 20 den
428 740 68 20 finska
507 740 234 26 skådespelarekonsten
752 740 59 20 hotas
822 740 23 19 af
854 740 90 20 utsikten

191 772 31 18 att
241 770 3 19 i
260 770 41 20 den
322 773 103 17 närmaste
440 770 110 20 framtiden
566 770 63 20 blifva
644 770 78 20 hemlös
738 770 7 19 i
760 769 81 21 landets
857 769 87 20 hufvud-

191 799 52 26 stad,
261 802 49 18 utan
326 800 26 20 de
367 800 32 20 för
414 800 40 20 den
470 806 42 19 nya
527 800 124 26 byggnaden
662 800 98 26 lämpliga
770 802 102 17 tomterna
881 799 64 20 blifva

191 829 61 20 äfven
274 830 29 19 alt
325 830 124 26 sällsyntare
470 830 7 19 i
496 829 136 26 Helsingfors.
664 830 47 19 Med
734 830 82 25 hänsyn
831 829 32 19 till
878 829 67 20 denna

191 859 152 26 omständighet
359 860 38 19 och
413 860 27 19 då
455 866 47 13 man
516 860 46 25 gått
577 860 8 19 i
600 859 122 26 författning
738 866 31 13 om
784 859 130 26 grundandet
924 859 23 19 af

191 891 30 18 ett
237 889 118 26 aktiebolag
370 889 31 20 för
416 889 129 26 uppförande
561 889 23 20 af
592 889 35 20 det
638 889 105 20 blifvande
754 889 60 20 huset
824 888 32 20 för
867 889 77 19 Finska

191 919 96 26 Teatern,
310 920 64 25 vågar
394 919 37 26 jag
446 919 76 20 föreslå
537 922 30 17 att
583 919 116 20 Ständerna
714 919 49 20 ville
778 919 71 19 förena
864 919 32 25 sig
912 925 32 13 om

191 955 25 13 en
232 949 86 26 petition
334 949 70 20 därom

478 1010 30 18 att
525 1008 27 20 H.
575 1009 26 19 K.
622 1008 94 25 Majestät
736 1008 44 19 ville
799 1008 26 25 af
835 1008 108 19 allmänna

408 1043 64 18 medel
490 1041 23 21 ät
530 1043 25 19 ett
568 1043 34 24 för
619 1041 128 25 uppförande
761 1041 26 25 af
795 1040 69 26 finska
878 1041 65 19 teater-

406 1075 59 20 huset
478 1075 78 20 bildadt
569 1074 112 25 aktiebolag
695 1073 72 26 bevilja
780 1075 27 18 ett
819 1073 124 24 statsbidrag

407 1108 26 25 af
441 1108 32 19 det
482 1108 73 24 belopp,
567 1108 29 19 att
603 1107 204 25 byggnadsföretaget
812 1106 68 19 kunde
886 1105 57 20 reali-

408 1145 62 15 seras.

261 1193 137 26 Helsingfors,
414 1194 40 19 den
471 1195 13 18 8
500 1193 91 20 februari
609 1193 62 20 1897.

736 1281 50 22 Eero
803 1281 69 22 Erkko.

258 1459 124 22 Helsingfors,
396 1459 112 22 Osakeyhtiö
521 1459 70 18 Weilin
605 1459 16 17 &
633 1459 48 17 Göös
694 1459 118 22 Aktiebolag,
827 1459 51 16 1897.
