1067 1739
237 169 75 22 Ständ.
329 170 48 21 Pet.
394 183 25 2 —
436 169 155 23 Petitionsbet.
607 169 38 22 N:o
661 168 20 23 2.
830 171 13 19 5

84 233 116 24 bellariskt
223 235 172 22 sammanstälda
418 235 106 22 siffrorna
543 235 76 21 utvisa
635 234 74 26 äfven,
725 237 33 19 att
773 234 71 22 blotta

85 269 199 22 förhandenvaron
306 269 25 22 af
351 277 29 14 en
395 269 74 22 direkt
489 269 250 28 järnvägsförbindelse
762 269 81 21 mellan

86 303 27 22 de
136 303 73 22 skilda
230 304 140 28 landskapen
393 303 50 22 icke
466 311 77 14 ensam
563 303 36 22 för
619 303 36 28 sig
670 303 130 22 framkallar
815 310 29 15 en

85 338 95 29 lifligare
194 338 73 21 trafik.
290 338 55 21 Man
359 339 45 20 kan
419 338 20 28 ej
455 338 52 21 med
523 337 40 29 fog
577 339 72 27 påstå,
663 340 32 19 att
705 337 137 29 exempelvis

85 372 127 29 Uleåborgs
227 373 43 21 och
284 373 62 21 Vasa
360 373 38 20 län
412 372 51 22 icke
478 379 55 15 vore
547 379 84 21 genom
641 372 70 21 redan
721 371 123 22 bestående

83 407 122 28 järnvägar
232 407 107 28 tämligen
363 407 75 22 direkt
463 407 130 22 förbundna
618 407 52 20 med
695 406 147 26 Tavastehus,

86 435 50 29 Åbo
152 443 44 21 och
210 441 103 29 Nylands
327 442 44 26 län,
387 444 57 19 samt
459 442 66 21 dessa
541 441 140 22 sistnämnda
696 441 37 21 län
746 441 52 21 med
811 443 31 20 åt-

86 477 112 21 minstone
221 477 28 21 de
271 477 67 21 södra
360 476 92 22 delarna
474 476 23 22 af
520 476 34 21 S:t
573 476 95 21 Michels
684 476 42 21 och
742 472 100 32 Viborgs

85 512 43 20 län.
159 511 131 21 Emellertid
307 511 99 28 framgår
421 511 84 28 tydligt
521 510 23 22 af
559 511 28 21 de
601 510 98 22 nämnda
714 510 129 26 tabellerna,

86 546 59 21 huru
162 545 101 22 minimal
280 545 100 22 rörelsen
396 545 68 21 äfven
479 546 66 21 dessa
559 545 128 22 landsdelar
702 545 96 21 emellan
812 548 30 18 är.

86 580 89 29 Tryggt
189 580 65 21 torde
268 587 53 14 man
336 580 77 21 därför
428 580 78 21 kunna
521 580 70 28 draga
607 580 44 21 den
667 580 128 25 slutsatsen,
811 583 33 18 att

86 615 79 21 enbart
180 614 133 22 karaktären
329 614 24 22 af
366 614 149 28 förbindning
529 614 82 22 mellan
626 617 85 19 tvenne
725 614 55 21 eller
789 614 54 22 flere

86 649 70 21 redan
178 648 137 29 förefintliga
334 648 123 29 järnvägar
479 649 81 21 endast
579 648 8 22 i
606 648 91 28 ringare
711 650 54 19 mån
779 648 64 28 höjer

86 684 93 21 valören
201 683 25 22 af
246 691 28 13 en
287 683 103 28 järnväg,
407 686 58 18 samt
480 686 33 19 att
527 683 75 21 denna
618 683 117 28 synpunkt
751 683 40 21 vid
806 690 37 14 an-

86 718 112 28 läggande
210 718 23 22 af
248 725 28 14 en
291 725 32 21 ny
337 718 65 25 bana,
411 718 58 21 blott
484 718 8 20 i
507 718 39 21 fall
561 718 39 21 det
615 717 70 29 gäller
695 720 32 19 att
737 718 107 21 förbinda

85 752 92 29 mycket
192 752 98 28 kraftiga
305 752 150 25 trafikcentra,
471 752 42 22 bör
527 752 73 22 blifva
614 752 8 21 i
638 752 93 22 främsta
746 755 97 19 rummet

86 787 168 21 bestämmande
269 786 35 22 för
319 787 52 21 dess
387 787 138 28 sträckning.

155 822 54 20 Men
232 821 66 21 äfven
320 821 51 21 med
390 821 107 21 afseende
512 823 13 19 å
542 821 158 21 lokaltrafiken
714 822 79 21 kunna
807 822 37 20 be-

86 856 152 21 aktansvärda
260 856 141 28 synpunkter
423 856 104 21 härledas
549 864 28 12 ur
600 856 44 21 den
666 856 81 28 gjorda
762 856 81 21 under-

87 890 133 28 sökningen.
251 890 30 21 Så
303 890 72 21 finner
397 898 52 14 man
467 890 70 21 bland
551 893 75 23 annat,
642 893 33 19 att
690 890 72 22 ehuru
777 890 66 28 gods-

86 924 96 22 trafiken
208 924 93 22 emellan
326 925 105 21 städerna
456 924 141 23 'Tavastehus
623 925 42 21 och
690 924 152 23 Tammerfors

86 962 68 25 utgör
176 959 80 21 endast
279 960 46 26 19/,
345 959 25 21 af
385 959 51 21 hela
451 966 110 18 summan,
577 967 29 13 en
621 960 88 28 ganska
723 959 57 29 liflig
795 967 48 21 per-

86 993 116 26 sontrafik,
224 994 199 28 representerande
447 995 89 26 13,17"
555 994 24 21 af
595 994 52 21 hela
661 994 74 21 lokala
750 1001 93 21 person-

86 1028 106 25 rörelsen,
209 1035 53 21 eger
276 1036 51 13 rum
337 1028 65 21 dessa
413 1028 76 21 städer
499 1028 100 22 emellan.
618 1028 47 21 Vid
675 1028 169 22 bestämmande

86 1062 25 22 af
132 1062 160 29 sträckningen
314 1062 35 22 för
372 1062 162 22 inlandsbanor
556 1062 66 22 torde
645 1063 38 21 det
701 1063 77 21 därför
793 1062 51 22 icke

85 1104 55 14 vara
162 1100 55 18 utan
232 1097 116 28 betydelse
363 1099 33 19 att
410 1097 150 28 grannstäder
575 1097 91 21 förenas
681 1098 51 20 med
747 1098 96 20 hvaran-

86 1131 46 26 dra,
155 1134 41 18 när
220 1132 79 21 sådant
320 1134 56 19 utan
399 1134 72 19 större
490 1132 134 28 uppoffring
643 1132 41 21 och
700 1135 56 18 utan
771 1132 73 22 åsido-

86 1166 103 21 sättande
210 1166 23 22 af
251 1166 70 22 andra
335 1166 36 22 för
386 1166 75 22 banan
476 1166 113 28 viktigare
603 1166 118 29 uppgifter
735 1167 46 21 kan
797 1167 45 21 ske.

86 1200 133 22 Tabellerna
239 1200 104 22 bekräfta
365 1200 35 22 för
423 1200 78 29 öfrigt,
521 1204 32 18 att
570 1201 103 21 banorna
687 1200 156 30 förnämligast

85 1234 55 22 böra
155 1235 71 22 riktas
240 1239 48 18 mot
303 1236 44 20 den
362 1236 36 21 för
414 1238 65 18 orten
489 1236 142 28 lämpligaste
643 1236 199 25 utförselhamnen,

85 1272 47 18 mot
156 1269 145 29 Helsingfors
327 1270 54 20 eller
406 1273 48 18 mot
477 1270 34 21 S:t
533 1270 144 28 Petersburg.
715 1270 36 21 En
773 1270 70 22 sådan

86 1304 133 28 sträckning
241 1304 35 22 för
298 1312 28 13 en
348 1304 59 22 bana
428 1307 24 18 är
472 1304 25 22 af
510 1307 57 19 stort
582 1304 125 28 inflytande
723 1305 70 21 redan
807 1304 36 22 för

85 1338 252 28 passagerarerörelsen,
356 1346 53 14 men
424 1338 8 21 i
447 1338 29 22 all
493 1339 123 28 synnerhet
630 1338 36 22 för
681 1339 161 28 godstrafiken.

84 1371 62 22 Från
172 1372 324 23 Tavastehus—Tammerfors
517 1374 75 21 banan
615 1374 52 20 med
688 1373 117 28 undantag
820 1373 25 21 af

85 1406 140 22 Tavastehus
249 1407 83 22 station
355 1410 58 19 samt
431 1410 99 19 tvärtom
545 1408 106 28 utgjorde
667 1408 95 21 sålunda
776 1408 67 28 gods-

83 1441 97 21 trafiken
195 1442 36 21 för
246 1443 24 20 år
287 1444 54 19 1895
357 1443 30 27 pä
401 1442 147 28 Helsingfors
563 1444 54 24 34,01
626 1443 35 26 9/4,
677 1444 29 26 på
721 1435 51 28 Åbo
790 1444 52 23 19,s2

84 1476 28 26 9/0
128 1478 56 20 samt
202 1476 79 21 enbart
297 1476 50 21 från
363 1476 153 22 Tammerfors
532 1478 29 26 pä
576 1476 83 29 Hangö
675 1476 42 21 och
733 1476 109 21 omvändt
