<?xml version="1.0" encoding="UTF-8"?>
<alto xmlns="http://www.loc.gov/standards/alto/ns-v3#" xmlns:xlink="http://www.w3.org/1999/xlink" xmlns:xsi="http://www.w3.org/2001/XMLSchema-instance" xsi:schemaLocation="http://www.loc.gov/standards/alto/ns-v3# http://www.loc.gov/alto/v3/alto-3-0.xsd">
	<Description>
		<MeasurementUnit>pixel</MeasurementUnit>
		<sourceImageInformation>
			<fileName>/tmp/tess_tyiu5u0z_input.PNG</fileName>
		</sourceImageInformation>
		<OCRProcessing ID="OCR_0">
			<ocrProcessingStep>
				<processingSoftware>
					<softwareName>tesseract 5.3.4</softwareName>
				</processingSoftware>
			</ocrProcessingStep>
		</OCRProcessing>
	</Description>
	<Layout>
		<Page WIDTH="1075" HEIGHT="1736" PHYSICAL_IMG_NR="0" ID="page_0">
			<PrintSpace HPOS="0" VPOS="0" WIDTH="1075" HEIGHT="1736">
				<ComposedBlock ID="cblock_0" HPOS="303" VPOS="159" WIDTH="574" HEIGHT="23">
					<TextBlock ID="block_0" HPOS="303" VPOS="159" WIDTH="574" HEIGHT="23">
						<TextLine ID="line_0" HPOS="303" VPOS="159" WIDTH="574" HEIGHT="23">
							<String ID="string_0" HPOS="303" VPOS="159" WIDTH="277" HEIGHT="23" WC="0.90" CONTENT="Petitionsbetänkande"/><SP WIDTH="16" VPOS="159" HPOS="580"/>
							<String ID="string_1" HPOS="596" VPOS="159" WIDTH="45" HEIGHT="23" WC="0.96" CONTENT="N:o"/><SP WIDTH="16" VPOS="159" HPOS="641"/>
							<String ID="string_2" HPOS="657" VPOS="159" WIDTH="38" HEIGHT="22" WC="0.96" CONTENT="34."/><SP WIDTH="170" VPOS="159" HPOS="695"/>
							<String ID="string_3" HPOS="865" VPOS="162" WIDTH="12" HEIGHT="18" WC="0.96" CONTENT="5"/>
						</TextLine>
					</TextBlock>
				</ComposedBlock>
				<ComposedBlock ID="cblock_1" HPOS="124" VPOS="232" WIDTH="757" HEIGHT="1244">
					<TextBlock ID="block_1" HPOS="124" VPOS="232" WIDTH="756" HEIGHT="206">
						<TextLine ID="line_1" HPOS="124" VPOS="232" WIDTH="755" HEIGHT="26">
							<String ID="string_4" HPOS="124" VPOS="233" WIDTH="164" HEIGHT="25" WC="0.92" CONTENT="borgareskolor,"/><SP WIDTH="16" VPOS="233" HPOS="288"/>
							<String ID="string_5" HPOS="304" VPOS="232" WIDTH="46" HEIGHT="21" WC="0.95" CONTENT="med"/><SP WIDTH="16" VPOS="232" HPOS="350"/>
							<String ID="string_6" HPOS="366" VPOS="233" WIDTH="42" HEIGHT="19" WC="0.95" CONTENT="lika"/><SP WIDTH="11" VPOS="233" HPOS="408"/>
							<String ID="string_7" HPOS="419" VPOS="235" WIDTH="43" HEIGHT="17" WC="0.96" CONTENT="stor"/><SP WIDTH="11" VPOS="235" HPOS="462"/>
							<String ID="string_8" HPOS="473" VPOS="235" WIDTH="42" HEIGHT="17" WC="0.96" CONTENT="rätt"/><SP WIDTH="10" VPOS="235" HPOS="515"/>
							<String ID="string_9" HPOS="525" VPOS="232" WIDTH="69" HEIGHT="20" WC="0.96" CONTENT="kunde"/><SP WIDTH="8" VPOS="232" HPOS="594"/>
							<String ID="string_10" HPOS="602" VPOS="232" WIDTH="70" HEIGHT="20" WC="0.96" CONTENT="fordra"/><SP WIDTH="14" VPOS="232" HPOS="672"/>
							<String ID="string_11" HPOS="686" VPOS="235" WIDTH="31" HEIGHT="17" WC="0.96" CONTENT="att"/><SP WIDTH="14" VPOS="235" HPOS="717"/>
							<String ID="string_12" HPOS="731" VPOS="235" WIDTH="69" HEIGHT="18" WC="0.96" CONTENT="staten"/><SP WIDTH="12" VPOS="235" HPOS="800"/>
							<String ID="string_13" HPOS="812" VPOS="233" WIDTH="67" HEIGHT="20" WC="0.96" CONTENT="skulle"/>
						</TextLine>
						<TextLine ID="line_2" HPOS="124" VPOS="268" WIDTH="754" HEIGHT="21">
							<String ID="string_14" HPOS="124" VPOS="269" WIDTH="86" HEIGHT="20" WC="0.96" CONTENT="bekosta"/><SP WIDTH="24" VPOS="269" HPOS="210"/>
							<String ID="string_15" HPOS="234" VPOS="269" WIDTH="59" HEIGHT="19" WC="0.95" CONTENT="äfven"/><SP WIDTH="25" VPOS="269" HPOS="293"/>
							<String ID="string_16" HPOS="318" VPOS="268" WIDTH="60" HEIGHT="20" WC="0.95" CONTENT="deras"/><SP WIDTH="21" VPOS="268" HPOS="378"/>
							<String ID="string_17" HPOS="399" VPOS="268" WIDTH="74" HEIGHT="20" WC="0.96" CONTENT="skolor."/><SP WIDTH="31" VPOS="268" HPOS="473"/>
							<String ID="string_18" HPOS="504" VPOS="268" WIDTH="121" HEIGHT="20" WC="0.93" CONTENT="Emellertid"/><SP WIDTH="19" VPOS="268" HPOS="625"/>
							<String ID="string_19" HPOS="644" VPOS="269" WIDTH="67" HEIGHT="19" WC="0.96" CONTENT="skulle"/><SP WIDTH="16" VPOS="269" HPOS="711"/>
							<String ID="string_20" HPOS="727" VPOS="271" WIDTH="30" HEIGHT="17" WC="0.93" CONTENT="ett"/><SP WIDTH="16" VPOS="271" HPOS="757"/>
							<String ID="string_21" HPOS="773" VPOS="269" WIDTH="105" HEIGHT="20" WC="0.92" CONTENT="tillmötes-"/>
						</TextLine>
						<TextLine ID="line_3" HPOS="124" VPOS="304" WIDTH="754" HEIGHT="26">
							<String ID="string_22" HPOS="124" VPOS="304" WIDTH="80" HEIGHT="26" WC="0.96" CONTENT="gående"/><SP WIDTH="16" VPOS="304" HPOS="204"/>
							<String ID="string_23" HPOS="220" VPOS="304" WIDTH="22" HEIGHT="20" WC="0.95" CONTENT="af"/><SP WIDTH="13" VPOS="304" HPOS="242"/>
							<String ID="string_24" HPOS="255" VPOS="304" WIDTH="40" HEIGHT="20" WC="0.96" CONTENT="alla"/><SP WIDTH="15" VPOS="304" HPOS="295"/>
							<String ID="string_25" HPOS="310" VPOS="304" WIDTH="61" HEIGHT="20" WC="0.96" CONTENT="dessa"/><SP WIDTH="10" VPOS="304" HPOS="371"/>
							<String ID="string_26" HPOS="381" VPOS="304" WIDTH="90" HEIGHT="26" WC="0.91" CONTENT="anspråk"/><SP WIDTH="10" VPOS="304" HPOS="471"/>
							<String ID="string_27" HPOS="481" VPOS="304" WIDTH="115" HEIGHT="26" WC="0.91" CONTENT="tillskynda"/><SP WIDTH="10" VPOS="304" HPOS="596"/>
							<String ID="string_28" HPOS="606" VPOS="304" WIDTH="127" HEIGHT="20" WC="0.92" CONTENT="statsverket"/><SP WIDTH="10" VPOS="304" HPOS="733"/>
							<String ID="string_29" HPOS="743" VPOS="304" WIDTH="135" HEIGHT="26" WC="0.96" CONTENT="synnerligen"/>
						</TextLine>
						<TextLine ID="line_4" HPOS="124" VPOS="340" WIDTH="756" HEIGHT="26">
							<String ID="string_30" HPOS="124" VPOS="340" WIDTH="118" HEIGHT="26" WC="0.96" CONTENT="betydande"/><SP WIDTH="16" VPOS="340" HPOS="242"/>
							<String ID="string_31" HPOS="258" VPOS="340" WIDTH="91" HEIGHT="25" WC="0.95" CONTENT="utgifter,"/><SP WIDTH="17" VPOS="340" HPOS="349"/>
							<String ID="string_32" HPOS="366" VPOS="340" WIDTH="37" HEIGHT="19" WC="0.96" CONTENT="och"/><SP WIDTH="16" VPOS="340" HPOS="403"/>
							<String ID="string_33" HPOS="419" VPOS="340" WIDTH="131" HEIGHT="26" WC="0.96" CONTENT="Regeringen"/><SP WIDTH="17" VPOS="340" HPOS="550"/>
							<String ID="string_34" HPOS="567" VPOS="346" WIDTH="66" HEIGHT="19" WC="0.96" CONTENT="anser,"/><SP WIDTH="14" VPOS="346" HPOS="633"/>
							<String ID="string_35" HPOS="647" VPOS="340" WIDTH="46" HEIGHT="20" WC="0.96" CONTENT="med"/><SP WIDTH="13" VPOS="340" HPOS="693"/>
							<String ID="string_36" HPOS="706" VPOS="340" WIDTH="97" HEIGHT="20" WC="0.96" CONTENT="afseende"/><SP WIDTH="12" VPOS="340" HPOS="803"/>
							<String ID="string_37" HPOS="815" VPOS="340" WIDTH="41" HEIGHT="20" WC="0.91" CONTENT="fäst"/><SP WIDTH="12" VPOS="340" HPOS="856"/>
							<String ID="string_38" HPOS="868" VPOS="342" WIDTH="12" HEIGHT="18" WC="0.84" CONTENT="&amp;"/>
						</TextLine>
						<TextLine ID="line_5" HPOS="125" VPOS="375" WIDTH="754" HEIGHT="27">
							<String ID="string_39" HPOS="125" VPOS="376" WIDTH="26" HEIGHT="20" WC="0.96" CONTENT="de"/><SP WIDTH="10" VPOS="376" HPOS="151"/>
							<String ID="string_40" HPOS="161" VPOS="376" WIDTH="67" HEIGHT="26" WC="0.96" CONTENT="dryga"/><SP WIDTH="7" VPOS="376" HPOS="228"/>
							<String ID="string_41" HPOS="235" VPOS="376" WIDTH="112" HEIGHT="20" WC="0.96" CONTENT="kostnader"/><SP WIDTH="10" VPOS="376" HPOS="347"/>
							<String ID="string_42" HPOS="357" VPOS="375" WIDTH="81" HEIGHT="21" WC="0.93" CONTENT="landets"/><SP WIDTH="12" VPOS="375" HPOS="438"/>
							<String ID="string_43" HPOS="450" VPOS="376" WIDTH="207" HEIGHT="20" WC="0.92" CONTENT="elementarläroverk"/><SP WIDTH="11" VPOS="376" HPOS="657"/>
							<String ID="string_44" HPOS="668" VPOS="376" WIDTH="98" HEIGHT="26" WC="0.91" CONTENT="erfordra,"/><SP WIDTH="11" VPOS="376" HPOS="766"/>
							<String ID="string_45" HPOS="777" VPOS="378" WIDTH="32" HEIGHT="18" WC="0.96" CONTENT="att"/><SP WIDTH="10" VPOS="378" HPOS="809"/>
							<String ID="string_46" HPOS="819" VPOS="376" WIDTH="60" HEIGHT="20" WC="0.96" CONTENT="dessa"/>
						</TextLine>
						<TextLine ID="line_6" HPOS="125" VPOS="412" WIDTH="287" HEIGHT="26">
							<String ID="string_47" HPOS="125" VPOS="412" WIDTH="86" HEIGHT="26" WC="0.96" CONTENT="utgifter"/><SP WIDTH="14" VPOS="412" HPOS="211"/>
							<String ID="string_48" HPOS="225" VPOS="412" WIDTH="64" HEIGHT="20" WC="0.96" CONTENT="borde"/><SP WIDTH="15" VPOS="412" HPOS="289"/>
							<String ID="string_49" HPOS="304" VPOS="412" WIDTH="108" HEIGHT="19" WC="0.96" CONTENT="undvikas."/>
						</TextLine>
					</TextBlock>
					<TextBlock ID="block_2" HPOS="125" VPOS="448" WIDTH="756" HEIGHT="848">
						<TextLine ID="line_7" HPOS="200" VPOS="448" WIDTH="679" HEIGHT="26">
							<String ID="string_50" HPOS="200" VPOS="448" WIDTH="66" HEIGHT="20" WC="0.96" CONTENT="Dessa"/><SP WIDTH="20" VPOS="448" HPOS="266"/>
							<String ID="string_51" HPOS="286" VPOS="448" WIDTH="50" HEIGHT="25" WC="0.96" CONTENT="skäl,"/><SP WIDTH="16" VPOS="448" HPOS="336"/>
							<String ID="string_52" HPOS="352" VPOS="454" WIDTH="43" HEIGHT="13" WC="0.96" CONTENT="som"/><SP WIDTH="16" VPOS="454" HPOS="395"/>
							<String ID="string_53" HPOS="411" VPOS="448" WIDTH="69" HEIGHT="20" WC="0.96" CONTENT="utvisa"/><SP WIDTH="16" VPOS="448" HPOS="480"/>
							<String ID="string_54" HPOS="496" VPOS="450" WIDTH="31" HEIGHT="17" WC="0.96" CONTENT="att"/><SP WIDTH="14" VPOS="450" HPOS="527"/>
							<String ID="string_55" HPOS="541" VPOS="448" WIDTH="131" HEIGHT="25" WC="0.95" CONTENT="Regeringen"/><SP WIDTH="18" VPOS="448" HPOS="672"/>
							<String ID="string_56" HPOS="690" VPOS="448" WIDTH="56" HEIGHT="19" WC="0.96" CONTENT="såväl"/><SP WIDTH="17" VPOS="448" HPOS="746"/>
							<String ID="string_57" HPOS="763" VPOS="449" WIDTH="26" HEIGHT="25" WC="0.93" CONTENT="på"/><SP WIDTH="16" VPOS="449" HPOS="789"/>
							<String ID="string_58" HPOS="805" VPOS="448" WIDTH="74" HEIGHT="26" WC="0.92" CONTENT="princi-"/>
						</TextLine>
						<TextLine ID="line_8" HPOS="125" VPOS="483" WIDTH="754" HEIGHT="27">
							<String ID="string_59" HPOS="125" VPOS="484" WIDTH="61" HEIGHT="26" WC="0.91" CONTENT="piella"/><SP WIDTH="31" VPOS="484" HPOS="186"/>
							<String ID="string_60" HPOS="217" VPOS="491" WIDTH="43" HEIGHT="13" WC="0.96" CONTENT="som"/><SP WIDTH="23" VPOS="491" HPOS="260"/>
							<String ID="string_61" HPOS="283" VPOS="484" WIDTH="108" HEIGHT="25" WC="0.96" CONTENT="praktiska"/><SP WIDTH="26" VPOS="484" HPOS="391"/>
							<String ID="string_62" HPOS="417" VPOS="483" WIDTH="92" HEIGHT="26" WC="0.96" CONTENT="grunder"/><SP WIDTH="25" VPOS="483" HPOS="509"/>
							<String ID="string_63" HPOS="534" VPOS="490" WIDTH="61" HEIGHT="13" WC="0.96" CONTENT="anser"/><SP WIDTH="23" VPOS="490" HPOS="595"/>
							<String ID="string_64" HPOS="618" VPOS="486" WIDTH="32" HEIGHT="17" WC="0.96" CONTENT="att"/><SP WIDTH="24" VPOS="486" HPOS="650"/>
							<String ID="string_65" HPOS="674" VPOS="483" WIDTH="24" HEIGHT="20" WC="0.92" CONTENT="de"/><SP WIDTH="17" VPOS="483" HPOS="698"/>
							<String ID="string_66" HPOS="715" VPOS="490" WIDTH="16" HEIGHT="13" WC="0.88" CONTENT="s."/><SP WIDTH="15" VPOS="490" HPOS="731"/>
							<String ID="string_67" HPOS="746" VPOS="484" WIDTH="20" HEIGHT="19" WC="0.88" CONTENT="k."/><SP WIDTH="17" VPOS="484" HPOS="766"/>
							<String ID="string_68" HPOS="783" VPOS="484" WIDTH="96" HEIGHT="25" WC="0.91" CONTENT="borgare-"/>
						</TextLine>
						<TextLine ID="line_9" HPOS="126" VPOS="519" WIDTH="753" HEIGHT="25">
							<String ID="string_69" HPOS="126" VPOS="520" WIDTH="96" HEIGHT="20" WC="0.96" CONTENT="skolorna"/><SP WIDTH="29" VPOS="520" HPOS="222"/>
							<String ID="string_70" HPOS="251" VPOS="520" WIDTH="49" HEIGHT="19" WC="0.95" CONTENT="böra"/><SP WIDTH="19" VPOS="520" HPOS="300"/>
							<String ID="string_71" HPOS="319" VPOS="519" WIDTH="131" HEIGHT="20" WC="0.96" CONTENT="underhållas"/><SP WIDTH="25" VPOS="519" HPOS="450"/>
							<String ID="string_72" HPOS="475" VPOS="520" WIDTH="22" HEIGHT="19" WC="0.96" CONTENT="af"/><SP WIDTH="20" VPOS="520" HPOS="497"/>
							<String ID="string_73" HPOS="517" VPOS="520" WIDTH="153" HEIGHT="24" WC="0.96" CONTENT="kommunerna,"/><SP WIDTH="26" VPOS="520" HPOS="670"/>
							<String ID="string_74" HPOS="696" VPOS="520" WIDTH="39" HEIGHT="19" WC="0.96" CONTENT="har"/><SP WIDTH="26" VPOS="520" HPOS="735"/>
							<String ID="string_75" HPOS="761" VPOS="520" WIDTH="118" HEIGHT="19" WC="0.95" CONTENT="Utskottets"/>
						</TextLine>
						<TextLine ID="line_10" HPOS="125" VPOS="555" WIDTH="754" HEIGHT="26">
							<String ID="string_76" HPOS="125" VPOS="556" WIDTH="67" HEIGHT="20" WC="0.96" CONTENT="flertal"/><SP WIDTH="23" VPOS="556" HPOS="192"/>
							<String ID="string_77" HPOS="215" VPOS="558" WIDTH="69" HEIGHT="18" WC="0.96" CONTENT="ansett"/><SP WIDTH="22" VPOS="558" HPOS="284"/>
							<String ID="string_78" HPOS="306" VPOS="556" WIDTH="6" HEIGHT="18" WC="0.92" CONTENT="i"/><SP WIDTH="26" VPOS="556" HPOS="312"/>
							<String ID="string_79" HPOS="338" VPOS="556" WIDTH="39" HEIGHT="19" WC="0.88" CONTENT="allo"/><SP WIDTH="27" VPOS="556" HPOS="377"/>
							<String ID="string_80" HPOS="404" VPOS="555" WIDTH="147" HEIGHT="25" WC="0.93" CONTENT="välgrundade."/><SP WIDTH="32" VPOS="555" HPOS="551"/>
							<String ID="string_81" HPOS="583" VPOS="556" WIDTH="144" HEIGHT="25" WC="0.95" CONTENT="Regeringens"/><SP WIDTH="23" VPOS="556" HPOS="727"/>
							<String ID="string_82" HPOS="750" VPOS="555" WIDTH="129" HEIGHT="26" WC="0.96" CONTENT="ståndpunkt"/>
						</TextLine>
						<TextLine ID="line_11" HPOS="126" VPOS="591" WIDTH="753" HEIGHT="26">
							<String ID="string_83" HPOS="126" VPOS="598" WIDTH="61" HEIGHT="19" WC="0.96" CONTENT="synes"/><SP WIDTH="24" VPOS="598" HPOS="187"/>
							<String ID="string_84" HPOS="211" VPOS="592" WIDTH="23" HEIGHT="19" WC="0.96" CONTENT="så"/><SP WIDTH="22" VPOS="592" HPOS="234"/>
							<String ID="string_85" HPOS="256" VPOS="591" WIDTH="82" HEIGHT="26" WC="0.96" CONTENT="mycket"/><SP WIDTH="26" VPOS="591" HPOS="338"/>
							<String ID="string_86" HPOS="364" VPOS="597" WIDTH="55" HEIGHT="13" WC="0.96" CONTENT="mera"/><SP WIDTH="23" VPOS="597" HPOS="419"/>
							<String ID="string_87" HPOS="442" VPOS="591" WIDTH="122" HEIGHT="25" WC="0.94" CONTENT="berättigad,"/><SP WIDTH="16" VPOS="591" HPOS="564"/>
							<String ID="string_88" HPOS="580" VPOS="598" WIDTH="43" HEIGHT="12" WC="0.96" CONTENT="som"/><SP WIDTH="16" VPOS="598" HPOS="623"/>
							<String ID="string_89" HPOS="639" VPOS="591" WIDTH="40" HEIGHT="25" WC="0.95" CONTENT="det,"/><SP WIDTH="17" VPOS="591" HPOS="679"/>
							<String ID="string_90" HPOS="696" VPOS="593" WIDTH="31" HEIGHT="17" WC="0.96" CONTENT="att"/><SP WIDTH="16" VPOS="593" HPOS="727"/>
							<String ID="string_91" HPOS="743" VPOS="591" WIDTH="59" HEIGHT="19" WC="0.96" CONTENT="döma"/><SP WIDTH="16" VPOS="591" HPOS="802"/>
							<String ID="string_92" HPOS="818" VPOS="591" WIDTH="23" HEIGHT="19" WC="0.96" CONTENT="af"/><SP WIDTH="13" VPOS="591" HPOS="841"/>
							<String ID="string_93" HPOS="854" VPOS="591" WIDTH="25" HEIGHT="19" WC="0.96" CONTENT="de"/>
						</TextLine>
						<TextLine ID="line_12" HPOS="126" VPOS="627" WIDTH="753" HEIGHT="26">
							<String ID="string_94" HPOS="126" VPOS="628" WIDTH="35" HEIGHT="19" WC="0.96" CONTENT="vid"/><SP WIDTH="19" VPOS="628" HPOS="161"/>
							<String ID="string_95" HPOS="180" VPOS="627" WIDTH="124" HEIGHT="26" WC="0.93" CONTENT="föregående"/><SP WIDTH="16" VPOS="627" HPOS="304"/>
							<String ID="string_96" HPOS="320" VPOS="627" WIDTH="156" HEIGHT="20" WC="0.91" CONTENT="Ständermöten"/><SP WIDTH="16" VPOS="627" HPOS="476"/>
							<String ID="string_97" HPOS="492" VPOS="627" WIDTH="115" HEIGHT="20" WC="0.91" CONTENT="inlemnade"/><SP WIDTH="15" VPOS="627" HPOS="607"/>
							<String ID="string_98" HPOS="622" VPOS="627" WIDTH="208" HEIGHT="26" WC="0.91" CONTENT="petitionsförslagen,"/><SP WIDTH="16" VPOS="627" HPOS="830"/>
							<String ID="string_99" HPOS="846" VPOS="634" WIDTH="33" HEIGHT="19" WC="0.91" CONTENT="sy-"/>
						</TextLine>
						<TextLine ID="line_13" HPOS="126" VPOS="663" WIDTH="753" HEIGHT="26">
							<String ID="string_100" HPOS="126" VPOS="670" WIDTH="36" HEIGHT="13" WC="0.95" CONTENT="nes"/><SP WIDTH="20" VPOS="670" HPOS="162"/>
							<String ID="string_101" HPOS="182" VPOS="663" WIDTH="61" HEIGHT="26" WC="0.96" CONTENT="högst"/><SP WIDTH="19" VPOS="663" HPOS="243"/>
							<String ID="string_102" HPOS="262" VPOS="663" WIDTH="103" HEIGHT="20" WC="0.96" CONTENT="sannolikt"/><SP WIDTH="20" VPOS="663" HPOS="365"/>
							<String ID="string_103" HPOS="385" VPOS="665" WIDTH="31" HEIGHT="17" WC="0.96" CONTENT="att"/><SP WIDTH="15" VPOS="665" HPOS="416"/>
							<String ID="string_104" HPOS="431" VPOS="664" WIDTH="88" HEIGHT="25" WC="0.96" CONTENT="mången"/><SP WIDTH="15" VPOS="664" HPOS="519"/>
							<String ID="string_105" HPOS="534" VPOS="663" WIDTH="91" HEIGHT="20" WC="0.96" CONTENT="småstad"/><SP WIDTH="17" VPOS="663" HPOS="625"/>
							<String ID="string_106" HPOS="642" VPOS="663" WIDTH="49" HEIGHT="20" WC="0.96" CONTENT="eller"/><SP WIDTH="16" VPOS="663" HPOS="691"/>
							<String ID="string_107" HPOS="707" VPOS="663" WIDTH="78" HEIGHT="26" WC="0.96" CONTENT="köping"/><SP WIDTH="16" VPOS="663" HPOS="785"/>
							<String ID="string_108" HPOS="801" VPOS="663" WIDTH="78" HEIGHT="19" WC="0.93" CONTENT="komme"/>
						</TextLine>
						<TextLine ID="line_14" HPOS="127" VPOS="698" WIDTH="753" HEIGHT="27">
							<String ID="string_109" HPOS="127" VPOS="702" WIDTH="30" HEIGHT="17" WC="0.96" CONTENT="att"/><SP WIDTH="15" VPOS="702" HPOS="157"/>
							<String ID="string_110" HPOS="172" VPOS="702" WIDTH="51" HEIGHT="23" WC="0.96" CONTENT="göra"/><SP WIDTH="16" VPOS="702" HPOS="223"/>
							<String ID="string_111" HPOS="239" VPOS="699" WIDTH="91" HEIGHT="26" WC="0.96" CONTENT="anspråk"/><SP WIDTH="10" VPOS="699" HPOS="330"/>
							<String ID="string_112" HPOS="340" VPOS="700" WIDTH="27" HEIGHT="25" WC="0.96" CONTENT="på"/><SP WIDTH="10" VPOS="700" HPOS="367"/>
							<String ID="string_113" HPOS="377" VPOS="705" WIDTH="25" HEIGHT="13" WC="0.96" CONTENT="en"/><SP WIDTH="12" VPOS="705" HPOS="402"/>
							<String ID="string_114" HPOS="414" VPOS="699" WIDTH="22" HEIGHT="19" WC="0.96" CONTENT="af"/><SP WIDTH="9" VPOS="699" HPOS="436"/>
							<String ID="string_115" HPOS="445" VPOS="701" WIDTH="68" HEIGHT="18" WC="0.96" CONTENT="staten"/><SP WIDTH="11" VPOS="701" HPOS="513"/>
							<String ID="string_116" HPOS="524" VPOS="699" WIDTH="134" HEIGHT="20" WC="0.93" CONTENT="underhållen"/><SP WIDTH="12" VPOS="699" HPOS="658"/>
							<String ID="string_117" HPOS="670" VPOS="699" WIDTH="155" HEIGHT="25" WC="0.92" CONTENT="borgareskola,"/><SP WIDTH="12" VPOS="699" HPOS="825"/>
							<String ID="string_118" HPOS="837" VPOS="698" WIDTH="43" HEIGHT="20" WC="0.96" CONTENT="ifall"/>
						</TextLine>
						<TextLine ID="line_15" HPOS="127" VPOS="734" WIDTH="752" HEIGHT="27">
							<String ID="string_119" HPOS="127" VPOS="735" WIDTH="65" HEIGHT="20" WC="0.93" CONTENT="slaten"/><SP WIDTH="12" VPOS="735" HPOS="192"/>
							<String ID="string_120" HPOS="204" VPOS="735" WIDTH="56" HEIGHT="20" WC="0.96" CONTENT="öfver"/><SP WIDTH="8" VPOS="735" HPOS="260"/>
							<String ID="string_121" HPOS="268" VPOS="735" WIDTH="80" HEIGHT="20" WC="0.96" CONTENT="hufvud"/><SP WIDTH="10" VPOS="735" HPOS="348"/>
							<String ID="string_122" HPOS="358" VPOS="735" WIDTH="115" HEIGHT="26" WC="0.96" CONTENT="samtyckte"/><SP WIDTH="11" VPOS="735" HPOS="473"/>
							<String ID="string_123" HPOS="484" VPOS="735" WIDTH="32" HEIGHT="19" WC="0.96" CONTENT="till"/><SP WIDTH="11" VPOS="735" HPOS="516"/>
							<String ID="string_124" HPOS="527" VPOS="737" WIDTH="29" HEIGHT="17" WC="0.96" CONTENT="att"/><SP WIDTH="11" VPOS="737" HPOS="556"/>
							<String ID="string_125" HPOS="567" VPOS="735" WIDTH="140" HEIGHT="26" WC="0.96" CONTENT="upprätthålla"/><SP WIDTH="12" VPOS="735" HPOS="707"/>
							<String ID="string_126" HPOS="719" VPOS="735" WIDTH="82" HEIGHT="20" WC="0.93" CONTENT="sådana."/><SP WIDTH="26" VPOS="735" HPOS="801"/>
							<String ID="string_127" HPOS="827" VPOS="734" WIDTH="52" HEIGHT="20" WC="0.84" CONTENT="Ifrä-"/>
						</TextLine>
						<TextLine ID="line_16" HPOS="127" VPOS="770" WIDTH="752" HEIGHT="26">
							<String ID="string_128" HPOS="127" VPOS="771" WIDTH="118" HEIGHT="25" WC="0.91" CONTENT="gavarande"/><SP WIDTH="20" VPOS="771" HPOS="245"/>
							<String ID="string_129" HPOS="265" VPOS="771" WIDTH="109" HEIGHT="19" WC="0.96" CONTENT="resolution"/><SP WIDTH="20" VPOS="771" HPOS="374"/>
							<String ID="string_130" HPOS="394" VPOS="771" WIDTH="86" HEIGHT="24" WC="0.96" CONTENT="utvisar,"/><SP WIDTH="17" VPOS="771" HPOS="480"/>
							<String ID="string_131" HPOS="497" VPOS="772" WIDTH="66" HEIGHT="18" WC="0.96" CONTENT="såsom"/><SP WIDTH="19" VPOS="772" HPOS="563"/>
							<String ID="string_132" HPOS="582" VPOS="771" WIDTH="23" HEIGHT="19" WC="0.96" CONTENT="af"/><SP WIDTH="13" VPOS="771" HPOS="605"/>
							<String ID="string_133" HPOS="618" VPOS="771" WIDTH="34" HEIGHT="19" WC="0.97" CONTENT="det"/><SP WIDTH="19" VPOS="771" HPOS="652"/>
							<String ID="string_134" HPOS="671" VPOS="770" WIDTH="124" HEIGHT="26" WC="0.96" CONTENT="föregående"/><SP WIDTH="16" VPOS="770" HPOS="795"/>
							<String ID="string_135" HPOS="811" VPOS="777" WIDTH="68" HEIGHT="19" WC="0.96" CONTENT="synes,"/>
						</TextLine>
						<TextLine ID="line_17" HPOS="126" VPOS="806" WIDTH="753" HEIGHT="26">
							<String ID="string_136" HPOS="126" VPOS="809" WIDTH="31" HEIGHT="18" WC="0.96" CONTENT="att"/><SP WIDTH="15" VPOS="809" HPOS="157"/>
							<String ID="string_137" HPOS="172" VPOS="807" WIDTH="132" HEIGHT="25" WC="0.96" CONTENT="Regeringen"/><SP WIDTH="16" VPOS="807" HPOS="304"/>
							<String ID="string_138" HPOS="320" VPOS="807" WIDTH="54" HEIGHT="19" WC="0.92" CONTENT="velat"/><SP WIDTH="16" VPOS="807" HPOS="374"/>
							<String ID="string_139" HPOS="390" VPOS="807" WIDTH="93" HEIGHT="25" WC="0.91" CONTENT="iakttaga"/><SP WIDTH="15" VPOS="807" HPOS="483"/>
							<String ID="string_140" HPOS="498" VPOS="809" WIDTH="77" HEIGHT="17" WC="0.96" CONTENT="största"/><SP WIDTH="14" VPOS="809" HPOS="575"/>
							<String ID="string_141" HPOS="589" VPOS="806" WIDTH="82" HEIGHT="26" WC="0.96" CONTENT="möjliga"/><SP WIDTH="11" VPOS="806" HPOS="671"/>
							<String ID="string_142" HPOS="682" VPOS="806" WIDTH="129" HEIGHT="26" WC="0.93" CONTENT="opartiskhet"/><SP WIDTH="10" VPOS="806" HPOS="811"/>
							<String ID="string_143" HPOS="821" VPOS="809" WIDTH="58" HEIGHT="22" WC="0.91" CONTENT="gent-"/>
						</TextLine>
						<TextLine ID="line_18" HPOS="130" VPOS="842" WIDTH="749" HEIGHT="26">
							<String ID="string_144" HPOS="130" VPOS="846" WIDTH="53" HEIGHT="16" WC="0.96" CONTENT="emot"/><SP WIDTH="22" VPOS="846" HPOS="183"/>
							<String ID="string_145" HPOS="205" VPOS="843" WIDTH="40" HEIGHT="19" WC="0.95" CONTENT="alla"/><SP WIDTH="19" VPOS="843" HPOS="245"/>
							<String ID="string_146" HPOS="264" VPOS="843" WIDTH="25" HEIGHT="19" WC="0.96" CONTENT="de"/><SP WIDTH="19" VPOS="843" HPOS="289"/>
							<String ID="string_147" HPOS="308" VPOS="843" WIDTH="69" HEIGHT="19" WC="0.96" CONTENT="städer"/><SP WIDTH="16" VPOS="843" HPOS="377"/>
							<String ID="string_148" HPOS="393" VPOS="843" WIDTH="6" HEIGHT="19" WC="0.96" CONTENT="i"/><SP WIDTH="16" VPOS="843" HPOS="399"/>
							<String ID="string_149" HPOS="415" VPOS="843" WIDTH="46" HEIGHT="19" WC="0.96" CONTENT="vårt"/><SP WIDTH="16" VPOS="843" HPOS="461"/>
							<String ID="string_150" HPOS="477" VPOS="843" WIDTH="54" HEIGHT="25" WC="0.96" CONTENT="land,"/><SP WIDTH="16" VPOS="843" HPOS="531"/>
							<String ID="string_151" HPOS="547" VPOS="843" WIDTH="71" HEIGHT="19" WC="0.96" CONTENT="hvilka"/><SP WIDTH="16" VPOS="843" HPOS="618"/>
							<String ID="string_152" HPOS="634" VPOS="845" WIDTH="35" HEIGHT="17" WC="0.96" CONTENT="äro"/><SP WIDTH="17" VPOS="845" HPOS="669"/>
							<String ID="string_153" HPOS="686" VPOS="843" WIDTH="6" HEIGHT="18" WC="0.91" CONTENT="i"/><SP WIDTH="16" VPOS="843" HPOS="692"/>
							<String ID="string_154" HPOS="708" VPOS="842" WIDTH="64" HEIGHT="20" WC="0.91" CONTENT="behof"/><SP WIDTH="13" VPOS="842" HPOS="772"/>
							<String ID="string_155" HPOS="785" VPOS="842" WIDTH="23" HEIGHT="20" WC="0.96" CONTENT="af"/><SP WIDTH="13" VPOS="842" HPOS="808"/>
							<String ID="string_156" HPOS="821" VPOS="842" WIDTH="58" HEIGHT="25" WC="0.96" CONTENT="lägre"/>
						</TextLine>
						<TextLine ID="line_19" HPOS="128" VPOS="877" WIDTH="752" HEIGHT="26">
							<String ID="string_157" HPOS="128" VPOS="877" WIDTH="214" HEIGHT="21" WC="0.90" CONTENT="elementarläroverk."/><SP WIDTH="16" VPOS="877" HPOS="342"/>
							<String ID="string_158" HPOS="358" VPOS="878" WIDTH="47" HEIGHT="20" WC="0.96" CONTENT="Men"/><SP WIDTH="14" VPOS="878" HPOS="405"/>
							<String ID="string_159" HPOS="419" VPOS="878" WIDTH="64" HEIGHT="20" WC="0.96" CONTENT="ehuru"/><SP WIDTH="11" VPOS="878" HPOS="483"/>
							<String ID="string_160" HPOS="494" VPOS="878" WIDTH="131" HEIGHT="25" WC="0.96" CONTENT="Regeringen"/><SP WIDTH="8" VPOS="878" HPOS="625"/>
							<String ID="string_161" HPOS="633" VPOS="878" WIDTH="46" HEIGHT="19" WC="0.96" CONTENT="icke"/><SP WIDTH="9" VPOS="878" HPOS="679"/>
							<String ID="string_162" HPOS="688" VPOS="878" WIDTH="75" HEIGHT="20" WC="0.96" CONTENT="önskat"/><SP WIDTH="8" VPOS="878" HPOS="763"/>
							<String ID="string_163" HPOS="771" VPOS="878" WIDTH="76" HEIGHT="25" WC="0.96" CONTENT="bevilja"/><SP WIDTH="8" VPOS="878" HPOS="847"/>
							<String ID="string_164" HPOS="855" VPOS="884" WIDTH="25" HEIGHT="14" WC="0.96" CONTENT="en"/>
						</TextLine>
						<TextLine ID="line_20" HPOS="127" VPOS="914" WIDTH="753" HEIGHT="25">
							<String ID="string_165" HPOS="127" VPOS="914" WIDTH="33" HEIGHT="20" WC="0.96" CONTENT="del"/><SP WIDTH="16" VPOS="914" HPOS="160"/>
							<String ID="string_166" HPOS="176" VPOS="914" WIDTH="70" HEIGHT="20" WC="0.96" CONTENT="städer"/><SP WIDTH="16" VPOS="914" HPOS="246"/>
							<String ID="string_167" HPOS="262" VPOS="916" WIDTH="65" HEIGHT="18" WC="0.96" CONTENT="större"/><SP WIDTH="19" VPOS="916" HPOS="327"/>
							<String ID="string_168" HPOS="346" VPOS="914" WIDTH="101" HEIGHT="20" WC="0.96" CONTENT="förmåner"/><SP WIDTH="21" VPOS="914" HPOS="447"/>
							<String ID="string_169" HPOS="468" VPOS="917" WIDTH="27" HEIGHT="17" WC="0.96" CONTENT="än"/><SP WIDTH="21" VPOS="917" HPOS="495"/>
							<String ID="string_170" HPOS="516" VPOS="914" WIDTH="70" HEIGHT="25" WC="0.96" CONTENT="andra,"/><SP WIDTH="18" VPOS="914" HPOS="586"/>
							<String ID="string_171" HPOS="604" VPOS="914" WIDTH="38" HEIGHT="19" WC="0.96" CONTENT="har"/><SP WIDTH="22" VPOS="914" HPOS="642"/>
							<String ID="string_172" HPOS="664" VPOS="914" WIDTH="39" HEIGHT="20" WC="0.96" CONTENT="hon"/><SP WIDTH="22" VPOS="914" HPOS="703"/>
							<String ID="string_173" HPOS="725" VPOS="914" WIDTH="65" HEIGHT="19" WC="0.96" CONTENT="likväl"/><SP WIDTH="19" VPOS="914" HPOS="790"/>
							<String ID="string_174" HPOS="809" VPOS="914" WIDTH="45" HEIGHT="19" WC="0.96" CONTENT="icke"/><SP WIDTH="19" VPOS="914" HPOS="854"/>
							<String ID="string_175" HPOS="873" VPOS="914" WIDTH="7" HEIGHT="19" WC="0.94" CONTENT="i"/>
						</TextLine>
						<TextLine ID="line_21" HPOS="128" VPOS="949" WIDTH="752" HEIGHT="27">
							<String ID="string_176" HPOS="128" VPOS="950" WIDTH="52" HEIGHT="19" WC="0.96" CONTENT="strid"/><SP WIDTH="23" VPOS="950" HPOS="180"/>
							<String ID="string_177" HPOS="203" VPOS="950" WIDTH="46" HEIGHT="20" WC="0.96" CONTENT="med"/><SP WIDTH="23" VPOS="950" HPOS="249"/>
							<String ID="string_178" HPOS="272" VPOS="949" WIDTH="25" HEIGHT="20" WC="0.95" CONTENT="de"/><SP WIDTH="17" VPOS="949" HPOS="297"/>
							<String ID="string_179" HPOS="314" VPOS="950" WIDTH="80" HEIGHT="20" WC="0.96" CONTENT="städers"/><SP WIDTH="19" VPOS="950" HPOS="394"/>
							<String ID="string_180" HPOS="413" VPOS="950" WIDTH="86" HEIGHT="26" WC="0.96" CONTENT="önskan,"/><SP WIDTH="24" VPOS="950" HPOS="499"/>
							<String ID="string_181" HPOS="523" VPOS="957" WIDTH="41" HEIGHT="13" WC="0.96" CONTENT="som"/><SP WIDTH="20" VPOS="957" HPOS="564"/>
							<String ID="string_182" HPOS="584" VPOS="950" WIDTH="31" HEIGHT="20" WC="0.96" CONTENT="för"/><SP WIDTH="19" VPOS="950" HPOS="615"/>
							<String ID="string_183" HPOS="634" VPOS="950" WIDTH="130" HEIGHT="20" WC="0.93" CONTENT="närvarande"/><SP WIDTH="21" VPOS="950" HPOS="764"/>
							<String ID="string_184" HPOS="785" VPOS="956" WIDTH="38" HEIGHT="19" WC="0.89" CONTENT="ega"/><SP WIDTH="15" VPOS="956" HPOS="823"/>
							<String ID="string_185" HPOS="838" VPOS="950" WIDTH="42" HEIGHT="25" WC="0.92" CONTENT="fyr-"/>
						</TextLine>
						<TextLine ID="line_22" HPOS="127" VPOS="985" WIDTH="754" HEIGHT="26">
							<String ID="string_186" HPOS="127" VPOS="985" WIDTH="92" HEIGHT="26" WC="0.92" CONTENT="klassiga"/><SP WIDTH="7" VPOS="985" HPOS="219"/>
							<String ID="string_187" HPOS="226" VPOS="986" WIDTH="128" HEIGHT="24" WC="0.91" CONTENT="statsskolor,"/><SP WIDTH="9" VPOS="986" HPOS="354"/>
							<String ID="string_188" HPOS="363" VPOS="986" WIDTH="54" HEIGHT="20" WC="0.96" CONTENT="velat"/><SP WIDTH="10" VPOS="986" HPOS="417"/>
							<String ID="string_189" HPOS="427" VPOS="986" WIDTH="97" HEIGHT="20" WC="0.96" CONTENT="förordna"/><SP WIDTH="11" VPOS="986" HPOS="524"/>
							<String ID="string_190" HPOS="535" VPOS="993" WIDTH="31" HEIGHT="13" WC="0.96" CONTENT="om"/><SP WIDTH="11" VPOS="993" HPOS="566"/>
							<String ID="string_191" HPOS="577" VPOS="986" WIDTH="72" HEIGHT="20" WC="0.95" CONTENT="dessas"/><SP WIDTH="11" VPOS="986" HPOS="649"/>
							<String ID="string_192" HPOS="660" VPOS="986" WIDTH="157" HEIGHT="25" WC="0.96" CONTENT="förändring"/><SP WIDTH="-34" VPOS="986" HPOS="817"/>
							<String ID="string_193" HPOS="783" VPOS="981" WIDTH="43" HEIGHT="35" WC="0.93" CONTENT="till"/><SP WIDTH="0" VPOS="981" HPOS="826"/>
							<String ID="string_194" HPOS="826" VPOS="986" WIDTH="55" HEIGHT="19" WC="0.93" CONTENT="kom-"/>
						</TextLine>
						<TextLine ID="line_23" HPOS="127" VPOS="1022" WIDTH="752" HEIGHT="25">
							<String ID="string_195" HPOS="127" VPOS="1022" WIDTH="83" HEIGHT="20" WC="0.90" CONTENT="munala"/><SP WIDTH="18" VPOS="1022" HPOS="210"/>
							<String ID="string_196" HPOS="228" VPOS="1022" WIDTH="74" HEIGHT="20" WC="0.95" CONTENT="skolor."/><SP WIDTH="30" VPOS="1022" HPOS="302"/>
							<String ID="string_197" HPOS="332" VPOS="1022" WIDTH="33" HEIGHT="19" WC="0.94" CONTENT="Då"/><SP WIDTH="16" VPOS="1022" HPOS="365"/>
							<String ID="string_198" HPOS="381" VPOS="1022" WIDTH="25" HEIGHT="20" WC="0.96" CONTENT="de"/><SP WIDTH="15" VPOS="1022" HPOS="406"/>
							<String ID="string_199" HPOS="421" VPOS="1022" WIDTH="58" HEIGHT="25" WC="0.93" CONTENT="lägre"/><SP WIDTH="20" VPOS="1022" HPOS="479"/>
							<String ID="string_200" HPOS="499" VPOS="1022" WIDTH="233" HEIGHT="20" WC="0.91" CONTENT="elementarläroverken"/><SP WIDTH="19" VPOS="1022" HPOS="732"/>
							<String ID="string_201" HPOS="751" VPOS="1022" WIDTH="66" HEIGHT="19" WC="0.93" CONTENT="under"/><SP WIDTH="17" VPOS="1022" HPOS="817"/>
							<String ID="string_202" HPOS="834" VPOS="1022" WIDTH="45" HEIGHT="19" WC="0.91" CONTENT="sak-"/>
						</TextLine>
						<TextLine ID="line_24" HPOS="127" VPOS="1057" WIDTH="754" HEIGHT="26">
							<String ID="string_203" HPOS="127" VPOS="1064" WIDTH="61" HEIGHT="13" WC="0.91" CONTENT="ernas"/><SP WIDTH="29" VPOS="1064" HPOS="188"/>
							<String ID="string_204" HPOS="217" VPOS="1058" WIDTH="128" HEIGHT="19" WC="0.88" CONTENT="närvarande"/><SP WIDTH="31" VPOS="1058" HPOS="345"/>
							<String ID="string_205" HPOS="376" VPOS="1058" WIDTH="45" HEIGHT="25" WC="0.95" CONTENT="läge"/><SP WIDTH="32" VPOS="1058" HPOS="421"/>
							<String ID="string_206" HPOS="453" VPOS="1058" WIDTH="7" HEIGHT="19" WC="0.96" CONTENT="i"/><SP WIDTH="24" VPOS="1058" HPOS="460"/>
							<String ID="string_207" HPOS="484" VPOS="1059" WIDTH="23" HEIGHT="19" WC="0.96" CONTENT="så"/><SP WIDTH="22" VPOS="1059" HPOS="507"/>
							<String ID="string_208" HPOS="529" VPOS="1058" WIDTH="41" HEIGHT="25" WC="0.96" CONTENT="hög"/><SP WIDTH="23" VPOS="1058" HPOS="570"/>
							<String ID="string_209" HPOS="593" VPOS="1058" WIDTH="52" HEIGHT="25" WC="0.96" CONTENT="grad"/><SP WIDTH="23" VPOS="1058" HPOS="645"/>
							<String ID="string_210" HPOS="668" VPOS="1060" WIDTH="36" HEIGHT="18" WC="0.96" CONTENT="äro"/><SP WIDTH="24" VPOS="1060" HPOS="704"/>
							<String ID="string_211" HPOS="728" VPOS="1057" WIDTH="153" HEIGHT="20" WC="0.95" CONTENT="underkastade"/>
						</TextLine>
						<TextLine ID="line_25" HPOS="127" VPOS="1092" WIDTH="753" HEIGHT="27">
							<String ID="string_212" HPOS="127" VPOS="1092" WIDTH="132" HEIGHT="26" WC="0.96" CONTENT="möjligheten"/><SP WIDTH="15" VPOS="1092" HPOS="259"/>
							<String ID="string_213" HPOS="274" VPOS="1093" WIDTH="23" HEIGHT="19" WC="0.96" CONTENT="af"/><SP WIDTH="13" VPOS="1093" HPOS="297"/>
							<String ID="string_214" HPOS="310" VPOS="1093" WIDTH="150" HEIGHT="26" WC="0.96" CONTENT="ombildningar"/><SP WIDTH="17" VPOS="1093" HPOS="460"/>
							<String ID="string_215" HPOS="477" VPOS="1094" WIDTH="38" HEIGHT="19" WC="0.96" CONTENT="och"/><SP WIDTH="14" VPOS="1094" HPOS="515"/>
							<String ID="string_216" HPOS="529" VPOS="1093" WIDTH="151" HEIGHT="25" WC="0.96" CONTENT="förändringar,"/><SP WIDTH="16" VPOS="1093" HPOS="680"/>
							<String ID="string_217" HPOS="696" VPOS="1093" WIDTH="44" HEIGHT="25" WC="0.96" CONTENT="har,"/><SP WIDTH="17" VPOS="1093" HPOS="740"/>
							<String ID="string_218" HPOS="757" VPOS="1092" WIDTH="64" HEIGHT="26" WC="0.93" CONTENT="enligt"/><SP WIDTH="16" VPOS="1092" HPOS="821"/>
							<String ID="string_219" HPOS="837" VPOS="1092" WIDTH="43" HEIGHT="26" WC="0.93" CONTENT="plu-"/>
						</TextLine>
						<TextLine ID="line_26" HPOS="127" VPOS="1128" WIDTH="754" HEIGHT="26">
							<String ID="string_220" HPOS="127" VPOS="1129" WIDTH="107" HEIGHT="19" WC="0.91" CONTENT="ralitetens"/><SP WIDTH="22" VPOS="1129" HPOS="234"/>
							<String ID="string_221" HPOS="256" VPOS="1129" WIDTH="55" HEIGHT="19" WC="0.96" CONTENT="inom"/><SP WIDTH="15" VPOS="1129" HPOS="311"/>
							<String ID="string_222" HPOS="326" VPOS="1129" WIDTH="108" HEIGHT="20" WC="0.96" CONTENT="Utskottet"/><SP WIDTH="22" VPOS="1129" HPOS="434"/>
							<String ID="string_223" HPOS="456" VPOS="1129" WIDTH="60" HEIGHT="25" WC="0.95" CONTENT="åsikt,"/><SP WIDTH="24" VPOS="1129" HPOS="516"/>
							<String ID="string_224" HPOS="540" VPOS="1129" WIDTH="132" HEIGHT="25" WC="0.95" CONTENT="Regeringen"/><SP WIDTH="24" VPOS="1129" HPOS="672"/>
							<String ID="string_225" HPOS="696" VPOS="1128" WIDTH="98" HEIGHT="26" WC="0.95" CONTENT="iakttagit"/><SP WIDTH="23" VPOS="1128" HPOS="794"/>
							<String ID="string_226" HPOS="817" VPOS="1128" WIDTH="64" HEIGHT="26" WC="0.96" CONTENT="nödig"/>
						</TextLine>
						<TextLine ID="line_27" HPOS="127" VPOS="1163" WIDTH="753" HEIGHT="26">
							<String ID="string_227" HPOS="127" VPOS="1163" WIDTH="141" HEIGHT="26" WC="0.96" CONTENT="försiktighet,"/><SP WIDTH="26" VPOS="1163" HPOS="268"/>
							<String ID="string_228" HPOS="294" VPOS="1164" WIDTH="26" HEIGHT="19" WC="0.96" CONTENT="då"/><SP WIDTH="24" VPOS="1164" HPOS="320"/>
							<String ID="string_229" HPOS="344" VPOS="1164" WIDTH="118" HEIGHT="20" WC="0.88" CONTENT="densamma"/><SP WIDTH="21" VPOS="1164" HPOS="462"/>
							<String ID="string_230" HPOS="483" VPOS="1165" WIDTH="106" HEIGHT="19" WC="0.88" CONTENT="förordnat"/><SP WIDTH="24" VPOS="1165" HPOS="589"/>
							<String ID="string_231" HPOS="613" VPOS="1167" WIDTH="31" HEIGHT="17" WC="0.93" CONTENT="att"/><SP WIDTH="22" VPOS="1167" HPOS="644"/>
							<String ID="string_232" HPOS="666" VPOS="1164" WIDTH="155" HEIGHT="25" WC="0.91" CONTENT="läraretjänster"/><SP WIDTH="24" VPOS="1164" HPOS="821"/>
							<String ID="string_233" HPOS="845" VPOS="1163" WIDTH="35" HEIGHT="20" WC="0.96" CONTENT="vid"/>
						</TextLine>
						<TextLine ID="line_28" HPOS="127" VPOS="1199" WIDTH="754" HEIGHT="27">
							<String ID="string_234" HPOS="127" VPOS="1199" WIDTH="158" HEIGHT="26" WC="0.91" CONTENT="ifrågavarande"/><SP WIDTH="16" VPOS="1199" HPOS="285"/>
							<String ID="string_235" HPOS="301" VPOS="1200" WIDTH="125" HEIGHT="26" WC="0.91" CONTENT="fyrklassiga"/><SP WIDTH="16" VPOS="1200" HPOS="426"/>
							<String ID="string_236" HPOS="442" VPOS="1200" WIDTH="186" HEIGHT="25" WC="0.91" CONTENT="elementarskolor,"/><SP WIDTH="14" VPOS="1200" HPOS="628"/>
							<String ID="string_237" HPOS="642" VPOS="1200" WIDTH="86" HEIGHT="20" WC="0.96" CONTENT="likasom"/><SP WIDTH="14" VPOS="1200" HPOS="728"/>
							<String ID="string_238" HPOS="742" VPOS="1199" WIDTH="89" HEIGHT="26" WC="0.96" CONTENT="tidigare"/><SP WIDTH="14" VPOS="1199" HPOS="831"/>
							<String ID="string_239" HPOS="845" VPOS="1199" WIDTH="36" HEIGHT="20" WC="0.96" CONTENT="vid"/>
						</TextLine>
						<TextLine ID="line_29" HPOS="128" VPOS="1235" WIDTH="753" HEIGHT="26">
							<String ID="string_240" HPOS="128" VPOS="1235" WIDTH="24" HEIGHT="20" WC="0.93" CONTENT="de"/><SP WIDTH="31" VPOS="1235" HPOS="152"/>
							<String ID="string_241" HPOS="183" VPOS="1235" WIDTH="133" HEIGHT="26" WC="0.87" CONTENT="tvåklassiga,"/><SP WIDTH="22" VPOS="1235" HPOS="316"/>
							<String ID="string_242" HPOS="338" VPOS="1236" WIDTH="45" HEIGHT="20" WC="0.96" CONTENT="icke"/><SP WIDTH="19" VPOS="1236" HPOS="383"/>
							<String ID="string_243" HPOS="402" VPOS="1236" WIDTH="59" HEIGHT="20" WC="0.93" CONTENT="skola"/><SP WIDTH="18" VPOS="1236" HPOS="461"/>
							<String ID="string_244" HPOS="479" VPOS="1236" WIDTH="123" HEIGHT="20" WC="0.93" CONTENT="ordinariter"/><SP WIDTH="19" VPOS="1236" HPOS="602"/>
							<String ID="string_245" HPOS="621" VPOS="1236" WIDTH="98" HEIGHT="25" WC="0.91" CONTENT="besättas,"/><SP WIDTH="16" VPOS="1236" HPOS="719"/>
							<String ID="string_246" HPOS="735" VPOS="1236" WIDTH="27" HEIGHT="19" WC="0.96" CONTENT="då"/><SP WIDTH="16" VPOS="1236" HPOS="762"/>
							<String ID="string_247" HPOS="778" VPOS="1235" WIDTH="103" HEIGHT="20" WC="0.96" CONTENT="desamma"/>
						</TextLine>
						<TextLine ID="line_30" HPOS="127" VPOS="1271" WIDTH="153" HEIGHT="25">
							<String ID="string_248" HPOS="127" VPOS="1271" WIDTH="64" HEIGHT="20" WC="0.96" CONTENT="blifva"/><SP WIDTH="16" VPOS="1271" HPOS="191"/>
							<String ID="string_249" HPOS="207" VPOS="1271" WIDTH="73" HEIGHT="25" WC="0.96" CONTENT="lediga."/>
						</TextLine>
					</TextBlock>
					<TextBlock ID="block_3" HPOS="127" VPOS="1307" WIDTH="754" HEIGHT="169">
						<TextLine ID="line_31" HPOS="202" VPOS="1307" WIDTH="679" HEIGHT="26">
							<String ID="string_250" HPOS="202" VPOS="1307" WIDTH="132" HEIGHT="20" WC="0.91" CONTENT="Minoriteten"/><SP WIDTH="16" VPOS="1307" HPOS="334"/>
							<String ID="string_251" HPOS="350" VPOS="1307" WIDTH="53" HEIGHT="20" WC="0.96" CONTENT="inom"/><SP WIDTH="16" VPOS="1307" HPOS="403"/>
							<String ID="string_252" HPOS="419" VPOS="1307" WIDTH="108" HEIGHT="20" WC="0.95" CONTENT="Utskottet"/><SP WIDTH="15" VPOS="1307" HPOS="527"/>
							<String ID="string_253" HPOS="542" VPOS="1308" WIDTH="38" HEIGHT="19" WC="0.96" CONTENT="har"/><SP WIDTH="16" VPOS="1308" HPOS="580"/>
							<String ID="string_254" HPOS="596" VPOS="1308" WIDTH="55" HEIGHT="19" WC="0.96" CONTENT="velat"/><SP WIDTH="16" VPOS="1308" HPOS="651"/>
							<String ID="string_255" HPOS="667" VPOS="1310" WIDTH="50" HEIGHT="23" WC="0.96" CONTENT="göra"/><SP WIDTH="16" VPOS="1310" HPOS="717"/>
							<String ID="string_256" HPOS="733" VPOS="1307" WIDTH="100" HEIGHT="26" WC="0.96" CONTENT="gällande,"/><SP WIDTH="17" VPOS="1307" HPOS="833"/>
							<String ID="string_257" HPOS="850" VPOS="1310" WIDTH="31" HEIGHT="16" WC="0.96" CONTENT="att"/>
						</TextLine>
						<TextLine ID="line_32" HPOS="128" VPOS="1343" WIDTH="752" HEIGHT="20">
							<String ID="string_258" HPOS="128" VPOS="1349" WIDTH="24" HEIGHT="12" WC="0.96" CONTENT="en"/><SP WIDTH="38" VPOS="1349" HPOS="152"/>
							<String ID="string_259" HPOS="190" VPOS="1343" WIDTH="100" HEIGHT="20" WC="0.80" CONTENT="orättvisa"/><SP WIDTH="37" VPOS="1343" HPOS="290"/>
							<String ID="string_260" HPOS="327" VPOS="1343" WIDTH="66" HEIGHT="20" WC="0.95" CONTENT="skulle"/><SP WIDTH="37" VPOS="1343" HPOS="393"/>
							<String ID="string_261" HPOS="430" VPOS="1343" WIDTH="79" HEIGHT="20" WC="0.95" CONTENT="drabba"/><SP WIDTH="28" VPOS="1343" HPOS="509"/>
							<String ID="string_262" HPOS="537" VPOS="1343" WIDTH="39" HEIGHT="20" WC="0.93" CONTENT="den"/><SP WIDTH="28" VPOS="1343" HPOS="576"/>
							<String ID="string_263" HPOS="604" VPOS="1343" WIDTH="173" HEIGHT="20" WC="0.91" CONTENT="svenskatalande"/><SP WIDTH="26" VPOS="1343" HPOS="777"/>
							<String ID="string_264" HPOS="803" VPOS="1343" WIDTH="77" HEIGHT="19" WC="0.84" CONTENT="befolk-"/>
						</TextLine>
						<TextLine ID="line_33" HPOS="127" VPOS="1378" WIDTH="752" HEIGHT="26">
							<String ID="string_265" HPOS="127" VPOS="1378" WIDTH="77" HEIGHT="25" WC="0.95" CONTENT="ningen"/><SP WIDTH="23" VPOS="1378" HPOS="204"/>
							<String ID="string_266" HPOS="227" VPOS="1380" WIDTH="23" HEIGHT="18" WC="0.96" CONTENT="så"/><SP WIDTH="23" VPOS="1380" HPOS="250"/>
							<String ID="string_267" HPOS="273" VPOS="1379" WIDTH="81" HEIGHT="20" WC="0.95" CONTENT="tillvida"/><SP WIDTH="23" VPOS="1379" HPOS="354"/>
							<String ID="string_268" HPOS="377" VPOS="1386" WIDTH="42" HEIGHT="13" WC="0.96" CONTENT="som"/><SP WIDTH="25" VPOS="1386" HPOS="419"/>
							<String ID="string_269" HPOS="444" VPOS="1379" WIDTH="47" HEIGHT="20" WC="0.96" CONTENT="med"/><SP WIDTH="16" VPOS="1379" HPOS="491"/>
							<String ID="string_270" HPOS="507" VPOS="1379" WIDTH="46" HEIGHT="20" WC="0.96" CONTENT="stöd"/><SP WIDTH="16" VPOS="1379" HPOS="553"/>
							<String ID="string_271" HPOS="569" VPOS="1379" WIDTH="23" HEIGHT="20" WC="0.95" CONTENT="af"/><SP WIDTH="15" VPOS="1379" HPOS="592"/>
							<String ID="string_272" HPOS="607" VPOS="1380" WIDTH="56" HEIGHT="19" WC="0.96" CONTENT="1896"/><SP WIDTH="17" VPOS="1380" HPOS="663"/>
							<String ID="string_273" HPOS="680" VPOS="1380" WIDTH="34" HEIGHT="19" WC="0.96" CONTENT="års"/><SP WIDTH="17" VPOS="1380" HPOS="714"/>
							<String ID="string_274" HPOS="731" VPOS="1379" WIDTH="126" HEIGHT="25" WC="0.96" CONTENT="kungörelse"/><SP WIDTH="16" VPOS="1379" HPOS="857"/>
							<String ID="string_275" HPOS="873" VPOS="1378" WIDTH="6" HEIGHT="19" WC="0.96" CONTENT="i"/>
						</TextLine>
						<TextLine ID="line_34" HPOS="127" VPOS="1413" WIDTH="753" HEIGHT="27">
							<String ID="string_276" HPOS="127" VPOS="1413" WIDTH="46" HEIGHT="26" WC="0.96" CONTENT="fyra"/><SP WIDTH="22" VPOS="1413" HPOS="173"/>
							<String ID="string_277" HPOS="195" VPOS="1414" WIDTH="182" HEIGHT="26" WC="0.96" CONTENT="svenskspråkiga,"/><SP WIDTH="16" VPOS="1414" HPOS="377"/>
							<String ID="string_278" HPOS="393" VPOS="1421" WIDTH="46" HEIGHT="13" WC="0.96" CONTENT="men"/><SP WIDTH="16" VPOS="1421" HPOS="439"/>
							<String ID="string_279" HPOS="455" VPOS="1415" WIDTH="74" HEIGHT="20" WC="0.96" CONTENT="endast"/><SP WIDTH="15" VPOS="1415" HPOS="529"/>
							<String ID="string_280" HPOS="544" VPOS="1415" WIDTH="7" HEIGHT="19" WC="0.96" CONTENT="i"/><SP WIDTH="16" VPOS="1415" HPOS="551"/>
							<String ID="string_281" HPOS="567" VPOS="1421" WIDTH="24" HEIGHT="14" WC="0.96" CONTENT="en"/><SP WIDTH="17" VPOS="1421" HPOS="591"/>
							<String ID="string_282" HPOS="608" VPOS="1415" WIDTH="142" HEIGHT="25" WC="0.93" CONTENT="finskspråkig"/><SP WIDTH="17" VPOS="1415" HPOS="750"/>
							<String ID="string_283" HPOS="767" VPOS="1414" WIDTH="113" HEIGHT="20" WC="0.91" CONTENT="stadskom-"/>
						</TextLine>
						<TextLine ID="line_35" HPOS="127" VPOS="1449" WIDTH="754" HEIGHT="27">
							<String ID="string_284" HPOS="127" VPOS="1456" WIDTH="48" HEIGHT="12" WC="0.95" CONTENT="mun"/><SP WIDTH="17" VPOS="1456" HPOS="175"/>
							<String ID="string_285" HPOS="192" VPOS="1449" WIDTH="40" HEIGHT="19" WC="0.93" CONTENT="den"/><SP WIDTH="15" VPOS="1449" HPOS="232"/>
							<String ID="string_286" HPOS="247" VPOS="1449" WIDTH="126" HEIGHT="27" WC="0.91" CONTENT="fyrklassiga"/><SP WIDTH="16" VPOS="1449" HPOS="373"/>
							<String ID="string_287" HPOS="389" VPOS="1450" WIDTH="126" HEIGHT="20" WC="0.90" CONTENT="statsskolan"/><SP WIDTH="16" VPOS="1450" HPOS="515"/>
							<String ID="string_288" HPOS="531" VPOS="1450" WIDTH="80" HEIGHT="20" WC="0.95" CONTENT="komme"/><SP WIDTH="14" VPOS="1450" HPOS="611"/>
							<String ID="string_289" HPOS="625" VPOS="1452" WIDTH="31" HEIGHT="18" WC="0.91" CONTENT="att"/><SP WIDTH="10" VPOS="1452" HPOS="656"/>
							<String ID="string_290" HPOS="666" VPOS="1450" WIDTH="105" HEIGHT="26" WC="0.91" CONTENT="indragas,"/><SP WIDTH="12" VPOS="1450" HPOS="771"/>
							<String ID="string_291" HPOS="783" VPOS="1457" WIDTH="31" HEIGHT="13" WC="0.93" CONTENT="om"/><SP WIDTH="11" VPOS="1457" HPOS="814"/>
							<String ID="string_292" HPOS="825" VPOS="1450" WIDTH="56" HEIGHT="19" WC="0.92" CONTENT="kom-"/>
						</TextLine>
					</TextBlock>
				</ComposedBlock>
				<ComposedBlock ID="cblock_2" HPOS="199" VPOS="1496" WIDTH="523" HEIGHT="23">
					<TextBlock ID="block_4" HPOS="199" VPOS="1496" WIDTH="523" HEIGHT="23">
						<TextLine ID="line_36" HPOS="199" VPOS="1496" WIDTH="523" HEIGHT="23">
							<String ID="string_293" HPOS="199" VPOS="1496" WIDTH="108" HEIGHT="18" WC="0.92" CONTENT="Allmänna"/><SP WIDTH="13" VPOS="1496" HPOS="307"/>
							<String ID="string_294" HPOS="320" VPOS="1496" WIDTH="181" HEIGHT="23" WC="0.90" CONTENT="petitionsutskotteis"/><SP WIDTH="12" VPOS="1496" HPOS="501"/>
							<String ID="string_295" HPOS="513" VPOS="1497" WIDTH="118" HEIGHT="18" WC="0.95" CONTENT="betänkande"/><SP WIDTH="13" VPOS="1497" HPOS="631"/>
							<String ID="string_296" HPOS="644" VPOS="1496" WIDTH="37" HEIGHT="19" WC="0.96" CONTENT="N:o"/><SP WIDTH="13" VPOS="1496" HPOS="681"/>
							<String ID="string_297" HPOS="694" VPOS="1497" WIDTH="28" HEIGHT="17" WC="0.95" CONTENT="21."/>
						</TextLine>
					</TextBlock>
				</ComposedBlock>
			</PrintSpace>
		</Page>
	</Layout>
</alto>
