1073 1748
186 204 31 19 En
239 203 68 26 tydlig
328 203 38 19 och
386 202 83 26 afgjord
484 202 121 25 förändring
622 201 30 20 uti
667 201 107 20 åsikterna
788 201 7 20 i
811 200 56 21 detta

116 233 115 20 hänseende
246 233 65 19 håller
327 232 52 20 dock
395 238 85 13 numera
495 233 26 25 på
537 234 31 17 att
583 232 64 19 vinna
661 231 75 26 insteg.
763 231 48 20 Man
822 231 45 20 bör-

116 263 30 26 jar
166 263 64 20 redan
251 262 126 25 småningom
398 261 29 20 alt
446 262 125 19 allmännare
587 261 63 20 också
665 262 26 25 på
707 260 72 21 landet
794 263 31 18 tro
841 261 27 26 på

117 295 30 17 att
169 293 118 25 sjukdomar
310 292 71 19 kunna
402 291 75 20 smitta.
507 291 64 20 Detta
594 294 23 17 är
637 291 135 26 naturligtvis
793 291 22 19 af
827 290 40 20 den

117 325 74 18 största
212 322 107 26 betydelse
333 322 7 19 i
355 321 60 26 fråga
429 328 33 13 om
477 321 151 26 bekämpandet
643 321 24 19 af
679 321 115 26 epidemier.
820 321 47 19 Men

117 354 25 24 på
163 357 76 15 samma
258 353 56 24 gång
331 351 64 20 bland
415 351 64 20 folket
494 358 26 13 en
535 351 66 26 riktig
616 351 133 26 uppfattning
765 350 24 20 af
801 350 66 26 epide-

117 383 86 19 miernas
226 385 62 16 natur
311 381 37 20 och
372 381 111 20 orsakerna
505 381 33 20 till
559 381 60 20 deras
635 380 126 26 utbredning
776 381 38 19 har
828 380 40 19 fått

118 413 36 19 och
173 412 32 20 får
225 411 88 25 fotfäste,
334 411 59 26 börja
413 411 25 20 de
458 411 65 20 friska
538 411 65 20 redan
618 410 158 26 mångenstädes
792 412 30 18 att
837 410 31 19 till

118 441 38 21 den
175 441 53 27 grad
243 441 70 20 frukta
328 441 51 25 dem,
395 448 43 13 som
454 441 101 26 angripits
571 440 23 20 af
607 447 26 13 en
649 440 58 26 dylik
722 440 100 26 sjukdom,
838 442 30 17 att

118 472 34 19 det
174 472 124 25 någongång
321 471 54 20 varit
395 471 38 20 och
453 474 56 16 ännu
530 473 23 17 är
573 471 58 20 svårt
653 473 30 17 att
699 470 20 19 få
735 470 87 20 vårdare
837 469 31 20 för

118 501 77 20 sådana
210 501 66 26 sjuka.
307 501 42 20 För
364 501 41 19 min
421 501 33 19 del
469 501 38 19 har
522 501 36 25 jag
572 501 67 25 några
649 501 80 25 gånger
738 500 55 20 varit
808 500 7 19 i
828 499 40 20 till-

119 531 46 20 fälle
188 533 31 18 att
239 531 120 20 konstatera
379 531 7 19 i
407 531 79 20 hvilket
507 530 92 26 eländigt
615 530 94 20 tillstånd
724 530 72 25 dylika
811 529 57 26 slags

119 561 59 27 sjuka
199 562 28 25 på
246 561 71 20 landet
334 560 69 20 blifvit
423 560 99 24 lemnade,
544 560 27 19 då
586 559 140 26 omgifningen
741 559 91 26 betagits
848 559 23 20 af

118 591 83 20 fruktan
216 591 31 20 för
263 597 26 14 en
305 591 113 19 smittosam
434 591 94 25 sjukdom
545 591 38 19 och
599 590 62 25 ingen
672 589 35 21 vid
718 589 99 26 sjukvård
827 596 41 13 van

118 628 73 19 person
211 621 81 19 funnits
313 623 30 17 att
363 621 64 25 tillgå,
443 627 43 13 som
502 620 67 20 skulle
584 620 55 20 varit
654 620 119 25 kompetent
788 621 30 18 att
834 626 35 13 an-

119 651 64 20 ordna
203 651 91 20 skötseln
316 650 38 20 och
369 650 118 25 derigenom
504 650 80 20 kunnat
599 649 80 26 förjaga
694 649 27 20 all
736 649 89 20 fruktan.

189 681 31 19 En
236 680 44 20 fara
296 680 23 20 af
331 680 57 20 detta
404 680 45 26 slag
465 680 53 20 skall
528 679 88 21 förvisso
627 680 7 19 i
645 679 39 20 den
695 682 103 17 närmaste
808 679 60 20 fram-

119 711 55 19 tiden
195 710 46 20 icke
266 717 49 13 vara
336 711 23 19 så
382 710 84 20 alldeles
490 709 112 26 obetydlig,
627 709 37 20 och
679 709 40 20 den
735 709 37 20 bör
787 708 82 26 tagas
859 704 15 36 i

119 740 140 25 betraktande,
280 740 27 19 då
327 740 34 19 det
382 740 65 25 gäller
468 743 30 16 att
520 739 88 26 uppofra
631 739 66 20 medel
718 739 31 20 för
773 741 29 18 ett
822 740 47 24 nytt

119 770 79 26 företag
213 777 43 13 som
272 769 62 20 detta.

188 800 57 19 Från
259 801 63 24 något
337 799 42 20 håll
389 799 70 20 kunde
469 799 140 26 tilläfventyrs
620 799 40 20 den
671 799 128 25 invändning
808 798 60 19 fram-

119 830 70 20 ställas
206 832 31 17 att
252 832 78 17 statens
345 829 149 25 mellankomst,
509 830 27 25 på
551 832 43 17 sätt
609 828 24 21 af
640 829 42 25 mig
692 829 117 25 föreslagits
820 834 48 14 vore

118 859 75 27 onödig
207 859 50 21 eller
271 859 126 25 öfverflödig,
412 859 6 19 i
434 859 98 20 händelse
547 859 109 26 styrelsen,
672 859 66 20 såsom
755 857 114 21 önskvärdt

119 896 54 19 vore,
188 889 120 26 godkänner
324 889 34 20 det
373 889 84 26 förslag,
473 896 42 13 som
532 896 25 13 en
573 890 24 18 år
609 889 56 19 1893
677 888 7 20 i
695 889 37 19 och
742 888 32 20 för
785 888 82 20 ändrin-

120 926 37 18 gar
171 919 8 19 i
193 919 209 25 helsovårdsstadgan
418 919 82 20 nedsatt
516 919 75 20 komité
604 918 97 26 upptagit
711 918 30 20 uti
752 919 37 19 sitt
799 918 7 19 i
816 918 53 25 april

122 950 56 19 1896
189 949 31 20 till
234 950 58 19 Hans
303 949 107 25 Kejerliga
421 949 97 25 Majestät
528 949 89 20 insända
625 948 135 20 betänkande.
775 947 95 21 Nämnda

120 979 75 20 komité
216 979 87 20 föreslår
325 979 100 25 nemligen
447 978 24 28 (8
492 979 36 26 96)
548 981 31 17 att
597 978 225 28 ,Provincialläkarene
838 977 31 19 till

120 1009 81 19 biträde
215 1009 36 19 vid
267 1008 149 26 bekämpandet
435 1008 24 20 af
480 1008 125 26 epidemiska
630 1008 117 26 sjukdomar
767 1008 53 20 skall
840 1006 31 20 för

121 1039 71 25 hvarje
211 1038 269 26 provincialläkaredistrikt
500 1038 100 20 anställas
621 1045 26 13 en
668 1038 23 20 af
709 1040 67 18 staten
791 1036 80 21 aflönad

122 1068 72 20 skolad
214 1068 157 26 sjuksköterska
400 1080 20 3 —
443 1080 24 3 —
492 1080 26 3 —
540 1080 23 3 —
585 1080 24 2 —
628 1080 28 2 —
672 1068 38 19 och
725 1068 37 19 bör
777 1066 94 26 sjukskö-

121 1098 85 20 terskan
221 1098 62 20 hafva
298 1098 32 20 sin
345 1098 75 20 bostad
433 1100 27 24 på
470 1098 211 26 provincialläkarens
691 1098 121 19 stationsort
821 1096 51 20 eller

124 1129 26 25 på
161 1128 39 20 den
211 1131 32 17 ort
254 1128 52 20 inom
318 1128 112 26 distriktet,
441 1135 44 13 som
494 1128 22 20 af
524 1127 199 27 provincialläkaren
731 1126 140 27 godkännes".

192 1158 46 20 Den
261 1158 116 26 föreslagna
401 1158 107 26 åtgärden,
528 1164 44 14 som
593 1160 23 17 är
631 1157 55 20 både
699 1156 119 26 nödvändig
834 1156 38 20 och

122 1188 122 25 berättigad,
264 1188 63 20 borde
349 1188 53 20 dock
418 1188 45 20 icke
479 1190 74 23 utgöra
569 1187 74 20 hinder
659 1187 31 19 för
705 1194 25 12 en
747 1193 67 13 annan
829 1186 43 19 lika

123 1217 119 26 nödvändig
257 1217 78 26 åtgärd.

193 1247 213 20 Provincialläkarene
427 1251 36 16 äro
485 1254 41 19 nog
546 1247 7 20 i
571 1247 65 20 behof
649 1247 22 20 af
684 1247 101 24 biträden,
801 1245 71 20 såvida

122 1284 46 13 man
185 1277 79 26 äsyftar
279 1280 30 17 att
325 1277 60 20 deras
401 1277 133 20 värksamhet
549 1277 32 19 för
596 1276 116 20 hindrande
728 1276 23 20 af
763 1275 109 27 epidemier

123 1307 52 20 skall
193 1314 50 13 vara
260 1307 89 20 effektiv.
381 1307 48 20 Men
445 1307 126 25 sjukvården
587 1307 7 19 i
610 1306 110 20 allmänhet
735 1306 7 19 i
757 1305 116 21 vidsträkta

122 1336 179 21 landskommuner
320 1337 41 20 kan
377 1337 45 19 icke
437 1336 32 20 fäs
485 1338 26 25 pä
527 1337 69 19 bättre
611 1336 30 20 fot
657 1343 72 18 genom
745 1335 128 20 anställande

124 1366 23 20 af
162 1373 25 13 en
208 1367 53 19 enda
281 1366 64 21 sådan
366 1366 109 20 sköterska
493 1366 7 19 i
516 1369 30 17 ett
562 1366 104 20 vidsträkt
681 1365 191 26 provincialläkare-

124 1396 90 20 distrikt.

195 1425 44 20 Och
254 1426 26 19 dä
296 1433 46 12 man
358 1425 145 26 öfverhufvud,
519 1425 46 20 med
580 1425 49 20 fullt
644 1425 54 20 skäll
714 1425 37 19 och
767 1424 31 20 till
808 1423 66 20 fördel

122 1455 33 20 för
175 1456 111 25 samhället,
307 1455 38 20 har
360 1455 89 20 sträfvat
465 1456 38 20 och
519 1455 90 20 sträfvar
625 1455 31 19 till
672 1457 31 17 att
717 1453 103 21 bibehålla
836 1453 37 20 och
