1067 1739
289 178 279 25 Petitionsbetänkande
583 178 44 24 N:o
642 178 37 24 18.
835 179 28 20 55

104 250 18 14 s.
138 243 21 21 k.
176 242 106 22 officiella
299 242 98 28 språket.
417 242 78 22 Under
510 242 88 22 sådana
614 242 196 27 omständigheter
820 242 43 20 har

104 277 38 21 det
157 276 18 29 ej
194 277 90 21 kunnat
311 276 115 22 undvikas
448 279 32 18 att
499 279 31 19 ett
548 277 44 21 och
610 278 72 19 annat
699 275 126 27 stadgande
841 275 25 21 af

104 312 57 20 nära
181 317 46 21 nog
245 317 90 15 samma
353 310 103 22 innehåll
472 311 99 21 kommit
586 313 32 19 att
634 311 92 20 anföras
742 310 7 21 i
765 310 52 21 flere
833 311 29 19 än

104 352 29 14 en
149 346 80 27 punkt.
253 345 53 21 Men
321 345 22 21 vi
358 347 35 19 tro
417 347 32 19 att
465 345 61 21 detta
541 345 51 21 vårt
607 344 130 22 förfarande
753 344 59 21 skall
823 351 40 13 un-

104 380 97 21 derlätta
216 379 146 27 möjligheten
378 381 32 19 att
425 380 55 26 göra
496 379 33 27 sig
545 380 114 26 förtrogen
675 378 53 22 med
743 378 44 21 den
796 378 67 28 regle-

104 414 51 27 ring
176 414 55 21 våra
254 413 231 28 språkförhållanden
502 414 69 26 enligt
586 414 41 20 vår
634 413 61 21 åsikt
702 413 71 21 borde
782 412 81 21 under-

105 448 78 21 kastas
199 454 82 20 genom
299 448 44 20 den
359 447 103 27 åsyftade
478 448 166 26 ständerlagen.

173 482 28 21 Vi
217 482 66 21 skola
298 489 32 13 nu
345 484 59 25 yttra
420 482 71 26 några
507 482 41 21 ord
564 488 40 15 om
619 482 118 26 förslagets
749 481 113 22 särskilda

105 517 100 27 punkter
219 517 88 20 enhvar
322 516 35 21 för
372 516 39 27 sig.

315 603 24 22 A.
370 602 35 24 Om
422 601 226 30 expeditionsspråket.

175 656 42 20 Det
232 656 43 20 har
289 657 85 19 ansetts
388 655 142 27 nödvändigt
545 658 32 18 att
593 656 80 20 främst
689 656 6 20 i
712 656 106 27 förslaget
829 656 32 20 in-

105 690 49 21 föra
175 690 37 21 det
230 691 118 20 allmänna
364 690 141 27 stadgandet,
521 692 32 19 att
568 691 88 20 enhvar
671 696 51 21 eger
737 690 76 21 vända
829 690 34 27 sig

104 724 34 21 till
154 725 45 20 alla
215 724 158 27 myndigheter
388 724 7 20 i
411 724 78 21 landet
504 725 30 27 på
549 725 143 20 hvilketdera
703 725 25 20 af
736 725 28 20 de
776 724 86 21 inhem-

104 759 42 20 ska
170 759 97 28 språken
292 759 47 20 han
355 759 54 27 själf
424 759 93 21 önskar.
549 759 81 21 Denna
646 759 145 26 bestämning
807 759 55 21 före-

104 793 75 21 finnes
201 793 70 21 redan
295 793 6 21 i
324 793 238 27 grundförfattningen
586 793 36 21 för
643 793 41 21 vår
699 793 163 28 språklagstift-

104 827 62 27 ning,
183 827 88 27 Nådiga
286 827 162 28 förordningen
464 828 26 20 af
502 827 44 22 den
564 829 10 19 1
588 827 95 27 Augusti
696 828 61 25 1863,
769 828 44 21 och
820 827 43 21 bör

104 862 53 21 med
180 862 105 21 afseende
301 862 13 21 å
329 862 52 21 dess
400 862 144 27 principiella
559 862 115 27 betydelse
691 862 18 27 ej
726 862 71 21 heller
813 862 49 21 sak-

104 902 43 15 nas
162 896 6 21 i
179 896 44 21 den
232 896 123 27 blifvande,
364 896 54 21 våra
426 896 232 28 språkförhållanden
671 896 119 21 ordnande
803 897 60 20 stän-

104 930 113 27 derlagen.
248 931 105 21 Rörande
375 931 76 20 denna
468 931 75 27 punkt
558 931 43 20 har
616 931 67 21 äfven
699 931 64 21 inom
776 931 86 21 utskot-

104 967 31 18 tet
150 965 130 27 fullkomlig
295 965 177 27 enstämmighet
487 965 59 21 varit
561 965 108 21 rådande.

174 999 67 21 Hvad
249 999 237 28 expeditionsspråket
497 999 151 27 vidkommer,
660 999 69 21 hafva
739 999 57 22 först
806 1005 57 22 upp-

103 1033 68 26 tagits
187 1033 140 27 stadganden
343 1033 118 27 angående
477 1033 162 28 expeditioner,
655 1041 50 14 som
721 1033 102 22 utfärdas
839 1033 25 21 af

104 1067 28 20 de
154 1067 34 21 till
204 1068 71 26 lägsta
291 1073 102 22 gruppen
409 1068 104 21 hörande
529 1067 196 28 myndigheterna.
756 1068 33 20 På
805 1068 56 26 skäl,

105 1108 51 14 som
176 1102 70 21 redan
265 1102 60 21 förut
343 1102 94 27 anförts,
456 1102 42 21 bör
514 1102 231 28 kommunalspråket
760 1104 103 19 närmast

104 1136 53 21 med
175 1136 106 21 afseende
301 1137 13 20 å
333 1137 75 20 denna
424 1142 74 22 grupp
514 1143 55 14 vara
584 1137 123 26 afgörande
723 1137 35 21 för
773 1137 89 28 expedi-

104 1169 160 29 tionsspråket.
296 1171 51 20 Men
371 1170 88 21 oafsedt
478 1171 136 21 förenämda
630 1171 49 21 skäl
695 1171 122 21 förefinnes
833 1178 28 14 en

104 1211 78 14 annan
198 1205 70 20 redan
284 1205 7 20 i
307 1205 91 21 korthet
413 1205 87 27 antydd
516 1205 177 27 omständighet,
709 1212 51 15 som
773 1207 40 25 gör
825 1205 38 22 det

104 1238 26 21 så
153 1239 54 26 godt
231 1245 50 15 som
303 1239 104 27 omöjligt
422 1241 32 18 att
469 1239 31 28 på
514 1241 72 19 annat
601 1241 44 19 sätt
660 1239 73 22 ordna
749 1239 113 28 språkför-

104 1272 140 22 hållandena
268 1273 38 21 vid
329 1273 250 28 ämbetsmyndigheter
602 1274 103 21 hörande
730 1274 34 21 till
786 1274 76 21 denna

103 1312 82 22 grupp.
216 1308 66 20 Detta
303 1308 82 20 hinder
408 1308 83 26 består,
519 1315 51 14 som
592 1315 55 14 man
675 1308 41 21 lätt
736 1308 47 21 kan
806 1308 55 26 inse,

103 1341 58 27 däri,
177 1344 32 18 att
224 1348 28 14 en
268 1341 72 21 sådan
356 1342 130 26 anordning
501 1342 7 20 i
524 1342 100 27 enlighet
639 1342 52 21 med
703 1342 105 27 gällande
819 1342 43 21 för-

104 1375 124 27 fattningar
243 1376 7 20 i
265 1376 134 21 hufvudsak
413 1376 72 21 redan
500 1376 130 27 förefinnes,
646 1379 32 19 att
689 1377 44 21 den
744 1378 26 20 är
781 1376 81 21 under-

103 1409 68 21 stödd
195 1410 43 20 och
261 1410 122 27 uppburen
405 1410 25 20 af
450 1410 115 27 allmogen
588 1413 59 19 samt
662 1411 80 21 rotfäst
757 1411 7 21 i
779 1410 82 22 folkets

103 1443 188 28 åskådningssätt
308 1444 44 21 och
368 1444 128 27 sedvänjor.
528 1444 45 21 Om
589 1452 39 19 nu,
644 1445 29 27 på
689 1446 44 20 sätt
753 1445 109 21 utskottet

103 1477 102 27 föreslår,
226 1478 76 21 denna
317 1483 83 21 genom
415 1478 148 28 tillämpning
578 1478 74 22 under
666 1480 83 20 nästan
765 1478 97 22 halftan-

888 653 60 17 Punkt
962 654 14 16 1.

891 1002 61 17 Punkt
964 1002 14 17 2

891 1037 54 12 mom.
958 1036 18 13 a.
