1073 1748
120 198 27 25 på
169 197 71 20 hvilka
262 197 64 20 likväl
349 198 140 26 patienternas
512 198 153 20 tillfrisknande
690 198 38 20 och
751 198 26 20 de
795 197 76 21 friskas

122 227 121 26 skyddande
266 227 60 20 beror
341 234 56 13 mera
413 230 26 17 än
455 234 25 12 en
496 228 48 19 med
559 228 156 20 förhållandena
731 228 89 20 obekant
835 234 36 13 ens

121 257 42 20 kan
179 264 44 13 ana.

193 287 47 19 Men
268 286 31 20 för
322 290 31 16 att
373 294 24 12 en
425 286 63 20 sådan
512 287 147 20 ambulatorisk
683 288 157 24 sjuksköterska
865 287 7 19 i

122 317 120 19 kommunen
264 318 32 18 må
311 317 71 19 kunna
397 316 51 26 fylla
464 317 31 19 sin
511 317 155 26 lärareuppgift,
682 318 63 19 borde
761 318 40 19 hon
817 317 18 25 ej
851 317 21 19 få

122 346 110 26 kvardröja
256 346 38 20 hos
317 353 25 13 en
359 346 52 26 sjuk,
428 347 39 19 han
483 348 32 18 må
531 354 50 13 vara
597 347 33 19 rik
646 347 50 20 eller
711 347 66 25 fattig,
792 353 42 13 mer
846 350 26 16 än

122 379 30 17 ett
174 376 56 26 dygn
253 376 7 20 i
283 377 88 25 gången,
394 376 50 20 eller
467 376 36 20 vid
526 377 64 19 behof
609 378 36 19 två
661 376 62 26 dygn,
740 376 72 20 såvida
826 376 46 20 icke

122 407 67 25 någon
213 413 69 13 annan
305 406 65 20 under
385 406 57 20 tiden
459 406 63 20 redan
539 407 56 19 velat
610 407 50 19 eller
677 407 36 19 vill
728 406 63 20 hafva
805 407 67 19 henne

122 437 31 19 till
177 437 36 25 sig.
244 436 31 20 På
297 436 36 20 det
355 439 31 17 att
406 436 41 20 hon
463 437 43 19 åter
522 436 46 20 icke
583 438 63 18 måtte
661 437 75 19 frestas
752 440 37 23 att,
805 438 26 24 på
846 436 26 20 de

122 466 79 20 mindre
224 466 129 20 bemedlades
376 466 120 25 bekostnad,
518 466 52 20 offra
592 467 37 19 allt
644 466 32 20 för
691 467 87 25 mycken
794 466 30 20 tid
840 466 32 20 till

123 496 78 20 förmån
216 496 32 20 för
263 496 26 20 de
305 496 128 26 förmögnare
449 496 37 20 och
502 503 57 13 mera
573 496 118 27 fordrande,
709 503 48 13 vore
773 496 35 20 det
823 496 49 19 nöd-

123 526 86 26 vändigt
225 528 30 18 att
270 526 117 25 bestämma,
403 528 31 18 att
449 526 41 20 hon
506 526 18 25 ej
541 533 49 13 vore
611 526 116 26 berättigad
738 526 31 20 till
780 526 37 20 och
827 526 45 20 icke

123 555 54 26 finge
193 556 22 20 af
231 557 68 24 någon
315 558 90 23 mottaga
421 558 63 18 annat
500 556 76 20 arvode
587 559 26 17 än
628 556 27 20 fri
671 556 46 20 kost
733 558 12 18 å
755 556 69 20 stället
834 556 38 19 och

123 585 26 20 fri
165 586 66 25 skjuts
247 585 51 20 fram
314 586 38 20 och
367 586 92 20 tillbaka.
481 586 59 20 Dock
556 593 49 13 voro
617 586 34 20 det
665 586 46 20 skäl
721 589 30 17 att
761 586 111 20 bestämma

124 622 24 13 en
171 615 31 20 för
225 615 26 20 de
273 615 129 26 förmögnare
424 616 64 25 högre
510 616 39 20 och
564 616 32 20 för
611 616 26 20 de
653 616 79 20 mindre
747 616 125 23 bemedlade,

123 645 46 20 med
191 645 64 20 likväl
271 646 85 25 burgna,
372 645 58 26 lägre
449 645 102 26 dagafgift
566 646 31 19 för
613 646 72 25 hvarje
701 646 56 26 dygn
773 646 49 19 eller
838 645 34 20 del

124 675 63 25 deraf,
203 682 43 13 som
263 675 122 20 sköterskan
401 676 26 25 på
443 676 166 20 vederbörandes
625 682 51 19 egen
692 676 89 25 begäran
797 676 74 19 vistats

124 706 12 18 å
152 705 75 25 stället,
243 705 84 19 hvilken
343 705 66 25 afgift,
425 712 72 18 genom
513 705 216 20 kommunalnämdens
745 705 79 25 försorg
835 705 37 19 och

125 735 64 25 enligt
209 742 24 12 en
250 735 23 19 af
286 735 123 20 sköterskan
425 735 91 25 ingifven
532 735 95 26 räkning,
643 735 64 20 borde
722 736 103 25 uppbäras
841 735 31 19 till

124 764 78 20 förmån
217 764 32 20 för
264 771 25 13 en
305 765 89 20 särskild
410 765 66 19 kassa.
500 765 55 19 Från
572 765 67 20 denna
655 765 62 20 kassa
731 765 63 20 borde
810 764 62 20 sedan

124 794 103 20 utbetalas
250 794 181 26 sjuksköterskans
448 795 113 20 kostnader
576 795 31 19 för
623 802 58 13 resor
695 795 32 19 till
743 794 77 20 sådana
835 794 37 20 fat-

125 824 44 26 tiga
184 824 38 20 och
237 824 80 20 mindre
333 824 123 26 bemedlade,
472 825 71 19 hvilka
563 824 18 26 ej
597 824 75 26 själfva
687 824 51 26 egde
755 825 48 19 eller
818 824 54 26 finge

125 854 46 20 häst
187 854 23 20 af
223 854 45 20 sina
283 861 95 19 grannar.

195 885 31 18 På
249 884 56 20 detta
328 887 42 17 sätt
385 885 67 19 blefve
471 885 18 25 ej
505 885 64 20 heller
585 884 140 26 fattigvården
741 884 132 20 öfverhöfvan

125 914 104 25 betungad
253 914 45 20 med
321 914 86 26 utgifter
429 914 32 20 för
484 915 191 25 resekostnaderna,
699 921 31 13 om
753 915 38 19 ock
806 914 67 19 denna

125 943 62 20 kassa
210 944 17 25 ej
251 943 89 26 försloge
355 945 32 19 till
403 944 108 20 betalande
527 945 24 19 af
564 945 40 19 alla
620 944 182 26 sjuksköterskans
817 951 56 12 resor

125 973 31 20 för
179 973 26 20 de
225 973 84 26 fattigas
332 974 93 25 räkning.
457 974 44 20 Och
524 975 12 19 &
557 974 64 20 andra
637 974 60 20 sidan
713 975 65 19 skulle
793 974 26 19 de
834 973 38 20 för-

124 1006 75 23 mögna
221 1003 50 25 icke,
295 1004 30 19 till
346 1004 65 20 skada
426 1004 31 19 för
473 1004 25 20 de
514 1004 80 26 fattiga,
610 1005 23 19 så
649 1004 42 20 ofta
706 1003 116 26 onödigtvis
838 1010 35 13 an-

125 1033 68 20 vända
215 1033 169 26 sjuksköterskan
408 1034 5 19 i
437 1034 31 19 sin
492 1041 52 18 egen
567 1034 71 25 tjenst,
654 1041 31 13 om
702 1034 25 20 de
742 1033 68 20 derför
825 1040 49 13 vore

125 1065 94 23 tvungna
243 1065 31 18 att
297 1064 83 25 erlägga
404 1063 76 20 arvode
495 1065 21 18 åt
532 1064 129 19 kommunen.
692 1064 100 25 Slutligen
808 1063 66 20 skulle

126 1093 67 19 denna
217 1093 115 26 anordning
355 1094 42 19 helt
421 1093 37 20 och
475 1094 63 19 hållet
553 1093 75 20 hindra
644 1093 169 26 sjuksköterskan
828 1093 46 19 från

126 1125 30 17 att
172 1122 7 19 i
195 1122 115 26 aflägsnare
325 1123 58 20 delar
399 1123 68 26 syssla
482 1123 46 20 med
544 1123 158 20 kvacksalfveri.

196 1153 132 20 Kommunal-
355 1153 49 20 eller
435 1153 200 20 sundhetsnämdens
661 1153 121 20 ordförande
810 1152 64 20 borde

126 1182 132 25 naturligtvis
281 1189 38 19 ega
339 1186 42 17 rätt
397 1186 30 17 att
443 1183 89 20 utsända
548 1183 171 25 sjuksköterskan
734 1183 31 19 for
781 1186 30 16 att
826 1185 48 22 taga

125 1212 114 19 kännedom
255 1219 37 18 om,
308 1213 102 20 huruvida
425 1216 30 17 ett
471 1214 11 18 å
498 1214 67 25 någon
577 1215 32 18 ort
619 1212 106 20 inträffadt
735 1212 141 25 misstänkligt

126 1241 142 26 sjukdomsfall
291 1249 48 13 vore
355 1243 23 19 af
391 1243 114 20 smittosam
521 1246 61 16 natur
598 1243 50 20 eller
663 1243 52 26 icke,
731 1245 52 17 samt
798 1241 31 20 för
844 1244 31 17 att

125 1271 56 25 gifva
197 1271 176 28 orderjangående
384 1272 40 19 den
435 1272 65 20 första
511 1273 84 23 vården,
609 1275 51 17 utan
671 1275 30 16 att
716 1271 158 25 vederbörande,

126 1307 32 13 om
181 1301 26 20 de
230 1301 38 20 ock
284 1309 48 13 vore
347 1302 135 25 förmögnare,
505 1302 70 20 därför
598 1301 88 21 behöfde
709 1302 83 25 erlägga
808 1303 66 23 vågon

126 1330 60 26 afgift
201 1331 32 19 till
249 1331 135 20 kommunens
399 1332 68 20 kassa.

197 1361 40 19 För
253 1363 31 18 att
299 1361 64 20 förmå
378 1361 209 20 landskommunerna
602 1365 31 16 att
649 1361 86 21 anställa
746 1361 77 20 sådana
834 1367 40 13 am-

125 1390 128 21 bulatoriska
269 1391 283 25 sjukvårdare-instruktörer
567 1391 8 20 i
590 1391 32 20 sin
638 1391 70 25 tjänst,
721 1397 49 14 vore
781 1391 34 20 det
825 1389 49 20 nöd-

125 1420 87 25 vändigt
221 1423 31 17 att
263 1423 66 17 staten
341 1421 67 20 skulle
419 1422 21 19 åt
451 1421 25 20 de
487 1421 119 20 kommuner
617 1421 50 20 eller
676 1421 148 25 församlingar,
832 1427 43 13 som

126 1449 80 20 besluta
229 1452 30 17 att
282 1450 31 20 för
328 1451 123 19 kommunen
468 1450 95 21 anskaffa
578 1457 25 14 en
619 1451 147 19 ambulatoeisk
782 1449 94 26 sjukskö-
