1067 1739
277 182 280 23 Petitionsbetänkande
572 182 44 22 N:o
631 182 37 22 13.
684 182 11 28 =
833 182 28 21 59

105 246 92 27 spräket
212 246 59 21 skall
291 246 125 26 användas,
433 246 45 21 och
493 246 7 21 i
516 246 100 27 enlighet
630 246 96 21 därmed
741 246 44 20 har
799 245 63 21 2:dra

106 280 103 28 punkten
225 286 69 15 mom.
311 280 20 21 d.
349 280 75 21 blifvit
438 280 147 21 formulerad.

174 314 143 21 Beträffande
333 314 159 28 myndigheter
507 314 138 22 tillhörande
661 314 80 27 högsta
759 319 104 23 gruppen

106 348 45 21 kan
167 348 19 28 ej
200 348 28 21 de
236 348 33 21 till
278 348 204 21 ämbetsdistriktet
492 348 103 22 hörande
604 348 181 21 kommunernas
795 348 69 28 språk

106 382 60 27 gifva
171 382 70 27 nödig
247 382 99 27 ledning,
355 382 97 21 emedan
459 390 33 13 nu
500 382 173 28 ifrägavarande
682 382 181 21 ämbetsdistrikt

107 417 102 27 omfatta!
224 417 52 21 hela
299 417 84 21 landet.
414 417 49 21 Den
487 417 115 27 språkliga
624 416 154 27 likställighet,
798 417 66 20 hvar-

106 451 34 21 till
155 452 42 20 bör
213 451 102 27 sträfvas,
332 452 74 20 skulle
420 451 70 27 enligt
500 452 41 20 vär
551 452 69 20 tanke
634 451 7 21 i
653 451 46 21 viss
710 451 55 21 män
776 450 88 21 undan-

107 486 92 26 trängas
222 491 82 21 genom
325 488 32 18 ett
379 486 132 26 stadgande,
532 492 51 15 som
599 486 30 27 pä
644 485 74 27 grund
734 486 25 20 af
773 485 91 27 spräket

107 520 64 21 inom
193 520 96 21 flertalet
311 520 139 21 kommuner
468 520 64 27 gäfve
557 520 76 21 finska
646 520 92 27 spräket
754 522 31 18 ett
799 520 66 20 abso-

107 554 34 21 Jut
163 554 112 21 företräde
297 554 53 21 med
369 554 106 21 afseende
495 554 14 21 ä
527 554 52 21 hela
599 554 82 21 landet.
710 554 154 20 Fördenskull

108 589 70 21 hafva
195 588 22 21 vi
228 588 141 22 beträffande
385 588 67 22 dessa
468 588 160 28 myndigheter
643 588 115 26 föreslagit
773 590 32 18 att
820 588 44 21 den

108 623 129 27 anordning
253 623 58 21 skall
327 622 72 28 följas,
423 630 51 14 som
490 623 35 21 för
541 622 144 22 närvarande
705 624 25 19 är
746 622 95 27 stadgad
858 622 7 21 i

108 658 88 26 Nädiga
211 657 164 27 förordningen
390 657 25 21 af
428 657 45 21 den
488 658 13 20 9
518 657 44 27 Maj
580 658 53 20 1881
651 658 13 26 &
681 658 17 25 1,
712 658 44 20 och
771 657 94 21 hvilken

108 692 34 26 de,
165 698 50 15 som
232 692 34 20 stä
281 691 86 21 bakom
383 692 121 20 utskottets
520 691 152 27 betänkande,
687 692 60 20 velat
763 691 103 27 tillämpa

108 726 35 21 för
157 726 46 21 alla
219 726 63 21 säväl
298 726 69 26 högre
387 732 50 14 som
454 726 60 26 lägre
530 726 165 27 myndigheter.

178 760 9 21 I
217 760 62 21 2:dra
307 760 104 28 punkten
445 760 43 21 har
513 760 7 21 i
548 760 237 21 öfverensstämmelse
810 760 53 21 med

109 795 141 27 stadganden
273 795 7 20 i
306 802 32 13 nu
360 795 106 26 gällande
490 795 159 26 författningar
673 795 128 20 tillerkänts
827 794 38 21 kä-

109 829 70 21 rande
202 829 54 21 eller
275 829 102 21 sökande
393 831 43 18 rätt
452 831 33 19 att
500 829 84 26 afgöra,
601 829 30 28 pä
647 829 141 21 hvilketdera
804 829 62 27 sprä-

110 864 38 21 ket
169 863 160 28 expeditionen
353 863 58 21 skall
435 863 96 21 affattas.
563 864 33 20 De
620 864 56 26 skäl,
693 863 88 28 hvarpä
797 863 69 26 sagda

109 898 146 26 bestämning
274 897 101 27 grundar
390 897 40 27 sig,
446 897 124 22 förefinnas
586 897 57 27 icke,
659 897 29 21 dä
704 897 163 22 kronoombud

110 933 54 20 eller
185 934 84 19 statens
285 932 138 27 tjänsteman
440 932 125 27 uppträder
580 939 51 14 som
647 932 100 21 kärande
763 932 54 21 eller
833 933 35 20 sö-

110 967 81 20 kande.
212 966 152 21 Fördenskull
375 966 69 21 hafva
455 967 29 26 vi,
498 966 119 27 stödjande
628 966 53 21 ossi
695 966 132 21 hufvudsak
838 966 29 27 pä

111 1007 89 15 samma
222 1001 99 26 grunder
337 1007 50 15 som
402 1001 117 26 utskottet,
534 1003 74 18 ansett
624 1001 81 26 skäligt
720 1003 39 24 att,
769 1001 30 20 dä
809 1001 58 20 före-

111 1035 86 21 nämda
212 1042 109 21 personer
335 1037 41 19 äro
392 1035 103 21 kärande
510 1035 54 21 eller
580 1035 108 27 sökande,
705 1035 22 21 ät
738 1035 129 21 svaranden

113 1069 73 22 skulle
209 1069 125 27 medgifvas
358 1076 90 14 samma
471 1071 44 19 rätt
536 1069 53 21 med
605 1069 106 21 afseende
726 1069 30 28 pä
771 1069 98 21 bestäm-

112 1104 93 21 mandet
226 1104 25 21 af
270 1104 243 27 expeditionsspräket,
536 1111 49 14 som
602 1104 7 21 i
624 1104 66 27 öfrigt
706 1105 25 20 är
745 1103 123 22 tillerkänd

112 1138 101 21 kärande
235 1139 53 20 eller
311 1138 108 21 sökande.
450 1138 38 21 Att
508 1140 31 19 ett
561 1138 83 21 sädant
666 1138 124 27 stadgande
806 1139 25 20 är
846 1138 25 21 af

113 1173 143 26 synnerligen
280 1175 47 18 stor
343 1172 49 21 vikt
414 1172 30 21 dä
466 1173 38 20 det
518 1173 70 26 gäller
604 1172 111 21 svarande
731 1173 6 20 i
753 1172 115 26 brottmål,

113 1206 64 21 torde
192 1213 55 14 vara
263 1206 120 27 själfklart.

181 1241 43 20 Det
240 1241 42 20 här
297 1241 100 26 intagna,
413 1241 71 20 redan
500 1241 7 20 i
524 1241 54 20 1883
595 1241 36 21 ärs
642 1241 133 21 oftanämda
784 1240 85 21 förord-

113 1274 55 27 ning
190 1275 111 26 ingäende
327 1275 142 26 stadgandet,
491 1277 32 19 att
544 1275 37 21 det
604 1275 75 27 spräk,
702 1275 88 28 hvarpä
805 1281 66 21 expe-

113 1309 72 21 dition
208 1309 97 26 affattas,
328 1316 51 14 som
397 1309 25 20 af
435 1309 61 27 lägre
512 1309 135 27 myndighet
661 1309 33 20 till
711 1309 109 26 sakägare
836 1311 33 18 ut-

114 1343 83 26 färdas,
217 1343 67 21 äfven
304 1343 59 21 skall
384 1343 115 27 begagnas
522 1343 7 21 i
552 1343 69 27 högre
644 1343 145 28 myndighets
804 1349 65 21 expe-

114 1377 73 21 dition
206 1377 3 20 i
225 1384 90 14 samma
330 1377 90 27 ärende,
436 1377 66 22 torde
518 1377 18 28 ej
553 1377 80 22 kräfva
642 1377 75 27 någon
729 1377 141 26 motivering.

184 1412 33 21 De
235 1411 7 21 i
261 1412 50 21 värt
327 1412 84 26 förslag
426 1411 113 28 ingäende
555 1411 202 27 bestämningarna
772 1411 97 21 rörande

115 1446 138 26 handlingar
268 1446 44 21 och
327 1446 245 26 tillkännagifvanden,
589 1452 49 15 som
655 1446 102 20 utfärdas
765 1446 34 20 till
807 1445 65 21 kom-

116 1486 87 20 muner,
212 1482 61 19 samt
285 1486 38 15 om
335 1480 155 27 kungörelser,
502 1480 94 21 afsedda
606 1482 32 19 att
646 1480 134 21 afkunnas
768 1475 10 37 i
791 1479 80 28 kyrka,

892 318 61 18 Punkt
965 318 13 17 2

895 352 54 12 mom.
963 352 14 12 e.

895 765 60 18 Punkt
968 765 13 16 2

893 799 55 12 mom.
961 793 14 22 f.

893 1245 61 18 Punkt
966 1245 19 18 3.

894 1416 62 18 Punkt
968 1415 18 17 4.
