1075 1736
305 168 278 22 Petitionsbetänkande
598 167 45 23 N:o
660 167 38 22 34.
853 169 26 19 17

125 240 100 21 särskildt
244 240 96 21 läroverk
358 240 32 20 för
411 240 60 20 deras
496 240 89 26 räkning
610 240 67 20 skulle
704 240 110 25 erfordras,
834 246 46 13 men

122 277 58 19 detta
203 276 64 20 behof
287 276 64 20 likväl
367 276 115 20 tillsvidare
497 276 41 19 kan
553 276 150 19 tillfredställas
719 282 73 19 genom
807 282 26 13 en
848 278 32 17 ut-

124 313 102 25 vidgning
246 312 22 20 af
286 312 109 25 reallinjen
418 311 36 20 vid
479 311 67 20 finska
568 311 104 20 klassiska
698 312 80 25 lyceum
798 311 7 20 i
828 305 52 30 Åbo,

126 349 83 20 hvilken
236 348 75 26 åtgärd
334 348 114 20 beräknats
471 348 91 19 medföra
578 354 24 13 en
624 347 54 20 ökad
699 347 90 20 kostnad
809 347 23 20 af
849 354 31 13 c:a

127 385 63 24 7,000
212 385 58 19 mark
291 384 86 27 årligen,
392 384 7 19 i
415 384 38 19 alla
477 384 108 19 händelser
600 383 68 20 blefve
688 383 32 20 för
735 386 68 17 staten
819 383 61 26 ojäm-

124 420 71 26 förligt
210 421 83 25 mycket
308 420 95 25 billigare
419 423 26 16 än
460 420 127 19 inrättandet
602 420 23 19 af
638 422 30 17 ett
683 419 132 26 fullständigt
829 419 51 20 real-

125 457 88 25 lyceum,
236 456 38 20 har
291 456 108 20 Utskottet
414 458 68 17 ansett
495 456 77 25 jämväl
588 455 132 20 ekonomiska
736 455 46 20 skäl
797 455 42 20 tala
849 455 31 20 för

127 499 25 13 en
168 492 64 20 sådan
248 492 103 25 reallinjes
367 492 124 19 inrättande.

196 529 31 18 På
251 527 85 21 anförda
354 527 92 26 grunder
465 527 32 20 får
512 528 107 19 Utskottet
634 527 105 20 vördsamt
755 527 74 20 föreslå
845 527 35 20 det

123 564 115 20 ständerna
253 564 7 19 i
276 563 164 26 underdånighet
459 564 47 19 ville
525 564 81 19 anhålla

412 636 31 20 att
459 636 135 26 Regeringen
610 634 67 22 måtte
693 636 84 20 inrätta
789 641 25 15 en
825 635 55 21 real-

342 671 113 27 afdelning
467 670 34 28 på
514 672 66 26 femte
594 671 88 21 klassen
697 671 29 26 af
736 671 73 26 finska
825 671 55 20 klas-

341 707 62 21 siska
423 708 84 25 lyceum
526 708 8 20 i
548 700 47 28 Åbo
616 708 66 25 samt,
702 712 36 16 om
754 706 127 26 tillräckligt

340 743 63 21 antal
427 743 67 21 elever
511 743 93 21 anmäla
622 743 39 26 sig,
681 743 116 21 successivt
816 742 64 25 äfven

338 778 33 27 på
387 779 78 26 lyceets
480 780 33 20 tre
527 779 77 26 högsta
619 779 91 21 klasser.

198 916 83 25 Frågan
298 922 31 13 om
345 922 25 13 en
386 915 121 26 förändring
522 915 23 20 af
557 916 67 25 lyceet
639 915 7 20 i
662 915 32 20 S:t
709 915 76 20 Michel
796 915 31 20 till
837 917 44 17 ute-

122 952 100 19 slutande
236 951 155 26 finskspråkigt,
407 951 86 20 hvilken
509 951 117 26 upprepade
642 953 78 24 gånger
730 951 89 25 tidigare
829 951 51 19 före-

126 987 54 20 varit
196 987 31 20 till
243 987 119 20 diskussion
377 987 36 20 vid
431 987 171 26 ständermötena,
623 987 37 20 har
676 987 67 20 denna
758 988 56 25 gång
829 986 51 20 före-

126 1024 56 25 legat
197 1024 106 20 Utskottet
319 1023 32 20 till
368 1023 127 26 behandling
510 1023 46 20 med
572 1023 112 26 anledning
699 1023 23 20 af
734 1023 55 20 inom
799 1023 81 19 Preste-

126 1060 39 19 och
180 1059 160 20 Bondestånden
356 1059 75 20 väckta
447 1059 179 26 petitionsförslag.

200 1096 77 25 Lyceet
292 1095 8 20 i
315 1095 30 20 S:t
361 1095 76 20 Michel
453 1095 84 26 började
552 1102 44 13 som
608 1095 78 20 bekant
701 1095 32 20 sin
749 1095 132 20 verksamhet

129 1133 67 18 såsom
212 1131 172 26 svenskspråkigt
400 1132 23 19 år
442 1132 57 19 1872
519 1131 37 20 och
566 1131 134 20 förändrades
710 1131 31 20 till
749 1130 132 26 tvåspråkigt

126 1167 6 19 i
148 1167 48 19 stöd
217 1167 23 19 af
254 1166 76 26 nådiga
348 1166 148 26 förordningen
515 1166 23 20 af
553 1166 40 20 den
610 1168 28 18 23
650 1167 83 25 augusti
751 1167 62 25 1883,
829 1166 52 20 hvil-

127 1203 46 18 "ken
184 1202 105 20 medförde
298 1209 23 13 en
331 1203 81 25 partiell
421 1202 171 26 omorganisation
601 1203 22 19 af
628 1202 82 20 landets
719 1202 162 20 elementarläro-

127 1238 57 20 verk.
216 1238 129 25 Stadgandet
361 1240 30 17 att
407 1238 46 19 från
470 1238 38 20 och
523 1238 46 20 med
584 1238 146 20 höstterminen
741 1238 58 19 1884
809 1237 7 20 i
824 1237 57 20 detta

126 1274 80 26 lyceum
226 1274 153 26 undervisning
395 1274 67 20 skulle
477 1274 103 20 meddelas
596 1274 61 21 äfven
673 1275 26 25 på
714 1274 67 20 finska
797 1273 84 26 språket

125 1309 54 20 hade
201 1310 135 20 tvifvelsutan
356 1310 35 20 det
407 1310 103 20 välmenta
525 1310 64 26 syftet
605 1313 31 17 att
652 1310 39 20 den
707 1312 47 18 rent
769 1309 112 26 finsksprä-

126 1345 48 26 kiga
190 1345 146 26 befolkningen
355 1346 8 19 i
379 1346 39 19 den
435 1346 130 25 omgifvande
580 1346 143 26 landsbygden
741 1345 67 20 skulle
824 1345 57 20 bere-

128 1381 37 20 das
188 1382 75 19 lättare
286 1382 81 19 tillfälle
390 1385 26 16 än
439 1382 44 19 förr
498 1384 31 17 att
543 1381 99 20 förskaffa
658 1382 45 19 sina
718 1383 53 18 barn
782 1388 25 13 en
817 1381 64 26 högre

127 1417 146 26 skolbildning.
296 1417 150 26 Efterföljande
462 1417 69 25 tabell,
542 1418 83 19 hvilken
641 1418 85 25 utvisar,
740 1418 55 19 huru
806 1418 75 24 mänga

128 1453 68 20 elever
212 1454 26 25 pä
263 1454 71 25 hvarje
353 1453 64 26 klass,
433 1453 47 20 från
496 1454 37 19 och
548 1453 46 20 med
610 1454 88 19 läseäret
715 1453 123 25 1884—85,
854 1452 27 20 dä

197 1500 108 18 Allmänna
316 1500 185 23 petitionsutskottets
513 1500 116 18 betänkande
642 1500 38 18 N:o
691 1501 29 17 21.
846 1500 10 16 2
