1075 1739
204 175 28 20 36

561 469 42 23 IV.

273 536 187 23 Undertecknade
480 536 68 24 hafva
563 537 50 22 icke
629 537 84 21 kunnat
729 536 78 22 förena
823 536 34 28 sig
872 543 33 15 om
922 538 33 20 ut-

203 572 225 28 skottsmajoritetens
444 573 85 28 förslag
544 573 137 22 beträffande
692 572 263 28 undervisningsspråket

203 608 38 22 vid
257 608 72 28 lyceet
344 608 8 22 i
368 609 34 22 S:t
417 609 82 22 Michel
515 610 40 21 och
570 609 89 22 anhålla
674 609 114 22 vördsamt
802 610 34 20 att
851 608 23 22 få
889 608 65 22 fram-

202 644 67 28 lägga
285 644 40 22 vår
341 644 120 23 afvikande
477 646 95 27 mening.

272 680 128 22 Utskottets
424 681 73 23 flertal
520 682 76 21 stöder
615 682 35 21 sin
666 682 104 21 anhållan
790 682 45 24 ,att
850 680 103 28 Regerin-

201 722 44 21 gen
261 716 50 22 från
327 717 78 27 början
421 716 25 22 af
459 717 181 22 nästkommande
656 718 74 21 läseår
745 717 69 21 måtte
833 717 121 22 successivt

201 752 51 21 från
268 751 70 23 första
353 752 91 23 klassen
461 752 72 23 införa
548 753 88 22 finskan
652 760 45 15 som
713 753 141 22 uteslutande
875 752 78 23 under-

201 788 172 28 visningsspräk
396 789 8 21 i
428 789 33 22 S:t
484 789 93 22 Michels
600 789 98 28 lyceum"
724 789 186 27 hufvudsakligen
926 789 28 26 pä

202 826 84 20 tvänne
301 825 109 27 grunder:
427 825 28 22 de
472 825 145 28 svärigheter,
635 832 46 15 som
701 825 42 22 den
767 825 127 22 nuvarande
917 831 36 15 an-

201 860 123 27 ordningen
350 861 130 22 förorsakar
504 861 188 28 undervisningen
718 861 8 22 i
752 861 134 26 läroverket,
913 861 39 21 och

200 896 177 27 obehöfligheten
400 897 25 21 af
446 897 160 28 undervisning
631 898 28 26 pä
683 897 97 22 svenska
804 897 92 27 spräket
918 896 35 22 för

200 932 83 27 elever,
300 938 46 15 som
362 932 72 22 förstä
449 933 73 22 finska
541 933 39 22 och
604 933 25 22 af
649 933 78 22 hvilka
750 933 28 22 de
801 932 63 23 flesta
887 932 66 22 hafva

199 967 62 22 detta
277 968 68 26 spräk
363 968 35 21 till
414 969 136 22 modersmäl.

273 1003 76 22 Ehuru
374 1004 66 23 äfven
459 1005 23 21 vi
497 1005 118 28 medgifva,
633 1007 33 20 att
682 1011 27 16 en
725 1005 133 26 tvåspråkig
873 1005 77 21 under-

199 1039 91 28 visning
305 1040 71 21 mäste
393 1040 99 22 medföra
508 1041 60 22 vissa
584 1041 150 27 olägenheter,
752 1042 34 20 tro
803 1041 22 21 vi
840 1040 55 21 dock
919 1042 33 19 att

199 1075 128 22 Utskottets
349 1075 73 22 flertal
441 1076 53 22 vida
509 1076 148 22 öfverskattat
673 1077 65 21 dessa
754 1075 143 28 olägenheter
913 1076 39 21 och

199 1111 52 21 sökt
273 1111 77 22 bevisa
374 1111 65 22 deras
463 1112 104 21 störande
590 1112 108 22 inverkan
719 1113 29 26 pä
771 1112 83 27 lyceets
876 1112 76 21 arbete

199 1152 78 21 genom
301 1147 183 28 sifferuppgifter,
500 1148 84 25 hvilka,
601 1148 94 21 kritiskt
710 1147 133 28 granskade,
860 1147 92 22 framstä

198 1183 107 26 temligen
330 1183 170 27 betydelselösa.
532 1183 100 22 Särskild
648 1184 49 21 vikt
713 1184 79 27 lägges
808 1183 7 21 i
831 1183 120 22 betänkan-

198 1218 38 22 det
252 1219 29 26 pä
296 1218 37 21 det
349 1219 71 27 enligt
436 1220 249 27 utskottsmajoritetens
701 1219 143 22 förmenande
860 1225 91 21 synner-

198 1254 61 27 ligen
275 1256 60 19 stora
351 1255 60 21 antal
428 1255 82 28 elever,
527 1256 76 22 hvilka
619 1255 48 22 före
683 1255 115 22 fulländad
814 1255 54 21 kurs
880 1255 72 21 lemna

198 1289 79 27 lyceet.
308 1289 35 22 En
368 1291 140 27 granskning
531 1290 24 22 af
571 1291 132 22 hithörande
719 1290 115 28 uppgifter
850 1291 7 21 i
873 1285 78 28 Öfver-

199 1325 124 27 styrelsens
339 1325 35 22 för
390 1326 158 23 skolväsendet
564 1327 126 22 statistiska
705 1327 135 27 öfversigter
853 1326 35 22 för
897 1327 54 21 ären

201 1362 146 20 1886—1896
372 1361 74 28 gifver
470 1363 123 22 emellertid
614 1363 37 22 vid
668 1363 93 27 handen,
778 1365 34 19 att
827 1362 102 22 siffrorna
944 1363 7 21 i

199 1396 119 23 kolumnen
336 1397 62 27 ,före
413 1397 115 23 fulländad
543 1398 54 22 kurs
614 1398 49 22 med
682 1398 136 28 skiljebetyg
841 1398 110 28 afgängna

197 1432 89 22 elever"
311 1432 35 22 för
369 1433 74 27 lyceet
465 1434 8 21 i
496 1434 32 21 S:t
550 1434 79 22 Michel
654 1436 38 19 äro
715 1434 97 27 sällsynt
827 1434 57 28 låga,
901 1434 51 22 vida

197 1468 63 27 lägre
285 1470 29 20 än
339 1468 36 22 för
401 1469 27 22 de
454 1469 64 22 flesta
541 1470 78 21 enbart
645 1470 168 28 finskspräkiga
838 1470 113 22 klassiska
