1067 1725
324 172 313 28 Petitionsmemorial.

266 232 72 26 Borg.
355 232 28 21 st.
602 231 45 22 N:o
663 231 38 22 43.

269 549 48 20 Till
334 549 135 25 Vällofliga
485 549 218 26 Borgareståndet.

182 603 70 25 Enligt
268 604 39 19 den
323 603 150 25 aflöningsstat,
489 610 42 13 som
548 603 103 20 faststälts
666 610 73 19 genom
750 604 110 25 kejserliga

111 632 147 26 förordningen
273 633 106 25 angående
395 633 102 20 särskilda
513 633 144 25 förändringar
672 634 7 18 i
696 634 164 24 organisationen

112 663 22 19 af
147 663 120 20 läroverken
287 663 32 19 för
339 663 172 25 qvinnobildning
527 666 52 17 samt
595 663 125 19 inrättandet
737 663 22 20 af
772 670 41 18 nya
829 664 30 19 så-

112 692 52 20 dana
180 693 99 23 läroverk,
295 693 70 25 gifven
382 693 39 19 den
438 693 27 19 27
482 693 110 19 november
610 694 62 24 1885,
689 693 62 19 undfå
761 693 99 19 förestån-

111 722 104 26 darinnor,
240 723 89 25 kolleger
353 723 37 19 och
413 723 103 19 ordinarie
532 723 115 19 lärarinnor
663 722 35 20 vid
714 722 146 20 fruntimmers-

112 752 97 20 skolorna
232 752 181 26 tilläggsarvoden,
436 752 179 20 föreståndarinna
639 753 37 19 och
692 752 102 20 ordinarie
809 753 51 19 lära-

111 782 60 20 rinna
187 783 12 19 &
216 783 42 19 300
273 783 58 19 mark
347 785 53 17 samt
415 783 81 25 kollega
518 784 5 18 &
540 783 43 19 600
600 783 63 25 mark,
680 783 51 19 efter
747 784 18 24 5,
784 783 32 25 10,
834 783 26 19 15

112 812 38 19 och
166 813 28 18 20
210 813 34 19 ärs
259 812 68 26 tjenst.
352 812 78 20 Genom
447 813 110 25 kejserliga
572 813 137 25 kungörelsen
725 813 40 19 den
783 813 25 19 18
825 819 35 13 au-

111 842 57 25 gusti
186 843 62 23 1892,
264 842 105 25 angäende
384 842 125 25 förbättring
524 842 22 20 af
557 843 129 25 kollegernas
697 842 35 20 vid
743 843 117 19 elementar-

111 871 121 20 läroverken
252 872 37 19 och
308 872 224 20 fruntimmerskolorna
548 872 208 25 aflöningsförmäner,
771 872 90 20 infördes

111 901 46 20 häri
172 901 64 20 sådan
257 901 88 26 ändring
361 905 30 16 att
406 902 171 25 tilläggsarvodet
592 902 31 19 för
639 903 76 24 manlig
730 902 80 25 kollega
826 902 35 19 vid

111 931 198 20 fruntimmersskola
325 938 84 13 numera
424 933 62 24 utgär
501 932 46 19 med
563 933 44 18 800
622 932 58 19 mark
691 932 52 19 efter
754 933 19 24 5,
786 933 27 18 10
824 932 37 19 och

114 961 26 19 15
157 962 34 19 års
207 961 68 25 tjenst,
296 961 105 20 hvaremot
417 961 190 20 föreständarinnas
623 962 38 19 och
676 961 115 20 lärarinnas
806 962 54 19 löne-

112 991 116 25 förhöjning
251 991 126 20 fortfarande
400 990 60 27 följer
484 991 39 20 den
544 992 67 25 gamla
627 991 100 26 grunden.
757 991 33 20 Då
805 991 57 20 detta

112 1020 132 26 förhällande,
267 1021 78 20 hvilket
361 1021 7 19 i
384 1021 31 20 sin
439 1022 46 19 män
501 1024 81 23 stegrar
598 1021 34 20 det
648 1021 116 26 principielt
780 1024 81 22 oegent-

112 1050 42 25 liga
170 1051 44 19 deri
230 1053 30 17 att
275 1051 66 20 lärare
357 1051 36 19 och
410 1051 104 20 lärarinna
530 1051 53 19 inom
595 1058 76 13 samma
681 1051 93 25 kategori
785 1051 76 20 aflönas

113 1080 54 19 olika
187 1080 31 19 för
240 1081 105 19 enahanda
364 1081 76 25 arbete,
456 1081 46 19 icke
518 1087 61 20 synes
596 1088 49 12 vara
661 1081 46 19 med
722 1081 86 19 rättvisa
824 1081 38 19 och

111 1110 94 25 billighet
221 1110 213 26 öfverenstämmande,
451 1111 31 19 fär
497 1111 39 25 jag,
553 1111 68 19 derom
637 1110 106 26 anmodad,
759 1111 103 19 vördsamt

111 1139 75 20 föreslä
202 1147 25 13 en
242 1140 129 26 underdänig
385 1141 86 25 petition
487 1141 68 19 derom

397 1202 30 17 att
455 1200 158 25 tilläggsarvodet
635 1200 33 24 för
689 1200 173 23 föreståndarinna

326 1230 33 19 och
379 1230 102 19 ordinarie
499 1230 106 19 lärarinna
624 1230 34 19 vid
669 1230 193 23 fruntimmersskola

325 1260 61 19 måtte
406 1260 46 24 utgå
473 1260 42 19 med
533 1259 126 25 fyrahundra
676 1260 58 19 mark
752 1260 49 22 efter
812 1259 49 23 fem,

327 1290 26 19 tio
369 1289 33 20 och
417 1289 72 24 femton
504 1290 34 19 års
554 1290 61 23 tjenst.

184 1348 135 26 Helsingfors,
336 1349 39 19 den
392 1349 13 19 8
421 1349 90 19 februari
529 1349 62 20 1897.

631 1413 54 22 Ferd.
702 1413 89 22 Juselius.

222 1513 103 18 Helsingfors
335 1514 40 13 1897.
394 1513 103 18 Osakeyhtiö
508 1513 60 14 Weilin
579 1514 12 13 &
602 1513 43 14 Göös
656 1513 105 18 Aktiebolag.
