1073 1739
297 147 277 24 Petitionsbetänkande
589 147 45 24 N:o
650 147 38 23 23.
858 150 12 19 5

118 221 83 22 bereda
223 219 89 23 tillfälle
335 220 35 22 till
390 220 160 27 undervisning
566 220 24 21 åt
605 219 87 22 landets
710 219 102 28 samtliga
828 219 44 22 döf-

119 258 94 20 stumma
221 262 111 21 personer,
344 256 40 21 och
395 256 56 22 hade
461 256 117 22 Utskottet
588 255 80 22 därvid
679 255 115 22 förmånen
804 257 34 20 att
850 255 24 21 af

119 293 132 26 inspektorn
265 292 35 21 för
310 292 193 21 abnormskolorna
515 292 86 21 erhålla
611 291 81 28 nödiga
704 291 168 28 upplysningar.

118 327 34 23 Af
172 328 72 22 denna
258 328 119 27 utredning
392 327 98 28 framgår
505 328 34 21 att
554 327 84 22 antalet
654 327 133 22 döfstumma
802 327 7 21 i
826 327 45 21 lan-

120 364 39 21 det
182 364 70 27 enligt
267 366 87 19 senaste
375 363 125 22 statistiska
516 363 113 27 uppgifter
645 363 25 22 af
683 363 43 22 den
743 365 27 19 31
788 363 83 21 decem-

120 400 40 21 ber
186 401 56 20 1890
265 399 100 28 utgjorde
388 399 79 22 inalles
488 401 72 25 2,767,
578 399 63 22 däraf
658 401 42 19 629
717 399 55 21 barn
788 399 8 21 i
814 399 58 21 skol-

118 435 88 28 åldern,
229 435 19 22 d.
264 441 20 16 v.
300 442 16 15 s.
332 435 82 23 sådana
430 441 46 16 som
491 435 53 28 fyllt
559 437 20 26 8,
597 441 49 16 men
661 435 51 22 icke
726 436 25 20 16
768 435 32 22 år.
832 434 41 22 Om

119 471 53 22 från
200 472 64 22 dessa
298 473 41 19 629
375 472 133 21 borträknas
536 472 85 21 antalet
652 471 132 21 döfstumma
818 471 55 21 barn

120 507 52 22 frän
196 507 189 27 svenskspräkiga
402 508 56 27 hem,
475 507 34 22 för
525 507 77 22 hvilka
617 508 56 20 barn
690 507 37 21 det
742 506 36 22 för
794 508 78 20 närva-

120 543 70 21 rande
207 546 25 18 är
247 543 133 27 tillräckligt
395 542 70 28 sörjät
476 549 78 21 genom
565 542 203 22 döfstumskolorna
778 542 8 21 i
798 542 75 27 Borgå

120 579 41 21 och
177 579 129 27 Jakobstad,
324 580 56 20 samt
392 579 85 21 antalet
490 578 131 22 döfstumma
631 579 63 27 barn,
706 584 44 16 som
763 578 29 27 pä
802 577 71 28 grund

120 614 26 22 af
168 615 68 21 andra
254 615 61 27 lyten
332 615 39 21 och
387 615 98 27 orsaker,
501 615 72 21 säsom
588 614 108 28 blindhet,
713 614 160 26 andesvaghet,

121 650 178 28 sinnessjukdom
320 653 47 25 etc.,
387 650 49 22 icke
451 650 85 22 kunnat
552 652 108 26 mottagas
676 650 7 21 i
700 649 170 27 döfstumskola,

120 686 100 22 återstår
243 686 39 22 det
304 686 60 22 antal
386 686 62 27 barn,
464 686 24 22 ät
503 686 87 22 hvilket
605 686 88 21 landets
709 684 165 28 finskspråkiga

121 722 177 22 döfstumskolor
319 722 54 21 böra
395 722 73 21 lemna
490 721 90 22 tillfälle
601 722 35 21 till
658 722 116 26 skolgäng.
806 720 68 22 Detta

121 758 63 22 anta]
206 759 58 21 läter
284 758 49 22 icke
356 758 49 22 med
419 758 115 22 bestämda
550 758 73 22 siffror
638 758 104 26 uttrycka
759 757 39 27 sig.
830 756 44 22 Ab-

120 794 226 22 normskolekomitön
369 794 127 22 beräknade
519 794 121 21 detsamma
663 794 26 20 är
708 794 55 20 1889
779 792 37 22 till
830 798 44 16 om-

123 830 67 27 kring
206 831 43 20 450
266 830 38 21 och
321 830 69 26 ansäg
405 831 14 19 4
429 830 108 21 talskolor
553 831 57 20 samt
626 835 27 15 en
664 828 122 22 skrifskola
798 827 77 22 härför

122 865 154 27 erforderliga.
297 866 11 20 I
324 865 141 22 verksamhet
475 865 71 21 finnas
562 865 35 21 för
607 864 139 22 närvarande
758 864 38 22 tvä
806 863 68 22 finsk-

122 901 107 27 spräkiga
244 901 257 27 upptagningsanstalter
514 901 7 22 i
533 893 47 29 Åbo
592 901 40 21 och
642 900 86 27 Kuopio
739 902 57 19 samt
808 899 66 22 skrif-

123 937 78 21 skolan
225 937 7 21 i
257 936 31 22 S:t
310 937 86 21 Michel.
427 936 143 22 Härförutom
586 937 40 21 har
642 931 182 32 Öfverstyrelsen
840 935 35 21 för

122 972 159 22 skolväsendet
303 973 90 27 nyligen
416 973 73 27 ingätt
511 972 50 22 med
577 972 164 27 framställning
757 978 33 15 om
806 971 69 21 inrät-

122 1008 81 22 tandet
218 1008 25 22 af
256 1015 27 15 en
299 1008 207 28 parallelafdelning
521 1008 38 22 vid
575 1008 175 22 döfstumskolan
766 1007 6 21 i
784 1006 84 27 Kuopio

124 1044 94 22 hvarvid
233 1045 37 21 det
285 1045 120 21 beräknats
421 1047 34 19 att
469 1044 8 22 i
493 1044 40 22 fall
550 1050 27 16 en
588 1044 68 22 sädan
667 1042 209 28 parallelafdelning

122 1080 58 22 eller
196 1087 28 15 en
240 1081 152 21 motsvarande
407 1087 30 21 ny
453 1080 63 22 skola
532 1080 85 22 komme
634 1080 35 21 till
685 1079 71 28 ständ,
769 1078 27 22 de
807 1078 68 22 finsk-

122 1116 109 28 spräkiga
257 1116 200 22 döfstumskolorna
480 1116 74 22 kunde
577 1116 73 21 lämna
674 1116 60 26 plats
757 1115 35 21 för
810 1115 66 26 högst

122 1153 45 20 375
196 1152 79 22 elever.
307 1152 39 22 Om
368 1152 171 27 befolkningens
562 1152 91 21 tillväxt
676 1151 58 22 efter
760 1152 56 20 1890
836 1150 40 21 och

124 1187 70 27 derpä
217 1188 109 22 beroende
343 1188 82 27 ökning
440 1188 25 21 af
479 1188 85 21 antalet
579 1187 132 22 döfstumma
727 1188 55 20 barn
801 1186 75 22 äfven-

123 1229 47 15 som
186 1222 158 29 felaktigheter
360 1224 38 22 vid
413 1224 27 21 de
456 1224 126 21 statistiska
598 1222 144 29 uppgifterna
752 1226 63 23 tagas
827 1221 49 22 med

124 1258 6 21 i
147 1259 159 27 beräkningen,
322 1259 63 22 torde
400 1260 7 20 i
424 1266 27 15 en
467 1259 89 21 framtid
572 1258 132 28 ytterligare
720 1258 38 22 tvä
768 1257 109 22 talskolor

124 1293 113 23 erfordras
262 1294 35 22 för
320 1297 32 19 att
372 1295 102 27 samtliga
498 1294 132 22 döfstumma
650 1295 56 21 barn
722 1294 64 21 skola
802 1293 75 21 kunna

124 1331 129 27 emottagas,
264 1330 86 22 hvilket
361 1330 70 28 enligt
441 1330 186 27 petitionärernas
638 1330 65 27 äsigt,
716 1336 45 15 som
772 1328 104 22 fullkom-

124 1366 42 26 ligt
190 1366 61 21 delas
275 1366 25 21 af
320 1366 121 27 Utskottet,
466 1368 25 19 är
507 1366 37 22 det
565 1366 50 27 mäl,
632 1366 87 21 hvilket
735 1365 35 21 för
784 1364 93 22 utveck-

124 1401 76 27 lingen
219 1402 25 21 af
261 1402 87 21 landets
365 1401 259 23 döfstumskoleväsende
640 1402 40 20 bör
696 1400 124 28 uppställas
836 1399 42 21 och

123 1437 9 21 i
148 1443 28 15 en
192 1437 19 27 ej
228 1437 76 22 alltför
319 1437 97 27 aflägsen
431 1436 91 23 framtid
538 1437 68 22 borde
621 1443 54 16 vara
691 1436 104 27 uppnädt.

201 1484 108 20 Allmänna
320 1485 180 23 petitionsutskottets
513 1484 117 19 betänkande
644 1484 36 18 N:o
693 1484 28 18 14.
