1075 1761
238 157 12 20 2

209 227 66 13 soners
295 221 22 20 af
331 221 94 21 hvardera
439 223 60 19 könet
514 223 123 19 anställande
652 223 11 19 å
679 223 94 19 värdshus
790 223 36 19 och
841 223 61 19 andra
918 223 47 19 stäl-

208 250 38 23 len,
266 250 37 19 där
317 251 131 24 utskänkning
464 251 21 20 af
500 252 66 19 starka
582 252 85 24 drycker
682 258 46 18 eger
741 257 49 14 rum.
820 252 95 19 Häremot
929 251 36 20 bör

208 278 44 20 icke
275 279 66 19 kunna
360 279 93 20 invändas
469 282 30 17 att
514 283 28 16 ett
557 280 71 20 sådant
643 280 71 20 förbud
729 280 95 19 innebure
839 282 29 17 ett
882 280 82 24 ingrepp

208 306 6 19 i
237 306 108 21 föräldrars
366 308 36 20 och
416 308 104 20 målsmäns
535 311 41 17 rätt
590 311 31 17 att
636 309 106 19 bestämma
757 314 30 14 om
804 308 42 20 sina
860 308 59 20 barns
934 308 30 20 val

208 335 22 19 af
243 336 55 24 yrke,
314 338 21 22 ty
349 336 27 20 då
390 337 102 20 samhället
507 343 69 19 genom
590 337 149 25 lagstiftningen
755 343 30 13 om
796 337 60 20 barns
867 337 37 20 och
914 343 51 18 unga

207 370 104 18 personers
333 366 127 20 användande
475 366 7 19 i
497 366 88 20 fabriker
601 366 36 20 och
652 366 109 20 handtverk
777 368 65 18 ansett
856 366 29 24 sig
899 366 66 19 kunna

207 393 78 25 ingripa
307 394 26 19 då
355 394 33 20 det
410 395 48 24 gällt
480 396 87 18 sanitära
588 395 61 19 vådor
665 395 31 20 för
711 396 24 18 de
751 401 57 18 unga,
824 395 36 19 bör
875 395 54 19 detta
943 394 22 19 så

206 422 79 23 mycket
299 422 61 20 hellre
376 424 64 19 kunna
456 424 40 24 ske,
513 424 35 19 där
563 424 34 19 det
611 424 62 24 gäller
687 424 51 19 både
748 424 107 19 moraliska
866 424 36 19 och
913 423 51 20 sani-

207 453 43 16 tära
266 450 60 20 faror.

276 479 29 20 På
319 481 63 24 grund
396 481 59 20 häraf
469 481 87 20 anhåller
569 481 34 24 jag
618 481 99 20 vördsamt
730 487 31 14 om
774 481 144 24 Ridderskapet
928 480 36 20 och

206 507 74 21 Adelns
295 509 117 20 medverkan
427 510 30 19 till
474 517 23 12 en
512 510 84 25 petition

413 573 29 13 om
457 567 203 25 lagstiftningsätgärd
672 568 7 19 i
689 568 51 24 syfte
751 569 29 18 att
790 567 58 20 barns
858 567 32 20 och
901 572 63 18 omyn-

344 595 45 25 diga
407 602 104 18 personers
532 596 120 19 anställande
674 596 12 19 å
705 596 76 23 ställen,
797 596 37 19 där
848 595 116 24 rusdrycker

343 624 110 24 utskänkas,
470 624 58 24 blefve
542 624 101 25 förbjudet.

275 680 123 25 Helsingfors
413 682 37 19 den
466 682 12 19 5
494 682 95 19 Februari
610 682 57 20 1897.

680 739 67 21 Alexis
763 738 131 28 Gripenberg.

312 1462 102 25 Helsingfors,
424 1472 80 15 Tidnings-
514 1467 12 18 &
535 1472 186 16 'Tryckeriaktiebolagets
732 1471 75 17 tryckeri,
817 1471 39 12 1897.
