1073 1742
210 185 12 20 2
342 184 85 23 Ständ.
443 185 53 22 Pet.
512 198 29 2 —
555 184 172 23 Petitionsbet.
744 184 42 22 N:o
803 184 33 22 17.

280 256 32 22 Af
340 256 30 22 de
396 256 7 21 i
427 256 87 22 landet
539 256 96 28 gängse
661 256 181 22 smittosamma
867 256 101 28 sjukdo-

210 297 88 15 marna
318 291 28 21 är
365 290 182 22 tuberkulosen
566 290 48 22 den
634 292 62 20 mest
714 290 173 28 förhärjande.
920 291 48 21 En-

209 324 47 30 ligt
283 325 117 21 officiella
427 325 130 29 uppgifter
584 325 39 21 för
652 325 28 22 är
709 324 76 26 1894,
811 324 31 22 de
868 327 99 20 senaste

210 366 54 15 som
284 359 60 22 stätt
364 359 144 22 Ständerna
528 360 36 21 till
582 359 74 26 buds,
676 359 77 22 hafva
773 359 128 29 nämligen
914 360 53 21 icke

210 394 97 22 mindre
321 394 32 22 än
370 394 67 26 13,45
450 395 104 27 procent
567 394 26 22 af
605 394 116 28 samtliga
735 394 7 21 i
756 394 108 22 Finland
875 394 92 22 timade

210 428 110 22 dödsfall
338 428 91 22 vällats
449 428 25 22 af
492 428 109 29 lungsot.
634 428 172 29 Vidtagandet
820 428 25 22 af
857 428 109 29 kraftiga

211 462 107 29 skydds-
336 463 47 21 och
401 463 264 29 räddningsätgärder
683 463 80 22 mäste
780 463 86 22 därför
880 463 86 21 erkän-

211 504 46 15 nas
276 497 83 22 säsom
379 504 31 15 en
423 498 142 28 trängande
579 497 202 29 nödvändighet;
796 497 46 22 och
856 498 6 21 i
876 498 91 21 sädant

212 532 118 22 afseende
358 532 118 22 framstär
501 533 113 21 närmast
638 532 120 22 behofvet
783 532 26 21 af
827 532 140 22 sanatorier

210 566 40 22 för
268 566 163 30 lungsiktiga.

280 601 182 29 Afhjälpandet
482 601 25 22 af
525 601 80 29 sagda
624 601 77 22 behof
719 607 76 22 synes
815 600 53 22 icke
881 601 86 21 kunna

210 636 96 22 lemnas
342 635 127 23 beroende
506 636 26 22 af
565 636 98 22 enskild
693 635 199 29 företagsamhet
921 636 45 21 och

211 670 110 22 enskildt
345 670 114 26 intresse,
485 671 26 27 ty
535 670 32 28 pä
587 670 220 29 offervilligheten,
828 670 60 22 eller
906 670 61 22 hvil-

210 704 43 23 ket
272 705 28 21 är
318 705 105 22 därmed
439 705 127 28 liktydigt,
581 704 226 29 kapitalplacering
821 704 35 22 uti
869 704 98 29 företag

211 739 25 22 af
264 739 28 22 sä
317 739 160 29 tvifvelaktig
502 739 153 22 rentabilitet
680 746 52 15 som
757 739 102 28 privata
896 746 71 15 sana-

211 774 76 22 torier
314 774 50 22 kan
389 774 170 28 fullföljandet
583 774 25 22 af
629 773 198 29 ifrägavarande
846 774 49 21 mäl
913 774 53 21 icke

212 808 107 29 byggas.
366 808 91 22 Härtill
484 808 113 22 kommer
625 810 35 20 att
688 810 34 20 ett
746 808 33 28 pä
799 808 98 22 enskild
916 809 50 27 väg

210 842 122 22 inrättadt
350 842 45 22 och
414 842 160 22 underhället
586 842 280 29 lungsotssanatorium,
881 849 39 15 om
934 843 32 21 än

210 877 54 22 icke
293 877 159 28 ävägabragt
476 877 57 22 med
559 877 75 22 tanke
656 877 33 28 pä
708 877 75 25 vinst,
804 876 64 22 dock
887 877 79 21 måste

210 911 115 28 päräkna
344 911 183 29 jämförelsevis
547 911 67 29 höga
633 911 162 29 sjukafgifter
808 911 46 21 och
869 911 97 22 säledes

210 945 166 30 väsentligen,
405 952 40 15 om
470 946 21 28 ej
518 946 167 26 uteslutande,
711 946 106 22 baseras
836 945 32 28 pä
887 945 78 22 besök

210 980 26 22 af
254 980 124 28 patienter
397 987 30 15 ur
440 980 31 22 de
484 980 100 29 burgna
599 980 261 22 samhällsklasserna.
892 980 73 22 Detta

210 1015 28 21 är
269 1014 136 23 emellertid
436 1015 54 21 icke
520 1015 69 22 hvad
620 1015 193 22 förhållandena
844 1014 6 21 i
881 1015 85 21 landet

210 1049 113 22 närmast
340 1049 99 22 kräfva.
475 1049 36 28 Ty
525 1056 39 15 om
579 1050 31 21 än
624 1051 34 20 ett
671 1049 126 22 inhemskt
811 1049 155 22 sanatorium

209 1090 61 15 vore
298 1083 123 29 behöfligt
450 1083 39 22 för
516 1083 32 22 de
576 1084 89 22 talrika
690 1084 139 28 patienters
848 1083 116 28 räkning,

209 1117 101 22 hvilkas
334 1117 136 30 tillgångar
489 1118 128 29 medgifva
637 1118 166 29 erläggandet
823 1118 25 21 af
866 1118 100 21 relativt

210 1152 82 29 dryga
312 1152 218 29 sjukhusafgifter,
545 1159 56 15 men
614 1153 53 21 icke
680 1153 79 21 besök
773 1153 43 22 vid
831 1152 135 22 utländska

209 1187 126 26 kurorter,
355 1193 61 15 vore
435 1187 43 22 det
497 1187 31 22 än
548 1193 68 16 mera
635 1187 123 28 behöfligt
777 1187 40 22 för
831 1187 30 21 de
875 1187 90 22 medel-

209 1221 62 22 lösa.
318 1221 54 22 Den
400 1222 80 28 utväg
508 1221 37 22 till
569 1221 152 29 förbättring
746 1221 176 28 iakttagandet
942 1221 25 21 af

210 1255 169 22 föreskrifven
397 1255 80 29 regim
496 1255 7 22 i
523 1255 118 22 afseende
655 1256 14 21 å
682 1256 66 25 föda,
763 1255 98 23 kläder,
876 1255 87 22 bostad

208 1299 32 12 11.
261 1297 32 15 m.
314 1289 126 29 erbjuder,
461 1291 53 21 står
532 1290 151 22 åtminstone
702 1290 7 22 i
728 1290 85 29 någon
831 1289 58 22 män
904 1296 62 15 sam-

208 1324 90 22 hällets
317 1324 82 22 bättre
417 1324 95 22 lottade
531 1325 125 21 individer
675 1325 36 21 till
730 1325 65 22 buds
810 1324 76 22 äfven
898 1324 67 22 inom

208 1359 124 26 hemmen,
354 1359 33 28 på
411 1365 95 16 samma
525 1359 69 28 gång
612 1359 115 29 bildning
745 1359 8 22 i
773 1359 117 28 förening
909 1359 56 21 med

208 1399 167 23 gynnsamma
405 1393 184 22 lefnadsvilkor
619 1393 142 22 underlätta
795 1393 171 28 fullgörandet

209 1427 25 22 af
257 1427 95 29 nödiga
376 1427 217 29 skyddsåtgärder
619 1429 50 20 mot
688 1428 115 21 smittans
824 1427 140 29 spridning.

208 1461 33 22 Af
268 1462 75 22 dessa
370 1461 128 22 förmåner
526 1463 28 20 är
579 1462 48 22 den
650 1462 89 29 fattiga
763 1462 46 21 och
836 1461 128 29 okunniga

208 1496 182 29 befolkningen
409 1496 7 22 i
435 1496 86 22 landet
534 1496 158 29 fullständigt
705 1497 6 22 i
726 1496 134 23 afsaknad.
894 1496 71 23 Stän-
