1075 1728
194 222 101 22 allenast
291 218 10 37 .
305 223 108 20 obesuttna
437 223 137 26 sinnessjuka,
593 226 49 17 utan
664 222 60 21 äfven
741 223 23 19 af
777 223 77 26 obotlig
869 223 77 20 sinnes-

195 252 94 26 sjukdom
308 252 84 20 lidande
414 253 80 20 mindre
512 253 111 26 jordägare
646 253 48 20 falla
717 253 123 20 kommunen
859 253 31 20 till
908 253 40 20 last

195 282 38 20 och
253 284 66 20 måste
335 282 75 21 vårdas
426 282 47 21 med
488 283 135 20 kommunens
639 289 151 19 gemensamma
806 282 71 21 medel.
907 283 41 20 Det

195 315 23 17 är
236 312 32 20 för
288 312 25 20 de
333 312 130 20 sistnämnda
477 314 85 19 svårare
578 316 31 17 att
624 313 78 20 erhålla
717 312 115 20 understöd
847 312 47 20 från
910 312 37 21 fat-

195 342 108 25 tigvården
324 342 50 20 eller
393 342 129 26 kommunen,
543 343 86 20 emedan
644 349 47 13 man
708 342 97 26 vanligen
820 342 80 20 förlitar
916 343 32 24 sig

194 373 26 24 på
242 372 116 20 inkomsten
381 371 46 21 från
450 372 128 26 lägenheten.
617 373 33 20 De
673 373 44 19 små
729 372 138 26 jordägarene
883 372 64 20 förmå

195 401 113 20 emellertid
332 402 16 25 ej
375 402 48 20 bära
447 409 26 13 en
495 402 65 21 sådan
584 402 32 20 till
634 402 49 21 flere
698 402 82 20 hundra
795 403 59 19 mark
869 402 78 25 årligen

194 431 122 26 uppgående
339 436 58 16 extra
412 432 69 26 utgift,
497 439 44 13 som
556 432 79 20 vården
651 432 23 20 af
687 439 25 13 en
729 432 120 25 sinnessjuk
864 432 83 24 medför,

195 464 50 17 utan
266 464 30 17 att
314 461 42 20 lida
372 462 137 26 skeppsbrott.
540 463 42 19 För
598 465 30 17 att
644 462 80 21 således
740 461 65 21 rädda
821 462 26 19 de
863 463 26 25 på
905 463 43 19 små

195 491 119 26 lägenheter
337 492 79 20 boende
439 491 93 27 familjer,
548 492 71 20 hvilka
635 499 73 19 genom
724 491 167 26 sinnessjukdom
911 492 37 19 hos

196 522 67 25 någon
275 521 23 20 af
306 521 158 21 medlemmarna
474 522 61 20 råkat
545 522 8 19 i
564 525 31 17 ett
606 522 68 26 dylikt
683 522 89 25 sorgligt
782 522 52 25 läge,
845 522 46 19 från
902 521 47 20 eko-

195 551 80 20 nomisk
290 551 52 26 ruin,
358 552 38 19 har
411 552 122 20 kommunen
549 552 88 26 nödgats
653 552 106 25 öfvertaga
773 552 26 20 de
809 551 70 26 sjukes
891 551 56 20 vård.

195 581 74 20 Denna
291 581 52 20 vård
366 581 23 20 af
405 582 90 25 obotliga
511 582 131 26 sinnessjuka
657 583 103 24 betungar
775 583 26 25 på
817 584 30 17 ett
862 588 86 19 synner-

195 611 55 26 ligen
265 611 104 20 kännbart
384 614 42 17 sätt
441 612 154 25 kommunerna,
610 612 121 26 isynnerhet
747 611 51 26 dem,
814 611 38 20 där
870 611 78 20 sådana

196 641 60 25 sjuka
271 641 67 20 finnas
353 642 8 19 i
376 641 65 21 tiotal.

267 671 41 20 För
332 674 32 17 att
387 671 93 25 aflägsna
495 671 68 21 denna
578 672 64 20 börda
658 671 45 20 från
719 671 154 25 kommunerna,
884 672 64 24 vågar

196 700 34 26 jag
245 700 82 21 anhålla
343 704 30 17 att
389 701 129 20 hedervärda
533 701 156 21 Bondeståndet
704 701 49 20 ville
765 701 32 20 till
807 701 141 25 vederbörligt

195 730 91 20 utskotts
306 731 139 26 bepröfvande
460 731 112 26 hänskjuta
587 731 46 20 mitt
647 731 83 26 förslag,
747 731 103 20 huruvida
865 731 19 25 ej
903 730 45 21 skäl

195 766 49 14 vore
260 763 30 17 att
305 760 37 21 hos
358 761 26 20 H.
400 761 27 20 K.
443 761 96 25 Majestät
555 761 91 20 anhålla:

482 821 29 19 att
531 821 98 24 samtliga
647 820 81 25 obotligt
741 820 130 25 sinnessjuka
883 821 64 24 fram-

411 847 53 20 deles
477 847 64 20 skulle
555 846 77 21 vårdas
642 846 30 25 pä
686 849 76 18 statens
776 847 109 20 bekostnad
894 848 55 19 samt

410 875 29 18 att
457 875 34 24 för
511 875 54 19 detta
585 873 102 21 ändamål
707 875 26 19 ett
754 873 117 26 tillräckligt
891 874 58 19 antal

410 899 150 22 värdanstalter
573 901 63 20 skulle
651 901 93 20 inrättas.

267 969 130 26 Helsingfors
413 969 40 20 den
469 970 14 19 8
498 969 91 20 februari
607 970 62 19 1897.

715 1069 79 28 Brynolf
810 1069 68 21 Roiha.

267 1130 77 20 Härom
360 1129 83 21 förenar
459 1130 41 26 sig:

527 1218 19 22 P.
562 1218 60 23 Aulin.

302 1490 101 18 Hesingfors
413 1490 104 18 Osakeyhtiö
527 1490 62 15 Weilin
606 1490 6 14 &
622 1490 44 14 Göös
676 1490 109 17 Aktiebolag,
795 1489 41 15 1897.
