1070 1739
212 173 14 20 4
422 173 239 23 Petitionsbetänkande
678 173 35 23 N:o
729 174 23 21 11.

213 243 93 22 Ständer
324 243 66 22 mätte
410 244 33 21 till
459 244 62 21 Hans
538 245 122 28 Kejserliga
675 244 104 29 Majestät
795 244 51 29 ingä
861 245 50 22 med
926 253 39 14 un-

212 279 105 30 derdänig
331 280 91 28 petition
438 280 79 28 derom,

499 348 34 19 att
550 347 66 20 Hans
632 347 120 27 Kejserliga
768 347 103 27 Majestät
888 348 76 20 täcktes

428 382 35 21 till
483 383 180 20 nästkommande
685 383 102 27 landtdag
807 383 72 27 ajläta
897 383 67 28 nådig

422 418 146 27 proposition,
591 418 110 27 angäende
723 418 157 27 upphäfvande
897 419 28 27 af
944 420 19 26 4,

429 454 14 20 5
463 454 38 20 och
524 454 13 20 6
557 454 30 27 $$
612 454 30 20 24
662 454 48 27 kap.
735 454 24 20 B.
783 454 26 20 B.
831 456 59 19 samt
910 454 52 28 Kej-

428 489 79 27 serliga
530 490 158 27 förordningen
712 490 42 20 den
775 490 14 20 4
810 490 67 27 April
899 491 64 26 1864,

426 532 46 14 som
493 525 59 27 afser
573 527 33 19 att
627 526 125 20 underlätta
771 526 96 20 inträdet
882 526 35 20 uti
932 526 33 21 det

426 561 41 21 den
491 562 32 20 20
545 561 89 21 Oktober
649 562 63 21 1857
726 561 110 21 inrättade
853 561 60 28 bolag
928 562 35 27 för

427 596 125 28 försäkring
571 599 45 19 mot
631 598 100 20 eldskada
747 597 28 27 af
789 597 122 28 byggnader
926 598 37 20 och

426 633 101 27 egendom
547 633 32 27 pä
603 633 77 26 landet,
702 633 9 21 i
735 634 25 20 de
784 633 60 21 delar
866 634 97 20 nämnda

425 668 131 28 förordning
568 668 124 28 innefattar
704 668 96 28 ändring
811 668 28 28 af
846 668 117 28 åberopade

426 704 97 28 lagrum;

210 773 94 22 hvarhos
330 774 106 22 utskottet
458 778 44 18 tror
529 776 32 28 sig
585 775 51 22 böra
657 776 71 21 tillika
751 775 110 22 vördsamt
883 775 78 22 föreslå

210 812 38 24 att,
270 810 87 21 emedan
377 810 122 29 Kejserliga
519 810 86 23 brefvet
620 811 42 21 den
679 813 12 19 2
708 811 63 29 April
789 812 56 20 1860
862 811 100 22 hänvisar

210 845 33 21 till
261 846 12 20 6
291 846 11 27 $
318 846 7 20 i
338 846 120 22 ännämnda
471 846 82 29 kapitel
563 847 41 21 och
614 846 56 27 balk,
682 846 119 22 Ständerna
811 846 67 22 måtte
889 847 72 27 uttala,

496 920 33 20 att
548 919 65 21 Hans
628 919 121 27 Kejserliga
764 919 104 27 Majestät
884 920 76 20 täcktes

425 955 49 26 taga
481 954 9 21 i
496 954 78 27 nådigt
579 955 164 27 öfvervägande,
751 955 80 20 hvilket
838 955 122 27 inflytande

425 990 34 20 det
478 990 89 27 afsedda
583 990 167 27 upphäfvandet
764 990 29 27 af
806 991 14 20 6
835 990 15 27 $
867 991 29 20 24
911 990 46 27 kap.

425 1025 26 21 B.
474 1025 25 21 B.
519 1026 44 21 kan
581 1026 78 27 utöfva
672 1026 32 27 på
721 1026 94 27 lydelsen
831 1025 30 28 af
874 1026 83 27 Kejser-

426 1061 43 27 liga
486 1061 80 28 brefvet
581 1061 28 28 af
621 1062 41 20 den
679 1063 15 19 2
710 1061 66 28 April
792 1062 67 20 1860.

283 1131 137 30 Helsingfors
436 1132 41 22 den
495 1133 26 20 12
538 1133 60 21 Mars
616 1133 62 21 1897.

282 1250 12 21 I
309 1251 99 21 ärendets
424 1251 130 28 behandling
572 1251 67 23 hafva
654 1251 99 28 deltagit:
770 1251 145 22 ordföranden
930 1251 28 22 H.

206 1285 109 30 Råbergh,
330 1286 145 22 ledamöterne
490 1287 99 22 Friherre
605 1288 27 20 A.
648 1295 43 14 von
706 1287 117 28 Knorriog,
839 1287 28 21 A.
880 1287 25 21 L.
916 1295 42 14 von

206 1321 116 29 Knorring,
344 1322 27 21 A.
393 1322 158 29 Björkenheim,
571 1323 26 21 A.
618 1331 38 14 von
673 1323 75 26 Julin,
767 1323 18 21 I.
805 1323 32 21 M.
853 1323 106 28 Tallgren,

206 1357 28 21 H.
256 1357 26 21 E.
303 1357 116 30 Wegelius,
435 1359 28 21 K.
479 1359 29 21 H.
524 1359 106 26 Renlund,
646 1359 28 22 V.
690 1359 115 26 Forselius,
822 1359 24 20 P.
862 1359 27 21 A.
905 1359 53 22 Bro-

204 1392 64 27 feldt,
284 1393 19 22 J.
319 1393 24 22 L.
359 1393 97 28 Pentzin,
471 1394 24 21 F.
506 1394 35 22 W.
552 1394 129 29 Lagerstedt
692 1395 41 21 och
745 1394 20 22 J.
778 1394 115 29 Haanpää,
904 1397 54 19 samt

206 1429 165 28 suppleanterne
394 1429 20 22 J.
437 1430 34 22 W.
493 1430 132 22 Wartiainen
649 1431 27 21 D.
698 1430 107 29 Nykänen
827 1430 42 21 och
889 1430 24 21 F.
934 1431 23 21 F.

204 1463 83 29 Björni.

279 1506 206 20 Ekonomiutskottets
500 1508 126 18 betänkande
640 1508 37 18 N:o
690 1508 29 18 11.
