<?xml version="1.0" encoding="UTF-8"?>
<alto xmlns="http://www.loc.gov/standards/alto/ns-v3#" xmlns:xlink="http://www.w3.org/1999/xlink" xmlns:xsi="http://www.w3.org/2001/XMLSchema-instance" xsi:schemaLocation="http://www.loc.gov/standards/alto/ns-v3# http://www.loc.gov/alto/v3/alto-3-0.xsd">
	<Description>
		<MeasurementUnit>pixel</MeasurementUnit>
		<sourceImageInformation>
			<fileName>/tmp/tess_r8euhmhu_input.PNG</fileName>
		</sourceImageInformation>
		<OCRProcessing ID="OCR_0">
			<ocrProcessingStep>
				<processingSoftware>
					<softwareName>tesseract 5.3.4</softwareName>
				</processingSoftware>
			</ocrProcessingStep>
		</OCRProcessing>
	</Description>
	<Layout>
		<Page WIDTH="1095" HEIGHT="1745" PHYSICAL_IMG_NR="0" ID="page_0">
			<PrintSpace HPOS="0" VPOS="0" WIDTH="1095" HEIGHT="1745">
				<ComposedBlock ID="cblock_0" HPOS="280" VPOS="179" WIDTH="568" HEIGHT="24">
					<TextBlock ID="block_0" HPOS="280" VPOS="179" WIDTH="568" HEIGHT="24">
						<TextLine ID="line_0" HPOS="280" VPOS="179" WIDTH="568" HEIGHT="24">
							<String ID="string_0" HPOS="280" VPOS="179" WIDTH="263" HEIGHT="24" WC="0.90" CONTENT="Motionsbetänkande"/><SP WIDTH="15" VPOS="179" HPOS="543"/>
							<String ID="string_1" HPOS="558" VPOS="179" WIDTH="47" HEIGHT="23" WC="0.96" CONTENT="N:o"/><SP WIDTH="15" VPOS="179" HPOS="605"/>
							<String ID="string_2" HPOS="620" VPOS="179" WIDTH="37" HEIGHT="23" WC="0.96" CONTENT="10."/><SP WIDTH="165" VPOS="179" HPOS="657"/>
							<String ID="string_3" HPOS="822" VPOS="179" WIDTH="26" HEIGHT="20" WC="0.96" CONTENT="15"/>
						</TextLine>
					</TextBlock>
				</ComposedBlock>
				<ComposedBlock ID="cblock_1" HPOS="88" VPOS="242" WIDTH="763" HEIGHT="406">
					<TextBlock ID="block_1" HPOS="88" VPOS="242" WIDTH="760" HEIGHT="62">
						<TextLine ID="line_1" HPOS="88" VPOS="242" WIDTH="760" HEIGHT="27">
							<String ID="string_4" HPOS="88" VPOS="243" WIDTH="139" HEIGHT="26" WC="0.95" CONTENT="minskning,"/><SP WIDTH="12" VPOS="243" HPOS="227"/>
							<String ID="string_5" HPOS="239" VPOS="250" WIDTH="49" HEIGHT="14" WC="0.96" CONTENT="som"/><SP WIDTH="16" VPOS="250" HPOS="288"/>
							<String ID="string_6" HPOS="304" VPOS="243" WIDTH="69" HEIGHT="26" WC="0.93" CONTENT="enligt"/><SP WIDTH="15" VPOS="243" HPOS="373"/>
							<String ID="string_7" HPOS="388" VPOS="243" WIDTH="223" HEIGHT="26" WC="0.92" CONTENT="bestämningarna"/><SP WIDTH="-2" VPOS="243" HPOS="611"/>
							<String ID="string_8" HPOS="609" VPOS="238" WIDTH="12" HEIGHT="36" WC="0.96" CONTENT="i"/><SP WIDTH="15" VPOS="238" HPOS="621"/>
							<String ID="string_9" HPOS="636" VPOS="243" WIDTH="2" HEIGHT="20" WC="0.96" CONTENT="1"/><SP WIDTH="18" VPOS="243" HPOS="638"/>
							<String ID="string_10" HPOS="656" VPOS="249" WIDTH="71" HEIGHT="14" WC="0.96" CONTENT="mom."/><SP WIDTH="22" VPOS="249" HPOS="727"/>
							<String ID="string_11" HPOS="749" VPOS="243" WIDTH="10" HEIGHT="20" WC="0.92" CONTENT="1"/><SP WIDTH="17" VPOS="243" HPOS="759"/>
							<String ID="string_12" HPOS="776" VPOS="243" WIDTH="12" HEIGHT="26" WC="0.85" CONTENT="&amp;"/><SP WIDTH="16" VPOS="243" HPOS="788"/>
							<String ID="string_13" HPOS="804" VPOS="242" WIDTH="44" HEIGHT="21" WC="0.96" CONTENT="och"/>
						</TextLine>
						<TextLine ID="line_2" HPOS="93" VPOS="277" WIDTH="411" HEIGHT="27">
							<String ID="string_14" HPOS="93" VPOS="278" WIDTH="11" HEIGHT="20" WC="0.92" CONTENT="7"/><SP WIDTH="17" VPOS="278" HPOS="104"/>
							<String ID="string_15" HPOS="121" VPOS="279" WIDTH="13" HEIGHT="25" WC="0.54" CONTENT="&amp;"/><SP WIDTH="15" VPOS="279" HPOS="134"/>
							<String ID="string_16" HPOS="149" VPOS="278" WIDTH="129" HEIGHT="21" WC="0.91" CONTENT="förutsättes"/><SP WIDTH="16" VPOS="278" HPOS="278"/>
							<String ID="string_17" HPOS="294" VPOS="277" WIDTH="81" HEIGHT="21" WC="0.93" CONTENT="kunna"/><SP WIDTH="15" VPOS="277" HPOS="375"/>
							<String ID="string_18" HPOS="390" VPOS="283" WIDTH="40" HEIGHT="20" WC="0.92" CONTENT="ega"/><SP WIDTH="16" VPOS="283" HPOS="430"/>
							<String ID="string_19" HPOS="446" VPOS="284" WIDTH="58" HEIGHT="14" WC="0.96" CONTENT="rum."/>
						</TextLine>
					</TextBlock>
					<TextBlock ID="block_2" HPOS="89" VPOS="311" WIDTH="761" HEIGHT="268">
						<TextLine ID="line_3" HPOS="160" VPOS="311" WIDTH="689" HEIGHT="27">
							<String ID="string_20" HPOS="160" VPOS="313" WIDTH="66" HEIGHT="20" WC="0.92" CONTENT="Inom"/><SP WIDTH="23" VPOS="313" HPOS="226"/>
							<String ID="string_21" HPOS="249" VPOS="312" WIDTH="109" HEIGHT="21" WC="0.92" CONTENT="utskottet"/><SP WIDTH="22" VPOS="312" HPOS="358"/>
							<String ID="string_22" HPOS="380" VPOS="312" WIDTH="43" HEIGHT="20" WC="0.96" CONTENT="har"/><SP WIDTH="22" VPOS="312" HPOS="423"/>
							<String ID="string_23" HPOS="445" VPOS="312" WIDTH="37" HEIGHT="20" WC="0.92" CONTENT="väl"/><SP WIDTH="22" VPOS="312" HPOS="482"/>
							<String ID="string_24" HPOS="504" VPOS="312" WIDTH="136" HEIGHT="26" WC="0.92" CONTENT="ifrägasatts,"/><SP WIDTH="24" VPOS="312" HPOS="640"/>
							<String ID="string_25" HPOS="664" VPOS="311" WIDTH="116" HEIGHT="21" WC="0.93" CONTENT="huruvida"/><SP WIDTH="18" VPOS="311" HPOS="780"/>
							<String ID="string_26" HPOS="798" VPOS="311" WIDTH="51" HEIGHT="20" WC="0.88" CONTENT="icke"/>
						</TextLine>
						<TextLine ID="line_4" HPOS="90" VPOS="345" WIDTH="757" HEIGHT="28">
							<String ID="string_27" HPOS="90" VPOS="353" WIDTH="28" HEIGHT="14" WC="0.93" CONTENT="en"/><SP WIDTH="24" VPOS="353" HPOS="118"/>
							<String ID="string_28" HPOS="142" VPOS="346" WIDTH="124" HEIGHT="27" WC="0.95" CONTENT="förklaring"/><SP WIDTH="23" VPOS="346" HPOS="266"/>
							<String ID="string_29" HPOS="289" VPOS="346" WIDTH="25" HEIGHT="21" WC="0.96" CONTENT="af"/><SP WIDTH="19" VPOS="346" HPOS="314"/>
							<String ID="string_30" HPOS="333" VPOS="347" WIDTH="14" HEIGHT="20" WC="0.95" CONTENT="4"/><SP WIDTH="22" VPOS="347" HPOS="347"/>
							<String ID="string_31" HPOS="369" VPOS="347" WIDTH="12" HEIGHT="26" WC="0.83" CONTENT="8"/><SP WIDTH="24" VPOS="347" HPOS="381"/>
							<String ID="string_32" HPOS="405" VPOS="346" WIDTH="7" HEIGHT="20" WC="0.95" CONTENT="i"/><SP WIDTH="26" VPOS="346" HPOS="412"/>
							<String ID="string_33" HPOS="438" VPOS="346" WIDTH="38" HEIGHT="21" WC="0.93" CONTENT="det"/><SP WIDTH="12" VPOS="346" HPOS="476"/>
							<String ID="string_34" HPOS="488" VPOS="346" WIDTH="32" HEIGHT="21" WC="0.96" CONTENT="uti"/><SP WIDTH="16" VPOS="346" HPOS="520"/>
							<String ID="string_35" HPOS="536" VPOS="346" WIDTH="119" HEIGHT="21" WC="0.93" CONTENT="motionen"/><SP WIDTH="16" VPOS="346" HPOS="655"/>
							<String ID="string_36" HPOS="671" VPOS="345" WIDTH="102" HEIGHT="28" WC="0.92" CONTENT="antydda"/><SP WIDTH="15" VPOS="345" HPOS="773"/>
							<String ID="string_37" HPOS="788" VPOS="345" WIDTH="59" HEIGHT="27" WC="0.96" CONTENT="syfte"/>
						</TextLine>
						<TextLine ID="line_5" HPOS="89" VPOS="379" WIDTH="758" HEIGHT="28">
							<String ID="string_38" HPOS="89" VPOS="387" WIDTH="54" HEIGHT="14" WC="0.92" CONTENT="vore"/><SP WIDTH="25" VPOS="387" HPOS="143"/>
							<String ID="string_39" HPOS="168" VPOS="383" WIDTH="30" HEIGHT="18" WC="0.93" CONTENT="ett"/><SP WIDTH="22" VPOS="383" HPOS="198"/>
							<String ID="string_40" HPOS="220" VPOS="380" WIDTH="90" HEIGHT="26" WC="0.96" CONTENT="ärende,"/><SP WIDTH="23" VPOS="380" HPOS="310"/>
							<String ID="string_41" HPOS="333" VPOS="387" WIDTH="51" HEIGHT="14" WC="0.92" CONTENT="som"/><SP WIDTH="21" VPOS="387" HPOS="384"/>
							<String ID="string_42" HPOS="405" VPOS="380" WIDTH="96" HEIGHT="21" WC="0.93" CONTENT="berörde"/><SP WIDTH="16" VPOS="380" HPOS="501"/>
							<String ID="string_43" HPOS="517" VPOS="380" WIDTH="180" HEIGHT="27" WC="0.92" CONTENT="presterskapets"/><SP WIDTH="16" VPOS="380" HPOS="697"/>
							<String ID="string_44" HPOS="713" VPOS="379" WIDTH="134" HEIGHT="28" WC="0.96" CONTENT="privilegier."/>
						</TextLine>
						<TextLine ID="line_6" HPOS="90" VPOS="413" WIDTH="759" HEIGHT="27">
							<String ID="string_45" HPOS="90" VPOS="415" WIDTH="36" HEIGHT="21" WC="0.96" CONTENT="Då"/><SP WIDTH="30" VPOS="415" HPOS="126"/>
							<String ID="string_46" HPOS="156" VPOS="415" WIDTH="131" HEIGHT="25" WC="0.94" CONTENT="emellertid,"/><SP WIDTH="23" VPOS="415" HPOS="287"/>
							<String ID="string_47" HPOS="310" VPOS="415" WIDTH="69" HEIGHT="25" WC="0.96" CONTENT="enligt"/><SP WIDTH="22" VPOS="415" HPOS="379"/>
							<String ID="string_48" HPOS="401" VPOS="414" WIDTH="63" HEIGHT="21" WC="0.96" CONTENT="hvad"/><SP WIDTH="23" VPOS="414" HPOS="464"/>
							<String ID="string_49" HPOS="487" VPOS="414" WIDTH="169" HEIGHT="26" WC="0.96" CONTENT="handlingarna"/><SP WIDTH="26" VPOS="414" HPOS="656"/>
							<String ID="string_50" HPOS="682" VPOS="414" WIDTH="38" HEIGHT="20" WC="0.95" CONTENT="vid"/><SP WIDTH="24" VPOS="414" HPOS="720"/>
							<String ID="string_51" HPOS="744" VPOS="415" WIDTH="53" HEIGHT="19" WC="0.96" CONTENT="1885"/><SP WIDTH="13" VPOS="415" HPOS="797"/>
							<String ID="string_52" HPOS="810" VPOS="413" WIDTH="39" HEIGHT="21" WC="0.95" CONTENT="års"/>
						</TextLine>
						<TextLine ID="line_7" HPOS="91" VPOS="448" WIDTH="758" HEIGHT="28">
							<String ID="string_53" HPOS="91" VPOS="449" WIDTH="110" HEIGHT="27" WC="0.91" CONTENT="landtdag"/><SP WIDTH="22" VPOS="449" HPOS="201"/>
							<String ID="string_54" HPOS="223" VPOS="449" WIDTH="81" HEIGHT="26" WC="0.96" CONTENT="utvisa,"/><SP WIDTH="15" VPOS="449" HPOS="304"/>
							<String ID="string_55" HPOS="319" VPOS="449" WIDTH="175" HEIGHT="26" WC="0.93" CONTENT="ifrågavarande"/><SP WIDTH="15" VPOS="449" HPOS="494"/>
							<String ID="string_56" HPOS="509" VPOS="449" WIDTH="13" HEIGHT="26" WC="0.66" CONTENT="&amp;"/><SP WIDTH="16" VPOS="449" HPOS="522"/>
							<String ID="string_57" HPOS="538" VPOS="449" WIDTH="6" HEIGHT="20" WC="0.96" CONTENT="i"/><SP WIDTH="17" VPOS="449" HPOS="544"/>
							<String ID="string_58" HPOS="561" VPOS="449" WIDTH="35" HEIGHT="20" WC="0.96" CONTENT="sin"/><SP WIDTH="16" VPOS="449" HPOS="596"/>
							<String ID="string_59" HPOS="612" VPOS="448" WIDTH="135" HEIGHT="21" WC="0.96" CONTENT="nuvarande"/><SP WIDTH="15" VPOS="448" HPOS="747"/>
							<String ID="string_60" HPOS="762" VPOS="448" WIDTH="87" HEIGHT="27" WC="0.94" CONTENT="lydelse"/>
						</TextLine>
						<TextLine ID="line_8" HPOS="91" VPOS="483" WIDTH="758" HEIGHT="28">
							<String ID="string_61" HPOS="91" VPOS="483" WIDTH="102" HEIGHT="27" WC="0.96" CONTENT="grundar"/><SP WIDTH="27" VPOS="483" HPOS="193"/>
							<String ID="string_62" HPOS="220" VPOS="483" WIDTH="32" HEIGHT="27" WC="0.95" CONTENT="sig"/><SP WIDTH="25" VPOS="483" HPOS="252"/>
							<String ID="string_63" HPOS="277" VPOS="483" WIDTH="30" HEIGHT="28" WC="0.96" CONTENT="på"/><SP WIDTH="24" VPOS="483" HPOS="307"/>
							<String ID="string_64" HPOS="331" VPOS="485" WIDTH="33" HEIGHT="19" WC="0.93" CONTENT="tre"/><SP WIDTH="25" VPOS="485" HPOS="364"/>
							<String ID="string_65" HPOS="389" VPOS="483" WIDTH="81" HEIGHT="21" WC="0.91" CONTENT="stånds"/><SP WIDTH="22" VPOS="483" HPOS="470"/>
							<String ID="string_66" HPOS="492" VPOS="483" WIDTH="81" HEIGHT="26" WC="0.95" CONTENT="beslut,"/><SP WIDTH="17" VPOS="483" HPOS="573"/>
							<String ID="string_67" HPOS="590" VPOS="483" WIDTH="42" HEIGHT="20" WC="0.96" CONTENT="har"/><SP WIDTH="15" VPOS="483" HPOS="632"/>
							<String ID="string_68" HPOS="647" VPOS="483" WIDTH="110" HEIGHT="20" WC="0.96" CONTENT="utskottet"/><SP WIDTH="16" VPOS="483" HPOS="757"/>
							<String ID="string_69" HPOS="773" VPOS="485" WIDTH="76" HEIGHT="18" WC="0.95" CONTENT="ansett"/>
						</TextLine>
						<TextLine ID="line_9" HPOS="91" VPOS="517" WIDTH="759" HEIGHT="28">
							<String ID="string_70" HPOS="91" VPOS="518" WIDTH="68" HEIGHT="21" WC="0.95" CONTENT="häraf"/><SP WIDTH="22" VPOS="518" HPOS="159"/>
							<String ID="string_71" HPOS="181" VPOS="518" WIDTH="123" HEIGHT="27" WC="0.95" CONTENT="otvetydigt"/><SP WIDTH="22" VPOS="518" HPOS="304"/>
							<String ID="string_72" HPOS="326" VPOS="517" WIDTH="88" HEIGHT="27" WC="0.96" CONTENT="framgå"/><SP WIDTH="19" VPOS="517" HPOS="414"/>
							<String ID="string_73" HPOS="433" VPOS="519" WIDTH="33" HEIGHT="19" WC="0.96" CONTENT="att"/><SP WIDTH="15" VPOS="519" HPOS="466"/>
							<String ID="string_74" HPOS="481" VPOS="518" WIDTH="71" HEIGHT="20" WC="0.95" CONTENT="saken"/><SP WIDTH="16" VPOS="518" HPOS="552"/>
							<String ID="string_75" HPOS="568" VPOS="517" WIDTH="18" HEIGHT="27" WC="0.96" CONTENT="ej"/><SP WIDTH="18" VPOS="517" HPOS="586"/>
							<String ID="string_76" HPOS="604" VPOS="517" WIDTH="47" HEIGHT="21" WC="0.95" CONTENT="kan"/><SP WIDTH="16" VPOS="517" HPOS="651"/>
							<String ID="string_77" HPOS="667" VPOS="517" WIDTH="78" HEIGHT="21" WC="0.92" CONTENT="såsom"/><SP WIDTH="16" VPOS="517" HPOS="745"/>
							<String ID="string_78" HPOS="761" VPOS="517" WIDTH="89" HEIGHT="27" WC="0.90" CONTENT="privile-"/>
						</TextLine>
						<TextLine ID="line_10" HPOS="92" VPOS="552" WIDTH="229" HEIGHT="27">
							<String ID="string_79" HPOS="92" VPOS="552" WIDTH="93" HEIGHT="27" WC="0.92" CONTENT="giifräga"/><SP WIDTH="15" VPOS="552" HPOS="185"/>
							<String ID="string_80" HPOS="200" VPOS="552" WIDTH="121" HEIGHT="21" WC="0.96" CONTENT="betraktas."/>
						</TextLine>
					</TextBlock>
					<TextBlock ID="block_3" HPOS="92" VPOS="591" WIDTH="759" HEIGHT="57">
						<TextLine ID="line_11" HPOS="164" VPOS="591" WIDTH="687" HEIGHT="28">
							<String ID="string_81" HPOS="164" VPOS="593" WIDTH="31" HEIGHT="20" WC="0.97" CONTENT="På"/><SP WIDTH="25" VPOS="593" HPOS="195"/>
							<String ID="string_82" HPOS="220" VPOS="592" WIDTH="73" HEIGHT="27" WC="0.96" CONTENT="grund"/><SP WIDTH="26" VPOS="592" HPOS="293"/>
							<String ID="string_83" HPOS="319" VPOS="592" WIDTH="25" HEIGHT="21" WC="0.96" CONTENT="af"/><SP WIDTH="22" VPOS="592" HPOS="344"/>
							<String ID="string_84" HPOS="366" VPOS="592" WIDTH="62" HEIGHT="21" WC="0.95" CONTENT="hvad"/><SP WIDTH="26" VPOS="592" HPOS="428"/>
							<String ID="string_85" HPOS="454" VPOS="592" WIDTH="98" HEIGHT="21" WC="0.94" CONTENT="sålunda"/><SP WIDTH="23" VPOS="592" HPOS="552"/>
							<String ID="string_86" HPOS="575" VPOS="592" WIDTH="87" HEIGHT="21" WC="0.96" CONTENT="anförts"/><SP WIDTH="23" VPOS="592" HPOS="662"/>
							<String ID="string_87" HPOS="685" VPOS="592" WIDTH="35" HEIGHT="20" WC="0.95" CONTENT="får"/><SP WIDTH="22" VPOS="592" HPOS="720"/>
							<String ID="string_88" HPOS="742" VPOS="591" WIDTH="109" HEIGHT="21" WC="0.95" CONTENT="utskottet"/>
						</TextLine>
						<TextLine ID="line_12" HPOS="92" VPOS="626" WIDTH="225" HEIGHT="22">
							<String ID="string_89" HPOS="92" VPOS="627" WIDTH="118" HEIGHT="21" WC="0.92" CONTENT="vördsamt"/><SP WIDTH="14" VPOS="627" HPOS="210"/>
							<String ID="string_90" HPOS="224" VPOS="626" WIDTH="93" HEIGHT="21" WC="0.70" CONTENT="föreslå:"/>
						</TextLine>
					</TextBlock>
				</ComposedBlock>
				<ComposedBlock ID="cblock_2" HPOS="298" VPOS="717" WIDTH="555" HEIGHT="130">
					<TextBlock ID="block_4" HPOS="298" VPOS="717" WIDTH="555" HEIGHT="130">
						<TextLine ID="line_13" HPOS="369" VPOS="717" WIDTH="483" HEIGHT="28">
							<String ID="string_91" HPOS="369" VPOS="719" WIDTH="32" HEIGHT="19" WC="0.92" CONTENT="att"/><SP WIDTH="15" VPOS="719" HPOS="401"/>
							<String ID="string_92" HPOS="416" VPOS="718" WIDTH="125" HEIGHT="21" WC="0.92" CONTENT="Ständerna"/><SP WIDTH="17" VPOS="718" HPOS="541"/>
							<String ID="string_93" HPOS="558" VPOS="718" WIDTH="48" HEIGHT="21" WC="0.95" CONTENT="ville"/><SP WIDTH="14" VPOS="718" HPOS="606"/>
							<String ID="string_94" HPOS="620" VPOS="718" WIDTH="36" HEIGHT="27" WC="0.96" CONTENT="för"/><SP WIDTH="15" VPOS="718" HPOS="656"/>
							<String ID="string_95" HPOS="671" VPOS="717" WIDTH="34" HEIGHT="21" WC="0.96" CONTENT="sin"/><SP WIDTH="16" VPOS="717" HPOS="705"/>
							<String ID="string_96" HPOS="721" VPOS="717" WIDTH="34" HEIGHT="20" WC="0.96" CONTENT="del"/><SP WIDTH="14" VPOS="717" HPOS="755"/>
							<String ID="string_97" HPOS="769" VPOS="719" WIDTH="83" HEIGHT="24" WC="0.96" CONTENT="antaga"/>
						</TextLine>
						<TextLine ID="line_14" HPOS="298" VPOS="751" WIDTH="555" HEIGHT="28">
							<String ID="string_98" HPOS="298" VPOS="752" WIDTH="41" HEIGHT="20" WC="0.95" CONTENT="och"/><SP WIDTH="23" VPOS="752" HPOS="339"/>
							<String ID="string_99" HPOS="362" VPOS="752" WIDTH="32" HEIGHT="20" WC="0.94" CONTENT="till"/><SP WIDTH="20" VPOS="752" HPOS="394"/>
							<String ID="string_100" HPOS="414" VPOS="753" WIDTH="66" HEIGHT="20" WC="0.95" CONTENT="Hans"/><SP WIDTH="21" VPOS="753" HPOS="480"/>
							<String ID="string_101" HPOS="501" VPOS="752" WIDTH="117" HEIGHT="27" WC="0.96" CONTENT="Kejserliga"/><SP WIDTH="22" VPOS="752" HPOS="618"/>
							<String ID="string_102" HPOS="640" VPOS="752" WIDTH="110" HEIGHT="27" WC="0.95" CONTENT="Majestäts"/><SP WIDTH="20" VPOS="752" HPOS="750"/>
							<String ID="string_103" HPOS="770" VPOS="751" WIDTH="83" HEIGHT="26" WC="0.96" CONTENT="nådiga"/>
						</TextLine>
						<TextLine ID="line_15" HPOS="298" VPOS="786" WIDTH="555" HEIGHT="27">
							<String ID="string_104" HPOS="298" VPOS="786" WIDTH="165" HEIGHT="27" WC="0.96" CONTENT="godkännande"/><SP WIDTH="23" VPOS="786" HPOS="463"/>
							<String ID="string_105" HPOS="486" VPOS="787" WIDTH="7" HEIGHT="20" WC="0.92" CONTENT="i"/><SP WIDTH="23" VPOS="787" HPOS="493"/>
							<String ID="string_106" HPOS="516" VPOS="786" WIDTH="174" HEIGHT="27" WC="0.91" CONTENT="underdånighet"/><SP WIDTH="24" VPOS="786" HPOS="690"/>
							<String ID="string_107" HPOS="714" VPOS="786" WIDTH="139" HEIGHT="27" WC="0.91" CONTENT="öfverlemn"/><SP WIDTH="-14" VPOS="786" HPOS="853"/>
							<String ID="string_108" HPOS="839" VPOS="782" WIDTH="17" HEIGHT="37" WC="0.95" CONTENT="a"/>
						</TextLine>
						<TextLine ID="line_16" HPOS="299" VPOS="821" WIDTH="174" HEIGHT="26">
							<String ID="string_109" HPOS="299" VPOS="827" WIDTH="26" HEIGHT="14" WC="0.93" CONTENT="en"/><SP WIDTH="16" VPOS="827" HPOS="325"/>
							<String ID="string_110" HPOS="341" VPOS="821" WIDTH="132" HEIGHT="26" WC="0.92" CONTENT="sålydande:"/>
						</TextLine>
					</TextBlock>
				</ComposedBlock>
				<ComposedBlock ID="cblock_3" HPOS="300" VPOS="875" WIDTH="555" HEIGHT="166">
					<TextBlock ID="block_5" HPOS="300" VPOS="875" WIDTH="555" HEIGHT="166">
						<TextLine ID="line_17" HPOS="370" VPOS="875" WIDTH="485" HEIGHT="29">
							<String ID="string_111" HPOS="370" VPOS="876" WIDTH="166" HEIGHT="28" WC="0.96" CONTENT="Förordning,"/><SP WIDTH="27" VPOS="876" HPOS="536"/>
							<String ID="string_112" HPOS="563" VPOS="876" WIDTH="171" HEIGHT="22" WC="0.92" CONTENT="innefattande"/><SP WIDTH="29" VPOS="876" HPOS="734"/>
							<String ID="string_113" HPOS="763" VPOS="875" WIDTH="92" HEIGHT="23" WC="0.87" CONTENT="förkla-"/>
						</TextLine>
						<TextLine ID="line_18" HPOS="300" VPOS="909" WIDTH="554" HEIGHT="29">
							<String ID="string_114" HPOS="300" VPOS="911" WIDTH="56" HEIGHT="27" WC="0.96" CONTENT="ring"/><SP WIDTH="21" VPOS="911" HPOS="356"/>
							<String ID="string_115" HPOS="377" VPOS="910" WIDTH="28" HEIGHT="22" WC="0.95" CONTENT="af"/><SP WIDTH="17" VPOS="910" HPOS="405"/>
							<String ID="string_116" HPOS="422" VPOS="910" WIDTH="180" HEIGHT="28" WC="0.96" CONTENT="förordningen"/><SP WIDTH="26" VPOS="910" HPOS="602"/>
							<String ID="string_117" HPOS="628" VPOS="910" WIDTH="125" HEIGHT="27" WC="0.92" CONTENT="angående"/><SP WIDTH="25" VPOS="910" HPOS="753"/>
							<String ID="string_118" HPOS="778" VPOS="909" WIDTH="76" HEIGHT="27" WC="0.92" CONTENT="regle-"/>
						</TextLine>
						<TextLine ID="line_19" HPOS="300" VPOS="944" WIDTH="555" HEIGHT="29">
							<String ID="string_119" HPOS="300" VPOS="945" WIDTH="56" HEIGHT="28" WC="0.96" CONTENT="ring"/><SP WIDTH="15" VPOS="945" HPOS="356"/>
							<String ID="string_120" HPOS="371" VPOS="944" WIDTH="28" HEIGHT="23" WC="0.93" CONTENT="af"/><SP WIDTH="12" VPOS="944" HPOS="399"/>
							<String ID="string_121" HPOS="411" VPOS="946" WIDTH="196" HEIGHT="27" WC="0.91" CONTENT="presterskapets"/><SP WIDTH="16" VPOS="946" HPOS="607"/>
							<String ID="string_122" HPOS="623" VPOS="945" WIDTH="106" HEIGHT="27" WC="0.92" CONTENT="aflöning"/><SP WIDTH="13" VPOS="945" HPOS="729"/>
							<String ID="string_123" HPOS="742" VPOS="944" WIDTH="113" HEIGHT="22" WC="0.91" CONTENT="ilandets"/>
						</TextLine>
						<TextLine ID="line_20" HPOS="300" VPOS="977" WIDTH="555" HEIGHT="30">
							<String ID="string_124" HPOS="300" VPOS="980" WIDTH="279" HEIGHT="27" WC="0.91" CONTENT="evangelisk-lutherska"/><SP WIDTH="24" VPOS="980" HPOS="579"/>
							<String ID="string_125" HPOS="603" VPOS="979" WIDTH="183" HEIGHT="28" WC="0.92" CONTENT="församlingar,"/><SP WIDTH="24" VPOS="979" HPOS="786"/>
							<String ID="string_126" HPOS="810" VPOS="977" WIDTH="45" HEIGHT="28" WC="0.92" CONTENT="gif-"/>
						</TextLine>
						<TextLine ID="line_21" HPOS="300" VPOS="1013" WIDTH="346" HEIGHT="28">
							<String ID="string_127" HPOS="300" VPOS="1020" WIDTH="47" HEIGHT="16" WC="0.96" CONTENT="ven"/><SP WIDTH="16" VPOS="1020" HPOS="347"/>
							<String ID="string_128" HPOS="363" VPOS="1014" WIDTH="48" HEIGHT="22" WC="0.96" CONTENT="den"/><SP WIDTH="16" VPOS="1014" HPOS="411"/>
							<String ID="string_129" HPOS="427" VPOS="1014" WIDTH="14" HEIGHT="22" WC="0.94" CONTENT="5"/><SP WIDTH="16" VPOS="1014" HPOS="441"/>
							<String ID="string_130" HPOS="457" VPOS="1014" WIDTH="106" HEIGHT="27" WC="0.96" CONTENT="Augusti"/><SP WIDTH="15" VPOS="1014" HPOS="563"/>
							<String ID="string_131" HPOS="578" VPOS="1013" WIDTH="68" HEIGHT="23" WC="0.95" CONTENT="1886."/>
						</TextLine>
					</TextBlock>
				</ComposedBlock>
				<ComposedBlock ID="cblock_4" HPOS="170" VPOS="1065" WIDTH="698" HEIGHT="482">
					<TextBlock ID="block_6" HPOS="300" VPOS="1065" WIDTH="558" HEIGHT="166">
						<TextLine ID="line_22" HPOS="358" VPOS="1065" WIDTH="498" HEIGHT="28">
							<String ID="string_132" HPOS="358" VPOS="1066" WIDTH="102" HEIGHT="21" WC="0.93" CONTENT="Härmed"/><SP WIDTH="15" VPOS="1066" HPOS="460"/>
							<String ID="string_133" HPOS="475" VPOS="1067" WIDTH="77" HEIGHT="20" WC="0.91" CONTENT="varder"/><SP WIDTH="14" VPOS="1067" HPOS="552"/>
							<String ID="string_134" HPOS="566" VPOS="1066" WIDTH="129" HEIGHT="27" WC="0.91" CONTENT="förklaradt,"/><SP WIDTH="12" VPOS="1066" HPOS="695"/>
							<String ID="string_135" HPOS="707" VPOS="1067" WIDTH="31" HEIGHT="18" WC="0.96" CONTENT="att"/><SP WIDTH="11" VPOS="1067" HPOS="738"/>
							<String ID="string_136" HPOS="749" VPOS="1065" WIDTH="36" HEIGHT="20" WC="0.93" CONTENT="vid"/><SP WIDTH="11" VPOS="1065" HPOS="785"/>
							<String ID="string_137" HPOS="796" VPOS="1065" WIDTH="60" HEIGHT="20" WC="0.92" CONTENT="verk-"/>
						</TextLine>
						<TextLine ID="line_23" HPOS="300" VPOS="1099" WIDTH="557" HEIGHT="29">
							<String ID="string_138" HPOS="300" VPOS="1101" WIDTH="116" HEIGHT="20" WC="0.91" CONTENT="ställandet"/><SP WIDTH="23" VPOS="1101" HPOS="416"/>
							<String ID="string_139" HPOS="439" VPOS="1101" WIDTH="29" HEIGHT="27" WC="0.96" CONTENT="af"/><SP WIDTH="18" VPOS="1101" HPOS="468"/>
							<String ID="string_140" HPOS="486" VPOS="1101" WIDTH="40" HEIGHT="20" WC="0.96" CONTENT="den"/><SP WIDTH="24" VPOS="1101" HPOS="526"/>
							<String ID="string_141" HPOS="550" VPOS="1100" WIDTH="7" HEIGHT="21" WC="0.95" CONTENT="i"/><SP WIDTH="17" VPOS="1100" HPOS="557"/>
							<String ID="string_142" HPOS="574" VPOS="1100" WIDTH="158" HEIGHT="27" WC="0.95" CONTENT="förordningen"/><SP WIDTH="16" VPOS="1100" HPOS="732"/>
							<String ID="string_143" HPOS="748" VPOS="1099" WIDTH="27" HEIGHT="28" WC="0.95" CONTENT="af"/><SP WIDTH="11" VPOS="1099" HPOS="775"/>
							<String ID="string_144" HPOS="786" VPOS="1099" WIDTH="41" HEIGHT="20" WC="0.96" CONTENT="den"/><SP WIDTH="17" VPOS="1099" HPOS="827"/>
							<String ID="string_145" HPOS="844" VPOS="1100" WIDTH="13" HEIGHT="19" WC="0.96" CONTENT="5"/>
						</TextLine>
						<TextLine ID="line_24" HPOS="300" VPOS="1134" WIDTH="558" HEIGHT="29">
							<String ID="string_146" HPOS="300" VPOS="1135" WIDTH="93" HEIGHT="27" WC="0.94" CONTENT="Augusti"/><SP WIDTH="16" VPOS="1135" HPOS="393"/>
							<String ID="string_147" HPOS="409" VPOS="1135" WIDTH="58" HEIGHT="20" WC="0.96" CONTENT="1886"/><SP WIDTH="13" VPOS="1135" HPOS="467"/>
							<String ID="string_148" HPOS="480" VPOS="1135" WIDTH="115" HEIGHT="28" WC="0.96" CONTENT="påbjudna"/><SP WIDTH="16" VPOS="1135" HPOS="595"/>
							<String ID="string_149" HPOS="611" VPOS="1134" WIDTH="106" HEIGHT="28" WC="0.96" CONTENT="reglering"/><SP WIDTH="16" VPOS="1134" HPOS="717"/>
							<String ID="string_150" HPOS="733" VPOS="1134" WIDTH="26" HEIGHT="27" WC="0.93" CONTENT="af"/><SP WIDTH="7" VPOS="1134" HPOS="759"/>
							<String ID="string_151" HPOS="766" VPOS="1135" WIDTH="92" HEIGHT="26" WC="0.92" CONTENT="prester-"/>
						</TextLine>
						<TextLine ID="line_25" HPOS="301" VPOS="1167" WIDTH="556" HEIGHT="30">
							<String ID="string_152" HPOS="301" VPOS="1170" WIDTH="85" HEIGHT="27" WC="0.92" CONTENT="skapets"/><SP WIDTH="13" VPOS="1170" HPOS="386"/>
							<String ID="string_153" HPOS="399" VPOS="1169" WIDTH="102" HEIGHT="28" WC="0.92" CONTENT="aflöning"/><SP WIDTH="17" VPOS="1169" HPOS="501"/>
							<String ID="string_154" HPOS="518" VPOS="1169" WIDTH="6" HEIGHT="21" WC="0.96" CONTENT="i"/><SP WIDTH="16" VPOS="1169" HPOS="524"/>
							<String ID="string_155" HPOS="540" VPOS="1169" WIDTH="83" HEIGHT="21" WC="0.93" CONTENT="landets"/><SP WIDTH="18" VPOS="1169" HPOS="623"/>
							<String ID="string_156" HPOS="641" VPOS="1167" WIDTH="216" HEIGHT="28" WC="0.91" CONTENT="evangelisk-luther-"/>
						</TextLine>
						<TextLine ID="line_26" HPOS="302" VPOS="1203" WIDTH="420" HEIGHT="28">
							<String ID="string_157" HPOS="302" VPOS="1205" WIDTH="39" HEIGHT="20" WC="0.95" CONTENT="ska"/><SP WIDTH="15" VPOS="1205" HPOS="341"/>
							<String ID="string_158" HPOS="356" VPOS="1204" WIDTH="162" HEIGHT="27" WC="0.95" CONTENT="församlingar"/><SP WIDTH="14" VPOS="1204" HPOS="518"/>
							<String ID="string_159" HPOS="532" VPOS="1204" WIDTH="57" HEIGHT="20" WC="0.96" CONTENT="skall"/><SP WIDTH="15" VPOS="1204" HPOS="589"/>
							<String ID="string_160" HPOS="604" VPOS="1203" WIDTH="118" HEIGHT="27" WC="0.96" CONTENT="iakttagas:"/>
						</TextLine>
					</TextBlock>
					<TextBlock ID="block_7" HPOS="302" VPOS="1236" WIDTH="566" HEIGHT="269">
						<TextLine ID="line_27" HPOS="373" VPOS="1236" WIDTH="486" HEIGHT="29">
							<String ID="string_161" HPOS="373" VPOS="1240" WIDTH="36" HEIGHT="23" WC="0.96" CONTENT="att,"/><SP WIDTH="13" VPOS="1240" HPOS="409"/>
							<String ID="string_162" HPOS="422" VPOS="1238" WIDTH="38" HEIGHT="21" WC="0.93" CONTENT="vid"/><SP WIDTH="12" VPOS="1238" HPOS="460"/>
							<String ID="string_163" HPOS="472" VPOS="1238" WIDTH="153" HEIGHT="27" WC="0.92" CONTENT="beräknandet"/><SP WIDTH="6" VPOS="1238" HPOS="625"/>
							<String ID="string_164" HPOS="631" VPOS="1237" WIDTH="27" HEIGHT="28" WC="0.96" CONTENT="af"/><SP WIDTH="9" VPOS="1237" HPOS="658"/>
							<String ID="string_165" HPOS="667" VPOS="1237" WIDTH="35" HEIGHT="20" WC="0.93" CONTENT="det"/><SP WIDTH="11" VPOS="1237" HPOS="702"/>
							<String ID="string_166" HPOS="713" VPOS="1236" WIDTH="146" HEIGHT="27" WC="0.91" CONTENT="medelbelopp"/>
						</TextLine>
						<TextLine ID="line_28" HPOS="302" VPOS="1269" WIDTH="557" HEIGHT="30">
							<String ID="string_167" HPOS="302" VPOS="1273" WIDTH="40" HEIGHT="20" WC="0.96" CONTENT="och"/><SP WIDTH="17" VPOS="1273" HPOS="342"/>
							<String ID="string_168" HPOS="359" VPOS="1273" WIDTH="66" HEIGHT="20" WC="0.96" CONTENT="värde"/><SP WIDTH="15" VPOS="1273" HPOS="425"/>
							<String ID="string_169" HPOS="440" VPOS="1273" WIDTH="38" HEIGHT="26" WC="0.96" CONTENT="för"/><SP WIDTH="14" VPOS="1273" HPOS="478"/>
							<String ID="string_170" HPOS="492" VPOS="1273" WIDTH="82" HEIGHT="20" WC="0.96" CONTENT="senaste"/><SP WIDTH="16" VPOS="1273" HPOS="574"/>
							<String ID="string_171" HPOS="590" VPOS="1272" WIDTH="28" HEIGHT="20" WC="0.96" CONTENT="tio"/><SP WIDTH="14" VPOS="1272" HPOS="618"/>
							<String ID="string_172" HPOS="632" VPOS="1272" WIDTH="27" HEIGHT="20" WC="0.96" CONTENT="år"/><SP WIDTH="12" VPOS="1272" HPOS="659"/>
							<String ID="string_173" HPOS="671" VPOS="1271" WIDTH="28" HEIGHT="28" WC="0.93" CONTENT="af"/><SP WIDTH="4" VPOS="1271" HPOS="699"/>
							<String ID="string_174" HPOS="703" VPOS="1269" WIDTH="156" HEIGHT="30" WC="0.91" CONTENT="påskpennin-"/>
						</TextLine>
						<TextLine ID="line_29" HPOS="302" VPOS="1304" WIDTH="559" HEIGHT="30">
							<String ID="string_175" HPOS="302" VPOS="1314" WIDTH="47" HEIGHT="20" WC="0.96" CONTENT="gar,"/><SP WIDTH="22" VPOS="1314" HPOS="349"/>
							<String ID="string_176" HPOS="371" VPOS="1307" WIDTH="142" HEIGHT="27" WC="0.93" CONTENT="dagsverken,"/><SP WIDTH="19" VPOS="1307" HPOS="513"/>
							<String ID="string_177" HPOS="532" VPOS="1307" WIDTH="103" HEIGHT="19" WC="0.92" CONTENT="matskott"/><SP WIDTH="13" VPOS="1307" HPOS="635"/>
							<String ID="string_178" HPOS="648" VPOS="1307" WIDTH="59" HEIGHT="19" WC="0.93" CONTENT="samt"/><SP WIDTH="14" VPOS="1307" HPOS="707"/>
							<String ID="string_179" HPOS="721" VPOS="1305" WIDTH="87" HEIGHT="27" WC="0.92" CONTENT="afgifter"/><SP WIDTH="15" VPOS="1305" HPOS="808"/>
							<String ID="string_180" HPOS="823" VPOS="1304" WIDTH="38" HEIGHT="26" WC="0.96" CONTENT="för"/>
						</TextLine>
						<TextLine ID="line_30" HPOS="304" VPOS="1337" WIDTH="555" HEIGHT="31">
							<String ID="string_181" HPOS="304" VPOS="1341" WIDTH="71" HEIGHT="21" WC="0.92" CONTENT="likstol"/><SP WIDTH="14" VPOS="1341" HPOS="375"/>
							<String ID="string_182" HPOS="389" VPOS="1341" WIDTH="42" HEIGHT="20" WC="0.93" CONTENT="och"/><SP WIDTH="18" VPOS="1341" HPOS="431"/>
							<String ID="string_183" HPOS="449" VPOS="1340" WIDTH="195" HEIGHT="28" WC="0.91" CONTENT="barnaföderskors"/><SP WIDTH="10" VPOS="1340" HPOS="644"/>
							<String ID="string_184" HPOS="654" VPOS="1340" WIDTH="136" HEIGHT="26" WC="0.91" CONTENT="kyrkogång,"/><SP WIDTH="13" VPOS="1340" HPOS="790"/>
							<String ID="string_185" HPOS="803" VPOS="1337" WIDTH="56" HEIGHT="21" WC="0.92" CONTENT="hvil-"/>
						</TextLine>
						<TextLine ID="line_31" HPOS="303" VPOS="1372" WIDTH="557" HEIGHT="30">
							<String ID="string_186" HPOS="303" VPOS="1376" WIDTH="35" HEIGHT="20" WC="0.96" CONTENT="ket"/><SP WIDTH="14" VPOS="1376" HPOS="338"/>
							<String ID="string_187" HPOS="352" VPOS="1375" WIDTH="68" HEIGHT="27" WC="0.96" CONTENT="enligt"/><SP WIDTH="16" VPOS="1375" HPOS="420"/>
							<String ID="string_188" HPOS="436" VPOS="1376" WIDTH="28" HEIGHT="19" WC="0.93" CONTENT="10"/><SP WIDTH="16" VPOS="1376" HPOS="464"/>
							<String ID="string_189" HPOS="480" VPOS="1374" WIDTH="14" HEIGHT="28" WC="0.93" CONTENT="$"/><SP WIDTH="16" VPOS="1374" HPOS="494"/>
							<String ID="string_190" HPOS="510" VPOS="1375" WIDTH="23" HEIGHT="27" WC="0.96" CONTENT="af"/><SP WIDTH="15" VPOS="1375" HPOS="533"/>
							<String ID="string_191" HPOS="548" VPOS="1374" WIDTH="158" HEIGHT="28" WC="0.96" CONTENT="förordningen"/><SP WIDTH="15" VPOS="1374" HPOS="706"/>
							<String ID="string_192" HPOS="721" VPOS="1373" WIDTH="58" HEIGHT="21" WC="0.93" CONTENT="skall"/><SP WIDTH="19" VPOS="1373" HPOS="779"/>
							<String ID="string_193" HPOS="798" VPOS="1372" WIDTH="62" HEIGHT="26" WC="0.92" CONTENT="utby-"/>
						</TextLine>
						<TextLine ID="line_32" HPOS="304" VPOS="1405" WIDTH="559" HEIGHT="31">
							<String ID="string_194" HPOS="304" VPOS="1412" WIDTH="33" HEIGHT="19" WC="0.95" CONTENT="tas"/><SP WIDTH="23" VPOS="1412" HPOS="337"/>
							<String ID="string_195" HPOS="360" VPOS="1411" WIDTH="58" HEIGHT="19" WC="0.95" CONTENT="emot"/><SP WIDTH="26" VPOS="1411" HPOS="418"/>
							<String ID="string_196" HPOS="444" VPOS="1409" WIDTH="112" HEIGHT="21" WC="0.93" CONTENT="bestämda"/><SP WIDTH="21" VPOS="1409" HPOS="556"/>
							<String ID="string_197" HPOS="577" VPOS="1408" WIDTH="113" HEIGHT="28" WC="0.91" CONTENT="personela"/><SP WIDTH="24" VPOS="1408" HPOS="690"/>
							<String ID="string_198" HPOS="714" VPOS="1406" WIDTH="113" HEIGHT="28" WC="0.91" CONTENT="utskylder,"/><SP WIDTH="28" VPOS="1406" HPOS="827"/>
							<String ID="string_199" HPOS="855" VPOS="1405" WIDTH="8" HEIGHT="21" WC="0.95" CONTENT="i"/>
						</TextLine>
						<TextLine ID="line_33" HPOS="304" VPOS="1440" WIDTH="557" HEIGHT="30">
							<String ID="string_200" HPOS="304" VPOS="1444" WIDTH="102" HEIGHT="21" WC="0.92" CONTENT="nämnda"/><SP WIDTH="13" VPOS="1444" HPOS="406"/>
							<String ID="string_201" HPOS="419" VPOS="1444" WIDTH="147" HEIGHT="26" WC="0.92" CONTENT="medelbelopp"/><SP WIDTH="16" VPOS="1444" HPOS="566"/>
							<String ID="string_202" HPOS="582" VPOS="1443" WIDTH="40" HEIGHT="20" WC="0.96" CONTENT="och"/><SP WIDTH="12" VPOS="1443" HPOS="622"/>
							<String ID="string_203" HPOS="634" VPOS="1442" WIDTH="65" HEIGHT="21" WC="0.96" CONTENT="värde"/><SP WIDTH="12" VPOS="1442" HPOS="699"/>
							<String ID="string_204" HPOS="711" VPOS="1442" WIDTH="61" HEIGHT="20" WC="0.93" CONTENT="skola"/><SP WIDTH="14" VPOS="1442" HPOS="772"/>
							<String ID="string_205" HPOS="786" VPOS="1440" WIDTH="75" HEIGHT="21" WC="0.92" CONTENT="inräk-"/>
						</TextLine>
						<TextLine ID="line_34" HPOS="305" VPOS="1474" WIDTH="563" HEIGHT="31">
							<String ID="string_206" HPOS="305" VPOS="1485" WIDTH="42" HEIGHT="14" WC="0.96" CONTENT="nas"/><SP WIDTH="9" VPOS="1485" HPOS="347"/>
							<String ID="string_207" HPOS="356" VPOS="1478" WIDTH="92" HEIGHT="27" WC="0.96" CONTENT="jämväl"/><SP WIDTH="20" VPOS="1478" HPOS="448"/>
							<String ID="string_208" HPOS="468" VPOS="1478" WIDTH="25" HEIGHT="21" WC="0.91" CONTENT="de"/><SP WIDTH="15" VPOS="1478" HPOS="493"/>
							<String ID="string_209" HPOS="508" VPOS="1477" WIDTH="92" HEIGHT="28" WC="0.91" CONTENT="afgifter,"/><SP WIDTH="16" VPOS="1477" HPOS="600"/>
							<String ID="string_210" HPOS="616" VPOS="1476" WIDTH="76" HEIGHT="21" WC="0.96" CONTENT="hvilka"/><SP WIDTH="13" VPOS="1476" HPOS="692"/>
							<String ID="string_211" HPOS="705" VPOS="1476" WIDTH="31" HEIGHT="27" WC="0.96" CONTENT="på"/><SP WIDTH="15" VPOS="1476" HPOS="736"/>
							<String ID="string_212" HPOS="751" VPOS="1474" WIDTH="74" HEIGHT="29" WC="0.96" CONTENT="grund"/><SP WIDTH="14" VPOS="1474" HPOS="825"/>
							<String ID="string_213" HPOS="839" VPOS="1474" WIDTH="29" HEIGHT="27" WC="0.95" CONTENT="af"/>
						</TextLine>
					</TextBlock>
					<TextBlock ID="block_8" HPOS="170" VPOS="1521" WIDTH="504" HEIGHT="26">
						<TextLine ID="line_35" HPOS="170" VPOS="1521" WIDTH="504" HEIGHT="26">
							<String ID="string_214" HPOS="170" VPOS="1525" WIDTH="48" HEIGHT="22" WC="0.92" CONTENT="Lag-"/><SP WIDTH="12" VPOS="1525" HPOS="218"/>
							<String ID="string_215" HPOS="230" VPOS="1524" WIDTH="33" HEIGHT="18" WC="0.93" CONTENT="och"/><SP WIDTH="12" VPOS="1524" HPOS="263"/>
							<String ID="string_216" HPOS="275" VPOS="1523" WIDTH="185" HEIGHT="18" WC="0.89" CONTENT="Ekonomiutskottets"/><SP WIDTH="14" VPOS="1523" HPOS="460"/>
							<String ID="string_217" HPOS="474" VPOS="1522" WIDTH="110" HEIGHT="19" WC="0.96" CONTENT="betänkande"/><SP WIDTH="14" VPOS="1522" HPOS="584"/>
							<String ID="string_218" HPOS="598" VPOS="1524" WIDTH="33" HEIGHT="15" WC="0.94" CONTENT="N:o"/><SP WIDTH="13" VPOS="1524" HPOS="631"/>
							<String ID="string_219" HPOS="644" VPOS="1521" WIDTH="30" HEIGHT="18" WC="0.96" CONTENT="16."/>
						</TextLine>
					</TextBlock>
				</ComposedBlock>
			</PrintSpace>
		</Page>
	</Layout>
</alto>
