<?xml version="1.0" encoding="UTF-8"?>
<alto xmlns="http://www.loc.gov/standards/alto/ns-v3#" xmlns:xlink="http://www.w3.org/1999/xlink" xmlns:xsi="http://www.w3.org/2001/XMLSchema-instance" xsi:schemaLocation="http://www.loc.gov/standards/alto/ns-v3# http://www.loc.gov/alto/v3/alto-3-0.xsd">
	<Description>
		<MeasurementUnit>pixel</MeasurementUnit>
		<sourceImageInformation>
			<fileName>/tmp/tess_sz03yxpj_input.PNG</fileName>
		</sourceImageInformation>
		<OCRProcessing ID="OCR_0">
			<ocrProcessingStep>
				<processingSoftware>
					<softwareName>tesseract 5.3.4</softwareName>
				</processingSoftware>
			</ocrProcessingStep>
		</OCRProcessing>
	</Description>
	<Layout>
		<Page WIDTH="1070" HEIGHT="1736" PHYSICAL_IMG_NR="0" ID="page_0">
			<PrintSpace HPOS="0" VPOS="0" WIDTH="1070" HEIGHT="1736">
				<ComposedBlock ID="cblock_0" HPOS="385" VPOS="161" WIDTH="496" HEIGHT="22">
					<TextBlock ID="block_0" HPOS="385" VPOS="161" WIDTH="496" HEIGHT="22">
						<TextLine ID="line_0" HPOS="385" VPOS="161" WIDTH="496" HEIGHT="22">
							<String ID="string_0" HPOS="385" VPOS="161" WIDTH="140" HEIGHT="22" WC="0.96" CONTENT="Reservation"/><SP WIDTH="18" VPOS="161" HPOS="525"/>
							<String ID="string_1" HPOS="543" VPOS="161" WIDTH="36" HEIGHT="22" WC="0.96" CONTENT="N:o"/><SP WIDTH="17" VPOS="161" HPOS="579"/>
							<String ID="string_2" HPOS="596" VPOS="161" WIDTH="21" HEIGHT="22" WC="0.96" CONTENT="3."/><SP WIDTH="238" VPOS="161" HPOS="617"/>
							<String ID="string_3" HPOS="855" VPOS="163" WIDTH="26" HEIGHT="20" WC="0.95" CONTENT="15"/>
						</TextLine>
					</TextBlock>
				</ComposedBlock>
				<ComposedBlock ID="cblock_1" HPOS="123" VPOS="226" WIDTH="760" HEIGHT="315">
					<TextBlock ID="block_1" HPOS="123" VPOS="226" WIDTH="760" HEIGHT="207">
						<TextLine ID="line_1" HPOS="124" VPOS="226" WIDTH="759" HEIGHT="30">
							<String ID="string_4" HPOS="124" VPOS="226" WIDTH="84" HEIGHT="22" WC="0.96" CONTENT="tillfälle"/><SP WIDTH="16" VPOS="226" HPOS="208"/>
							<String ID="string_5" HPOS="224" VPOS="229" WIDTH="32" HEIGHT="19" WC="0.93" CONTENT="att"/><SP WIDTH="15" VPOS="229" HPOS="256"/>
							<String ID="string_6" HPOS="271" VPOS="226" WIDTH="76" HEIGHT="22" WC="0.93" CONTENT="utöfva"/><SP WIDTH="15" VPOS="226" HPOS="347"/>
							<String ID="string_7" HPOS="362" VPOS="226" WIDTH="104" HEIGHT="22" WC="0.92" CONTENT="invärkan"/><SP WIDTH="17" VPOS="226" HPOS="466"/>
							<String ID="string_8" HPOS="483" VPOS="226" WIDTH="91" HEIGHT="21" WC="0.96" CONTENT="utanför"/><SP WIDTH="19" VPOS="226" HPOS="574"/>
							<String ID="string_9" HPOS="593" VPOS="226" WIDTH="45" HEIGHT="21" WC="0.80" CONTENT="sina"/><SP WIDTH="15" VPOS="226" HPOS="638"/>
							<String ID="string_10" HPOS="653" VPOS="226" WIDTH="106" HEIGHT="29" WC="0.95" CONTENT="naturliga"/><SP WIDTH="16" VPOS="226" HPOS="759"/>
							<String ID="string_11" HPOS="775" VPOS="226" WIDTH="41" HEIGHT="22" WC="0.93" CONTENT="och"/><SP WIDTH="21" VPOS="226" HPOS="816"/>
							<String ID="string_12" HPOS="837" VPOS="227" WIDTH="46" HEIGHT="29" WC="0.91" CONTENT="lag-"/>
						</TextLine>
						<TextLine ID="line_2" HPOS="123" VPOS="262" WIDTH="758" HEIGHT="29">
							<String ID="string_13" HPOS="123" VPOS="262" WIDTH="44" HEIGHT="29" WC="0.96" CONTENT="liga"/><SP WIDTH="14" VPOS="262" HPOS="167"/>
							<String ID="string_14" HPOS="181" VPOS="264" WIDTH="88" HEIGHT="27" WC="0.95" CONTENT="gränser"/><SP WIDTH="15" VPOS="264" HPOS="269"/>
							<String ID="string_15" HPOS="284" VPOS="262" WIDTH="41" HEIGHT="22" WC="0.96" CONTENT="och"/><SP WIDTH="17" VPOS="262" HPOS="325"/>
							<String ID="string_16" HPOS="342" VPOS="262" WIDTH="110" HEIGHT="28" WC="0.94" CONTENT="samtidigt"/><SP WIDTH="15" VPOS="262" HPOS="452"/>
							<String ID="string_17" HPOS="467" VPOS="262" WIDTH="80" HEIGHT="28" WC="0.96" CONTENT="skapas"/><SP WIDTH="18" VPOS="262" HPOS="547"/>
							<String ID="string_18" HPOS="565" VPOS="262" WIDTH="8" HEIGHT="21" WC="0.96" CONTENT="i"/><SP WIDTH="16" VPOS="262" HPOS="573"/>
							<String ID="string_19" HPOS="589" VPOS="262" WIDTH="152" HEIGHT="28" WC="0.96" CONTENT="förordningen"/><SP WIDTH="15" VPOS="262" HPOS="741"/>
							<String ID="string_20" HPOS="756" VPOS="262" WIDTH="47" HEIGHT="22" WC="0.96" CONTENT="åter"/><SP WIDTH="15" VPOS="262" HPOS="803"/>
							<String ID="string_21" HPOS="818" VPOS="270" WIDTH="27" HEIGHT="14" WC="0.95" CONTENT="en"/><SP WIDTH="13" VPOS="270" HPOS="845"/>
							<String ID="string_22" HPOS="858" VPOS="263" WIDTH="23" HEIGHT="21" WC="0.96" CONTENT="af"/>
						</TextLine>
						<TextLine ID="line_3" HPOS="124" VPOS="297" WIDTH="757" HEIGHT="29">
							<String ID="string_23" HPOS="124" VPOS="297" WIDTH="64" HEIGHT="22" WC="0.96" CONTENT="dessa"/><SP WIDTH="16" VPOS="297" HPOS="188"/>
							<String ID="string_24" HPOS="204" VPOS="297" WIDTH="24" HEIGHT="22" WC="0.96" CONTENT="så"/><SP WIDTH="16" VPOS="297" HPOS="228"/>
							<String ID="string_25" HPOS="244" VPOS="298" WIDTH="84" HEIGHT="28" WC="0.93" CONTENT="vanliga"/><SP WIDTH="15" VPOS="298" HPOS="328"/>
							<String ID="string_26" HPOS="343" VPOS="297" WIDTH="116" HEIGHT="29" WC="0.92" CONTENT="bakvägar,"/><SP WIDTH="16" VPOS="297" HPOS="459"/>
							<String ID="string_27" HPOS="475" VPOS="297" WIDTH="25" HEIGHT="21" WC="0.96" CONTENT="af"/><SP WIDTH="16" VPOS="297" HPOS="500"/>
							<String ID="string_28" HPOS="516" VPOS="297" WIDTH="75" HEIGHT="22" WC="0.96" CONTENT="hvilka"/><SP WIDTH="10" VPOS="297" HPOS="591"/>
							<String ID="string_29" HPOS="601" VPOS="297" WIDTH="66" HEIGHT="22" WC="0.93" CONTENT="redan"/><SP WIDTH="10" VPOS="297" HPOS="667"/>
							<String ID="string_30" HPOS="677" VPOS="297" WIDTH="128" HEIGHT="29" WC="0.91" CONTENT="nugällande"/><SP WIDTH="13" VPOS="297" HPOS="805"/>
							<String ID="string_31" HPOS="818" VPOS="297" WIDTH="63" HEIGHT="22" WC="0.92" CONTENT="brän-"/>
						</TextLine>
						<TextLine ID="line_4" HPOS="125" VPOS="333" WIDTH="756" HEIGHT="29">
							<String ID="string_32" HPOS="125" VPOS="335" WIDTH="59" HEIGHT="20" WC="0.91" CONTENT="vins-"/><SP WIDTH="16" VPOS="335" HPOS="184"/>
							<String ID="string_33" HPOS="200" VPOS="333" WIDTH="40" HEIGHT="22" WC="0.93" CONTENT="och"/><SP WIDTH="15" VPOS="333" HPOS="240"/>
							<String ID="string_34" HPOS="255" VPOS="333" WIDTH="284" HEIGHT="29" WC="0.90" CONTENT="maltdrycksförordaingar"/><SP WIDTH="18" VPOS="333" HPOS="539"/>
							<String ID="string_35" HPOS="557" VPOS="333" WIDTH="87" HEIGHT="28" WC="0.92" CONTENT="hvimla,"/><SP WIDTH="17" VPOS="333" HPOS="644"/>
							<String ID="string_36" HPOS="661" VPOS="333" WIDTH="41" HEIGHT="22" WC="0.96" CONTENT="och"/><SP WIDTH="14" VPOS="333" HPOS="702"/>
							<String ID="string_37" HPOS="716" VPOS="341" WIDTH="77" HEIGHT="21" WC="0.96" CONTENT="genom"/><SP WIDTH="14" VPOS="341" HPOS="793"/>
							<String ID="string_38" HPOS="807" VPOS="334" WIDTH="74" HEIGHT="22" WC="0.96" CONTENT="hvilka"/>
						</TextLine>
						<TextLine ID="line_5" HPOS="124" VPOS="369" WIDTH="757" HEIGHT="30">
							<String ID="string_39" HPOS="124" VPOS="369" WIDTH="157" HEIGHT="29" WC="0.91" CONTENT="befrämjandet"/><SP WIDTH="23" VPOS="369" HPOS="281"/>
							<String ID="string_40" HPOS="304" VPOS="369" WIDTH="22" HEIGHT="22" WC="0.93" CONTENT="af"/><SP WIDTH="18" VPOS="369" HPOS="326"/>
							<String ID="string_41" HPOS="344" VPOS="369" WIDTH="148" HEIGHT="29" WC="0.91" CONTENT="nykterheten,"/><SP WIDTH="20" VPOS="369" HPOS="492"/>
							<String ID="string_42" HPOS="512" VPOS="376" WIDTH="47" HEIGHT="14" WC="0.95" CONTENT="som"/><SP WIDTH="23" VPOS="376" HPOS="559"/>
							<String ID="string_43" HPOS="582" VPOS="369" WIDTH="49" HEIGHT="21" WC="0.95" CONTENT="med"/><SP WIDTH="21" VPOS="369" HPOS="631"/>
							<String ID="string_44" HPOS="652" VPOS="369" WIDTH="64" HEIGHT="22" WC="0.96" CONTENT="dessa"/><SP WIDTH="15" VPOS="369" HPOS="716"/>
							<String ID="string_45" HPOS="731" VPOS="369" WIDTH="150" HEIGHT="30" WC="0.94" CONTENT="förordningar"/>
						</TextLine>
						<TextLine ID="line_6" HPOS="126" VPOS="405" WIDTH="632" HEIGHT="28">
							<String ID="string_46" HPOS="126" VPOS="405" WIDTH="64" HEIGHT="27" WC="0.90" CONTENT="afses,"/><SP WIDTH="16" VPOS="405" HPOS="190"/>
							<String ID="string_47" HPOS="206" VPOS="405" WIDTH="24" HEIGHT="22" WC="0.96" CONTENT="så"/><SP WIDTH="15" VPOS="405" HPOS="230"/>
							<String ID="string_48" HPOS="245" VPOS="405" WIDTH="45" HEIGHT="22" WC="0.95" CONTENT="ofta"/><SP WIDTH="16" VPOS="405" HPOS="290"/>
							<String ID="string_49" HPOS="306" VPOS="405" WIDTH="40" HEIGHT="22" WC="0.96" CONTENT="och"/><SP WIDTH="15" VPOS="405" HPOS="346"/>
							<String ID="string_50" HPOS="361" VPOS="406" WIDTH="8" HEIGHT="20" WC="0.96" CONTENT="i"/><SP WIDTH="16" VPOS="406" HPOS="369"/>
							<String ID="string_51" HPOS="385" VPOS="405" WIDTH="24" HEIGHT="22" WC="0.93" CONTENT="så"/><SP WIDTH="15" VPOS="405" HPOS="409"/>
							<String ID="string_52" HPOS="424" VPOS="405" WIDTH="83" HEIGHT="21" WC="0.92" CONTENT="känbar"/><SP WIDTH="15" VPOS="405" HPOS="507"/>
							<String ID="string_53" HPOS="522" VPOS="405" WIDTH="53" HEIGHT="28" WC="0.96" CONTENT="grad"/><SP WIDTH="19" VPOS="405" HPOS="575"/>
							<String ID="string_54" HPOS="594" VPOS="405" WIDTH="54" HEIGHT="22" WC="0.93" CONTENT="lider"/><SP WIDTH="15" VPOS="405" HPOS="648"/>
							<String ID="string_55" HPOS="663" VPOS="405" WIDTH="95" HEIGHT="22" WC="0.92" CONTENT="afbräck."/>
						</TextLine>
					</TextBlock>
					<TextBlock ID="block_2" HPOS="125" VPOS="440" WIDTH="756" HEIGHT="101">
						<TextLine ID="line_7" HPOS="197" VPOS="440" WIDTH="683" HEIGHT="30">
							<String ID="string_56" HPOS="197" VPOS="441" WIDTH="32" HEIGHT="22" WC="0.96" CONTENT="På"/><SP WIDTH="19" VPOS="441" HPOS="229"/>
							<String ID="string_57" HPOS="248" VPOS="441" WIDTH="69" HEIGHT="29" WC="0.96" CONTENT="grund"/><SP WIDTH="20" VPOS="441" HPOS="317"/>
							<String ID="string_58" HPOS="337" VPOS="441" WIDTH="23" HEIGHT="21" WC="0.96" CONTENT="af"/><SP WIDTH="21" VPOS="441" HPOS="360"/>
							<String ID="string_59" HPOS="381" VPOS="441" WIDTH="37" HEIGHT="21" WC="0.96" CONTENT="det"/><SP WIDTH="22" VPOS="441" HPOS="418"/>
							<String ID="string_60" HPOS="440" VPOS="441" WIDTH="67" HEIGHT="22" WC="0.95" CONTENT="ofvan"/><SP WIDTH="21" VPOS="441" HPOS="507"/>
							<String ID="string_61" HPOS="528" VPOS="440" WIDTH="91" HEIGHT="22" WC="0.96" CONTENT="anförda"/><SP WIDTH="20" VPOS="440" HPOS="619"/>
							<String ID="string_62" HPOS="639" VPOS="441" WIDTH="65" HEIGHT="28" WC="0.92" CONTENT="vågar"/><SP WIDTH="16" VPOS="441" HPOS="704"/>
							<String ID="string_63" HPOS="720" VPOS="441" WIDTH="110" HEIGHT="22" WC="0.92" CONTENT="vördsamt"/><SP WIDTH="14" VPOS="441" HPOS="830"/>
							<String ID="string_64" HPOS="844" VPOS="442" WIDTH="36" HEIGHT="28" WC="0.96" CONTENT="jag"/>
						</TextLine>
						<TextLine ID="line_8" HPOS="125" VPOS="476" WIDTH="756" HEIGHT="29">
							<String ID="string_65" HPOS="125" VPOS="478" WIDTH="119" HEIGHT="27" WC="0.92" CONTENT="hemställa,"/><SP WIDTH="20" VPOS="478" HPOS="244"/>
							<String ID="string_66" HPOS="264" VPOS="480" WIDTH="32" HEIGHT="19" WC="0.93" CONTENT="att"/><SP WIDTH="19" VPOS="480" HPOS="296"/>
							<String ID="string_67" HPOS="315" VPOS="477" WIDTH="119" HEIGHT="21" WC="0.92" CONTENT="Ständerna"/><SP WIDTH="18" VPOS="477" HPOS="434"/>
							<String ID="string_68" HPOS="452" VPOS="477" WIDTH="52" HEIGHT="22" WC="0.96" CONTENT="ville"/><SP WIDTH="21" VPOS="477" HPOS="504"/>
							<String ID="string_69" HPOS="525" VPOS="476" WIDTH="64" HEIGHT="29" WC="0.96" CONTENT="gifva"/><SP WIDTH="18" VPOS="476" HPOS="589"/>
							<String ID="string_70" HPOS="607" VPOS="477" WIDTH="67" HEIGHT="21" WC="0.96" CONTENT="andra"/><SP WIDTH="18" VPOS="477" HPOS="674"/>
							<String ID="string_71" HPOS="692" VPOS="480" WIDTH="117" HEIGHT="19" WC="0.96" CONTENT="momentet"/><SP WIDTH="15" VPOS="480" HPOS="809"/>
							<String ID="string_72" HPOS="824" VPOS="478" WIDTH="7" HEIGHT="20" WC="0.93" CONTENT="i"/><SP WIDTH="17" VPOS="478" HPOS="831"/>
							<String ID="string_73" HPOS="848" VPOS="481" WIDTH="33" HEIGHT="18" WC="0.92" CONTENT="ut-"/>
						</TextLine>
						<TextLine ID="line_9" HPOS="126" VPOS="512" WIDTH="534" HEIGHT="29">
							<String ID="string_74" HPOS="126" VPOS="513" WIDTH="92" HEIGHT="22" WC="0.92" CONTENT="skottets"/><SP WIDTH="17" VPOS="513" HPOS="218"/>
							<String ID="string_75" HPOS="235" VPOS="513" WIDTH="57" HEIGHT="22" WC="0.92" CONTENT="kläm"/><SP WIDTH="16" VPOS="513" HPOS="292"/>
							<String ID="string_76" HPOS="308" VPOS="513" WIDTH="94" HEIGHT="28" WC="0.93" CONTENT="följande"/><SP WIDTH="16" VPOS="513" HPOS="402"/>
							<String ID="string_77" HPOS="418" VPOS="512" WIDTH="131" HEIGHT="22" WC="0.92" CONTENT="förändrade"/><SP WIDTH="19" VPOS="512" HPOS="549"/>
							<String ID="string_78" HPOS="568" VPOS="512" WIDTH="92" HEIGHT="29" WC="0.92" CONTENT="lydelse:"/>
						</TextLine>
					</TextBlock>
				</ComposedBlock>
				<ComposedBlock ID="cblock_2" HPOS="341" VPOS="578" WIDTH="540" HEIGHT="278">
					<TextBlock ID="block_3" HPOS="341" VPOS="578" WIDTH="540" HEIGHT="278">
						<TextLine ID="line_10" HPOS="342" VPOS="578" WIDTH="539" HEIGHT="28">
							<String ID="string_79" HPOS="342" VPOS="579" WIDTH="99" HEIGHT="27" WC="0.94" CONTENT="bryggeri"/><SP WIDTH="22" VPOS="579" HPOS="441"/>
							<String ID="string_80" HPOS="463" VPOS="578" WIDTH="38" HEIGHT="27" WC="0.93" CONTENT="för"/><SP WIDTH="24" VPOS="578" HPOS="501"/>
							<String ID="string_81" HPOS="525" VPOS="578" WIDTH="143" HEIGHT="27" WC="0.90" CONTENT="tillvärkning"/><SP WIDTH="22" VPOS="578" HPOS="668"/>
							<String ID="string_82" HPOS="690" VPOS="578" WIDTH="28" HEIGHT="27" WC="0.93" CONTENT="af"/><SP WIDTH="19" VPOS="578" HPOS="718"/>
							<String ID="string_83" HPOS="737" VPOS="579" WIDTH="144" HEIGHT="27" WC="0.85" CONTENT="maltdrycker"/>
						</TextLine>
						<TextLine ID="line_11" HPOS="342" VPOS="613" WIDTH="537" HEIGHT="28">
							<String ID="string_84" HPOS="342" VPOS="615" WIDTH="36" HEIGHT="20" WC="0.49" CONTENT="må:"/><SP WIDTH="19" VPOS="615" HPOS="378"/>
							<String ID="string_85" HPOS="397" VPOS="614" WIDTH="45" HEIGHT="21" WC="0.88" CONTENT="icke"/><SP WIDTH="20" VPOS="614" HPOS="442"/>
							<String ID="string_86" HPOS="462" VPOS="614" WIDTH="31" HEIGHT="27" WC="0.96" CONTENT="pä"/><SP WIDTH="23" VPOS="614" HPOS="493"/>
							<String ID="string_87" HPOS="516" VPOS="614" WIDTH="73" HEIGHT="21" WC="0.96" CONTENT="landet"/><SP WIDTH="18" VPOS="614" HPOS="589"/>
							<String ID="string_88" HPOS="607" VPOS="613" WIDTH="101" HEIGHT="27" WC="0.93" CONTENT="inrättas,"/><SP WIDTH="17" VPOS="613" HPOS="708"/>
							<String ID="string_89" HPOS="725" VPOS="613" WIDTH="95" HEIGHT="28" WC="0.96" CONTENT="såframt"/><SP WIDTH="15" VPOS="613" HPOS="820"/>
							<String ID="string_90" HPOS="835" VPOS="614" WIDTH="44" HEIGHT="21" WC="0.96" CONTENT="icke"/>
						</TextLine>
						<TextLine ID="line_12" HPOS="341" VPOS="649" WIDTH="537" HEIGHT="22">
							<String ID="string_91" HPOS="341" VPOS="651" WIDTH="144" HEIGHT="20" WC="0.93" CONTENT="kommunens"/><SP WIDTH="22" VPOS="651" HPOS="485"/>
							<String ID="string_92" HPOS="507" VPOS="650" WIDTH="139" HEIGHT="20" WC="0.93" CONTENT="medlemmar"/><SP WIDTH="25" VPOS="650" HPOS="646"/>
							<String ID="string_93" HPOS="671" VPOS="649" WIDTH="14" HEIGHT="21" WC="0.92" CONTENT="å"/><SP WIDTH="25" VPOS="649" HPOS="685"/>
							<String ID="string_94" HPOS="710" VPOS="650" WIDTH="83" HEIGHT="21" WC="0.91" CONTENT="allmän"/><SP WIDTH="24" VPOS="650" HPOS="793"/>
							<String ID="string_95" HPOS="817" VPOS="650" WIDTH="61" HEIGHT="21" WC="0.90" CONTENT="kom-"/>
						</TextLine>
						<TextLine ID="line_13" HPOS="342" VPOS="685" WIDTH="538" HEIGHT="28">
							<String ID="string_96" HPOS="342" VPOS="687" WIDTH="172" HEIGHT="20" WC="0.91" CONTENT="munalstämma"/><SP WIDTH="26" VPOS="687" HPOS="514"/>
							<String ID="string_97" HPOS="540" VPOS="685" WIDTH="76" HEIGHT="21" WC="0.80" CONTENT="därtill"/><SP WIDTH="26" VPOS="685" HPOS="616"/>
							<String ID="string_98" HPOS="642" VPOS="685" WIDTH="84" HEIGHT="21" WC="0.94" CONTENT="lämnat"/><SP WIDTH="25" VPOS="685" HPOS="726"/>
							<String ID="string_99" HPOS="751" VPOS="685" WIDTH="40" HEIGHT="21" WC="0.93" CONTENT="sitt"/><SP WIDTH="25" VPOS="685" HPOS="791"/>
							<String ID="string_100" HPOS="816" VPOS="685" WIDTH="64" HEIGHT="28" WC="0.93" CONTENT="bifall"/>
						</TextLine>
						<TextLine ID="line_14" HPOS="342" VPOS="721" WIDTH="539" HEIGHT="28">
							<String ID="string_101" HPOS="342" VPOS="722" WIDTH="38" HEIGHT="21" WC="0.96" CONTENT="och"/><SP WIDTH="22" VPOS="722" HPOS="380"/>
							<String ID="string_102" HPOS="402" VPOS="722" WIDTH="36" HEIGHT="21" WC="0.95" CONTENT="må"/><SP WIDTH="19" VPOS="722" HPOS="438"/>
							<String ID="string_103" HPOS="457" VPOS="721" WIDTH="37" HEIGHT="28" WC="0.95" CONTENT="för"/><SP WIDTH="20" VPOS="721" HPOS="494"/>
							<String ID="string_104" HPOS="514" VPOS="721" WIDTH="129" HEIGHT="28" WC="0.77" CONTENT="rättigheten"/><SP WIDTH="21" VPOS="721" HPOS="643"/>
							<String ID="string_105" HPOS="664" VPOS="723" WIDTH="33" HEIGHT="19" WC="0.96" CONTENT="att"/><SP WIDTH="20" VPOS="723" HPOS="697"/>
							<String ID="string_106" HPOS="717" VPOS="721" WIDTH="85" HEIGHT="21" WC="0.96" CONTENT="inrätta"/><SP WIDTH="15" VPOS="721" HPOS="802"/>
							<String ID="string_107" HPOS="817" VPOS="721" WIDTH="38" HEIGHT="21" WC="0.96" CONTENT="och"/><SP WIDTH="16" VPOS="721" HPOS="855"/>
							<String ID="string_108" HPOS="871" VPOS="721" WIDTH="10" HEIGHT="20" WC="0.95" CONTENT="i"/>
						</TextLine>
						<TextLine ID="line_15" HPOS="342" VPOS="757" WIDTH="535" HEIGHT="28">
							<String ID="string_109" HPOS="342" VPOS="757" WIDTH="136" HEIGHT="22" WC="0.91" CONTENT="värksamhet"/><SP WIDTH="19" VPOS="757" HPOS="478"/>
							<String ID="string_110" HPOS="497" VPOS="757" WIDTH="60" HEIGHT="21" WC="0.96" CONTENT="hålla"/><SP WIDTH="22" VPOS="757" HPOS="557"/>
							<String ID="string_111" HPOS="579" VPOS="757" WIDTH="98" HEIGHT="27" WC="0.95" CONTENT="bryggeri"/><SP WIDTH="17" VPOS="757" HPOS="677"/>
							<String ID="string_112" HPOS="694" VPOS="757" WIDTH="73" HEIGHT="27" WC="0.96" CONTENT="någon"/><SP WIDTH="16" VPOS="757" HPOS="767"/>
							<String ID="string_113" HPOS="783" VPOS="757" WIDTH="32" HEIGHT="28" WC="0.93" CONTENT="på"/><SP WIDTH="15" VPOS="757" HPOS="815"/>
							<String ID="string_114" HPOS="830" VPOS="757" WIDTH="47" HEIGHT="25" WC="0.92" CONTENT="för-"/>
						</TextLine>
						<TextLine ID="line_16" HPOS="342" VPOS="793" WIDTH="535" HEIGHT="27">
							<String ID="string_115" HPOS="342" VPOS="794" WIDTH="59" HEIGHT="21" WC="0.92" CONTENT="hand"/><SP WIDTH="20" VPOS="794" HPOS="401"/>
							<String ID="string_116" HPOS="421" VPOS="793" WIDTH="198" HEIGHT="27" WC="0.89" CONTENT="öfverenskommen"/><SP WIDTH="23" VPOS="793" HPOS="619"/>
							<String ID="string_117" HPOS="642" VPOS="793" WIDTH="120" HEIGHT="27" WC="0.96" CONTENT="ersättning"/><SP WIDTH="17" VPOS="793" HPOS="762"/>
							<String ID="string_118" HPOS="779" VPOS="793" WIDTH="22" HEIGHT="20" WC="0.80" CONTENT="äi"/><SP WIDTH="16" VPOS="793" HPOS="801"/>
							<String ID="string_119" HPOS="817" VPOS="793" WIDTH="60" HEIGHT="21" WC="0.93" CONTENT="kom-"/>
						</TextLine>
						<TextLine ID="line_17" HPOS="343" VPOS="829" WIDTH="260" HEIGHT="27">
							<String ID="string_120" HPOS="343" VPOS="836" WIDTH="83" HEIGHT="14" WC="0.91" CONTENT="munen"/><SP WIDTH="15" VPOS="836" HPOS="426"/>
							<String ID="string_121" HPOS="441" VPOS="829" WIDTH="44" HEIGHT="21" WC="0.92" CONTENT="icke"/><SP WIDTH="16" VPOS="829" HPOS="485"/>
							<String ID="string_122" HPOS="501" VPOS="829" WIDTH="102" HEIGHT="27" WC="0.92" CONTENT="erläggas."/>
						</TextLine>
					</TextBlock>
				</ComposedBlock>
				<ComposedBlock ID="cblock_3" HPOS="200" VPOS="894" WIDTH="605" HEIGHT="160">
					<TextBlock ID="block_4" HPOS="200" VPOS="894" WIDTH="605" HEIGHT="160">
						<TextLine ID="line_18" HPOS="200" VPOS="894" WIDTH="440" HEIGHT="28">
							<String ID="string_123" HPOS="200" VPOS="894" WIDTH="136" HEIGHT="28" WC="0.96" CONTENT="Helsingfors"/><SP WIDTH="17" VPOS="894" HPOS="336"/>
							<String ID="string_124" HPOS="353" VPOS="894" WIDTH="41" HEIGHT="22" WC="0.96" CONTENT="den"/><SP WIDTH="18" VPOS="894" HPOS="394"/>
							<String ID="string_125" HPOS="412" VPOS="896" WIDTH="26" HEIGHT="20" WC="0.96" CONTENT="12"/><SP WIDTH="17" VPOS="896" HPOS="438"/>
							<String ID="string_126" HPOS="455" VPOS="894" WIDTH="104" HEIGHT="22" WC="0.96" CONTENT="Februari"/><SP WIDTH="18" VPOS="894" HPOS="559"/>
							<String ID="string_127" HPOS="577" VPOS="894" WIDTH="63" HEIGHT="21" WC="0.96" CONTENT="1897."/>
						</TextLine>
						<TextLine ID="line_19" HPOS="585" VPOS="961" WIDTH="220" HEIGHT="21">
							<String ID="string_128" HPOS="585" VPOS="961" WIDTH="21" HEIGHT="21" WC="0.92" CONTENT="J."/><SP WIDTH="21" VPOS="961" HPOS="606"/>
							<String ID="string_129" HPOS="627" VPOS="961" WIDTH="22" HEIGHT="20" WC="0.91" CONTENT="V."/><SP WIDTH="22" VPOS="961" HPOS="649"/>
							<String ID="string_130" HPOS="671" VPOS="961" WIDTH="134" HEIGHT="21" WC="0.96" CONTENT="Vartiainen."/>
						</TextLine>
						<TextLine ID="line_20" HPOS="200" VPOS="1025" WIDTH="427" HEIGHT="29">
							<String ID="string_131" HPOS="200" VPOS="1025" WIDTH="43" HEIGHT="20" WC="0.96" CONTENT="Om"/><SP WIDTH="16" VPOS="1025" HPOS="243"/>
							<String ID="string_132" HPOS="259" VPOS="1025" WIDTH="68" HEIGHT="21" WC="0.96" CONTENT="denna"/><SP WIDTH="16" VPOS="1025" HPOS="327"/>
							<String ID="string_133" HPOS="343" VPOS="1026" WIDTH="131" HEIGHT="21" WC="0.93" CONTENT="reservation"/><SP WIDTH="17" VPOS="1026" HPOS="474"/>
							<String ID="string_134" HPOS="491" VPOS="1025" WIDTH="86" HEIGHT="22" WC="0.92" CONTENT="förenar"/><SP WIDTH="18" VPOS="1025" HPOS="577"/>
							<String ID="string_135" HPOS="595" VPOS="1026" WIDTH="32" HEIGHT="28" WC="0.96" CONTENT="sig"/>
						</TextLine>
					</TextBlock>
				</ComposedBlock>
				<ComposedBlock ID="cblock_4" HPOS="623" VPOS="1092" WIDTH="183" HEIGHT="27">
					<TextBlock ID="block_5" HPOS="623" VPOS="1092" WIDTH="183" HEIGHT="27">
						<TextLine ID="line_21" HPOS="623" VPOS="1092" WIDTH="183" HEIGHT="27">
							<String ID="string_136" HPOS="623" VPOS="1092" WIDTH="48" HEIGHT="21" WC="0.95" CONTENT="Joh."/><SP WIDTH="19" VPOS="1092" HPOS="671"/>
							<String ID="string_137" HPOS="690" VPOS="1092" WIDTH="116" HEIGHT="27" WC="0.95" CONTENT="Haanpää."/>
						</TextLine>
					</TextBlock>
				</ComposedBlock>
				<ComposedBlock ID="cblock_5" HPOS="199" VPOS="1493" WIDTH="428" HEIGHT="19">
					<TextBlock ID="block_6" HPOS="199" VPOS="1493" WIDTH="428" HEIGHT="19">
						<TextLine ID="line_22" HPOS="199" VPOS="1493" WIDTH="428" HEIGHT="19">
							<String ID="string_138" HPOS="199" VPOS="1493" WIDTH="205" HEIGHT="18" WC="0.80" CONTENT="Ekonomiutskottets"/><SP WIDTH="15" VPOS="1493" HPOS="404"/>
							<String ID="string_139" HPOS="419" VPOS="1493" WIDTH="125" HEIGHT="18" WC="0.95" CONTENT="betänkande"/><SP WIDTH="13" VPOS="1493" HPOS="544"/>
							<String ID="string_140" HPOS="557" VPOS="1493" WIDTH="38" HEIGHT="19" WC="0.96" CONTENT="N:o"/><SP WIDTH="14" VPOS="1493" HPOS="595"/>
							<String ID="string_141" HPOS="609" VPOS="1495" WIDTH="18" HEIGHT="17" WC="0.96" CONTENT="8."/>
						</TextLine>
					</TextBlock>
				</ComposedBlock>
			</PrintSpace>
		</Page>
	</Layout>
</alto>
