1056 1731
825 134 12 19 3

104 197 22 20 af
140 197 39 19 alla
194 197 82 19 hamnar
294 197 33 19 vid
343 197 76 19 landets
435 197 46 19 hela
495 197 92 19 vestkust
610 196 69 25 Räfsö,
696 196 124 25 Björneborg
834 196 33 20 til-

104 226 86 24 lydande
205 226 65 23 hamn,
286 231 47 19 eger
348 226 24 19 de
388 227 75 18 största
478 226 122 24 betingelser
616 225 32 20 för
663 231 25 13 en
704 226 76 19 ordnad
792 225 75 19 vinter-

102 254 61 20 trafik
179 255 5 18 i
199 254 64 19 likhet
281 254 44 20 med
340 254 78 24 Hangö.
433 265 28 3 —
477 254 57 20 Efter
549 256 62 18 mötet
626 254 6 19 i
648 254 114 24 Kauhajoki
777 254 37 19 har
829 253 37 20 vis-

102 283 86 24 serligen
204 283 53 19 inom
267 283 122 23 kommuner,
396 283 66 19 hvilka
475 283 44 20 icke
530 283 43 19 deri
584 283 90 25 deltagit,
687 282 56 25 fråga
755 282 71 20 väckts
836 288 31 14 om

103 312 214 23 förbindningsbanans
337 312 101 24 dragande
458 312 32 19 till
511 311 90 25 Kyttälä,
621 312 103 19 Kauvatsa
739 312 49 19 eller
803 316 64 15 annan

106 343 53 17 ännu
182 346 54 13 mera
259 342 76 18 österut
354 340 12 20 å
385 340 135 24 Björneborgs
534 341 84 23 jernväg
633 340 93 24 liggande
741 340 70 25 punkt,
826 340 41 19 må-

106 369 65 20 hända
186 369 26 19 dä
227 369 44 19 med
287 369 113 23 anslutning
415 369 32 19 till
462 368 202 25 Peipohja—Raumo
682 369 72 24 banan,
770 374 43 14 men
829 369 37 19 den

104 397 83 20 afsedda
197 398 79 19 direkta
291 397 135 20 förbindelsen
441 398 45 19 med
501 398 58 20 hamn
570 398 33 19 vid
615 398 107 19 Bottniska
734 398 58 19 viken
803 397 64 20 blefve

106 426 107 24 ingalunda
236 426 113 24 derigenom
371 426 142 24 tiligodosedd,
529 428 21 22 ty
566 428 62 22 vägen
645 426 31 20 till
692 426 124 24 Björneborg
830 426 37 19 och

105 455 127 24 Mäntyluoto
255 455 76 19 komme
354 455 83 19 sälunda
459 457 30 17 att
510 456 7 18 i
539 455 90 25 betydlig
648 456 44 18 män
707 454 107 26 förlängas,
830 455 37 19 och

108 484 94 20 sträckan
218 484 30 18 till
263 483 76 20 Raumo
355 484 63 19 skulle
434 484 6 19 i
457 484 40 19 alla
512 484 108 20 händelser
635 484 62 20 blifva
712 484 90 23 omkring
818 482 9 21 6
840 482 28 27 !/,

106 512 34 20 mil
162 512 69 24 längre
254 515 25 17 än
300 512 65 20 direkt
387 512 31 20 till
440 512 125 25 Björneborg
588 515 51 17 samt
662 513 32 19 vid
710 518 46 19 pass
771 510 49 29 41/,
835 512 33 19 mil

106 542 68 23 längre
198 544 25 17 än
247 543 60 22 vägen
331 542 31 19 via
384 542 125 24 Björneborg
529 542 32 19 till
579 542 133 24 Mäntyluoto.
742 540 46 20 Just
803 542 65 18 denna

105 570 79 20 direkta
199 570 48 19 linie
262 570 65 24 gällde
343 570 110 19 emellertid
465 570 74 24 jemväl
554 570 70 20 Ilmola
640 570 227 24 landtmannasällskaps

104 599 100 19 bestämdt
219 599 88 19 uttalade
322 599 104 19 ästundan.

173 627 30 20 Pä
217 627 64 24 grund
296 627 21 20 af
331 627 51 20 hvad
397 627 20 20 vi
432 627 84 20 sälunda
531 627 109 20 framhällit
655 627 20 20 fä
690 628 20 19 vi
724 627 36 20 hos
770 627 98 24 Borgare-

108 656 80 19 ståndet
202 657 87 18 vörsamt
304 655 104 20 hemställa
423 661 31 14 om
471 656 44 19 dess
531 656 121 20 medverkan
668 656 82 25 derhän,

313 725 31 19 att
368 723 124 22 Ständerna
519 724 50 21 ville
593 724 39 21 hos
655 724 65 21 Hans
742 723 126 28 Kejserliga

245 751 104 27 Majestät
364 752 159 28 underdänigst
541 752 93 22 anhälla
655 759 33 14 om
708 752 160 21 verkställande

245 781 31 27 af
284 780 139 29 fullständig
443 781 85 21 teknisk
552 781 39 21 och
612 781 124 21 ekonomisk
751 780 118 22 undersök-

243 809 54 28 ning
309 809 42 27 för
363 816 26 14 en
402 810 163 27 normalspärig
574 809 222 28 förbindningsbana
804 809 64 28 emel-

245 838 38 21 lan
303 838 58 21 Vasa
376 838 39 21 och
430 838 149 29 Björneborgs
589 839 125 28 jernvägar
725 838 54 26 från
796 838 72 21 Oster-

245 873 63 21 myra
330 867 81 21 station
434 867 37 21 vid
490 867 58 21 Vasa
562 867 92 28 jernväg
670 868 36 21 till
720 866 149 29 Björneborgs

245 895 50 21 stad
310 895 48 21 med
371 895 80 21 bibana
461 896 35 21 till
506 896 128 27 nägondera
645 896 31 27 af
680 896 104 21 städerna
794 895 74 21 Kaskö

245 924 52 21 eller
315 924 157 25 Kristinestad,
481 927 56 18 samt
553 927 32 18 att
597 925 70 27 nädig
680 925 138 28 proposition
835 931 34 14 om

245 952 72 21 denna
341 952 233 29 förbindningsbanas
606 953 112 28 byggande
743 953 126 28 jJörelägges

246 983 65 19 nästa
326 981 151 22 ständermöte.

178 1050 125 24 Helsingfors
319 1051 38 19 den
373 1052 11 18 8
401 1051 96 20 Februari
515 1051 60 20 1897.

213 1117 37 22 Th.
267 1118 21 21 L.
305 1117 49 23 Eck.
401 1118 16 22 J.
433 1118 23 22 A.
473 1118 79 29 Hjorth.
573 1113 13 39 —
596 1118 20 23 F.
632 1119 23 22 A.
670 1119 95 22 Juselius.
