1086 1745
250 181 12 19 2

218 244 145 25 författningen
384 245 91 18 närmare
493 244 96 24 angifvits
609 244 44 19 dels
672 244 6 18 i
695 244 11 19 2
722 250 59 13 mom.
797 244 20 19 af
831 244 14 19 4
861 243 18 27 8,
895 244 35 20 där
944 244 34 20 det

218 273 56 19 heter
294 274 29 18 att
339 272 33 20 vid
387 272 158 20 bestämmandet
561 272 19 20 af
595 272 24 20 de
634 272 86 25 afgifter,
735 272 67 20 hvilka
817 273 31 19 för
859 272 119 21 industriela

218 301 134 25 inrättningar
374 302 113 18 »äfvensom
511 301 19 19 af
554 301 170 19 landthandlande
749 301 38 19 och
812 307 94 19 personer
929 303 48 17 utan

219 330 39 19 fast
282 330 98 24 egendom
403 330 46 19 böra
471 330 107 24 erläggas»,
600 330 95 19 afseende
717 329 50 20 skall
785 330 71 19 »fästas
876 329 12 20 å
903 329 75 21 sådana

218 358 135 25 inrättningar
374 358 37 20 och
430 364 96 19 personer
541 358 82 26 påförda
637 358 126 20 kommunala
779 358 119 25 utskylder,»
914 358 42 20 dels
971 358 7 20 i

220 387 26 19 10
271 388 17 23 8,
312 393 42 13 som
378 387 126 19 föreskrifver
525 389 29 17 att
577 386 161 26 päskpenningar
754 393 25 13 m.
795 387 19 19 fl.
831 387 30 19 till
880 387 97 25 beloppen

220 415 98 20 växlande
342 416 80 24 afgifter
445 415 56 20 skola
523 416 82 24 utbytas
627 417 55 18 emot
703 415 101 20 bestämda
826 416 104 24 personela
945 417 32 18 ut-

220 443 87 25 skylder,
323 443 110 20 »fördelade
448 443 26 26 pä
489 443 190 26 fastighetsegarene
695 444 35 19 och
746 443 154 26 församlingens
915 444 63 25 öfriga

218 471 101 25 invånare,
343 478 42 14 som
408 474 72 17 sexton
503 472 33 19 års
559 472 55 19 ålder
635 472 91 25 uppnått,
740 472 65 25 jemnt
820 472 47 21 eller
882 472 50 20 efter
946 472 31 19 in-

219 501 83 24 delning
322 501 6 19 i
351 501 95 24 klasser»;
462 500 82 20 hvarvid
561 501 151 24 författningens
727 501 84 20 ledande
827 501 149 26 grundprincip,

218 529 204 25 aflöningsbeloppets
444 529 139 20 bibehällande
605 529 34 19 vid
660 531 65 18 status
743 535 46 20 gvo,
804 529 115 26 ytterligare
935 529 41 20 häf-

218 557 36 20 das
278 558 75 19 medels
377 558 152 25 bestämningen
554 559 29 18 att
604 558 60 19 dessa
685 558 54 19 äldre
761 558 80 25 afgifter
865 558 56 19 skola
945 560 31 17 ut-

219 587 72 19 räknas
320 587 60 19 »efter
399 582 6 34 —
408 587 160 25 medelbeloppet
593 587 37 19 och
655 587 69 20 värdet
749 587 29 20 för
803 587 24 20 de
848 588 78 18 senaste
949 586 28 20 tio

218 614 64 20 åren.»

288 654 43 20 Den
357 655 5 18 i
386 655 142 24 författningen
552 655 119 19 föreskrifna
694 655 125 25 jemnvikten
841 655 85 20 emellan
951 655 25 19 de

218 683 114 20 dåvarande
355 683 37 20 och
413 683 25 20 de
459 683 100 20 blifvande
581 683 195 26 aflöningsbeloppen
799 684 72 19 rubbas
893 683 43 20 icke
957 683 20 20 af

218 712 39 19 den
279 711 129 26 särställning
425 711 103 26 bergverk,
544 711 50 20 bruk
610 712 37 19 och
662 712 61 19 andra
739 712 116 20 industriela
871 712 105 19 inrättnin-

218 747 36 17 gar
273 740 75 19 erhöllo
370 740 6 19 i
398 741 9 18 1
424 746 59 13 mom.
498 740 20 19 af
533 741 12 18 4
562 741 18 23 $,
595 741 116 24 ytterligare
726 741 86 19 betonad
827 741 6 19 i
849 742 28 19 ett
892 741 19 19 af
925 740 51 20 Eck-

218 768 247 26 lesiastik-Expeditionen
486 768 38 20 den
544 769 26 19 24
593 768 83 20 februari
700 770 53 18 1887
772 769 6 19 i
793 771 68 18 ämnet
876 768 100 20 utfärdadt

218 797 137 24 cirkulärbref;
375 798 22 24 ty
412 797 24 19 de
451 796 45 20 från
511 797 46 19 dem
572 797 65 19 delvis
652 798 61 19 redan
727 798 20 19 af
761 797 58 20 ålder
833 797 99 25 utgående
947 798 28 18 af-

218 826 87 24 gifterna
328 826 64 19 skulle
412 826 6 18 i
438 826 208 24 jemförelsekalkylen
669 826 89 20 hvarken
779 826 12 20 &
811 826 39 20 den
871 832 37 14 ena
927 826 49 19 eller

218 854 62 19 andra
301 854 57 19 sidan
378 855 56 24 tagas
456 854 6 19 i
482 854 153 24 konsideration,
653 854 67 20 säsom
741 854 44 20 icke
804 854 87 20 varande
906 860 25 14 en
946 854 32 20 för

217 882 40 19 alla
281 882 51 20 tider
355 882 59 20 säker
436 882 94 19 inkomst.
565 883 90 19 Fastmer
680 883 87 25 framgär
791 883 65 19 denna
879 883 98 25 jemnvikt

218 911 46 20 med
280 913 25 17 än
322 913 62 17 större
399 911 65 25 logisk
479 911 147 25 nödvändighet
641 917 25 13 ur
681 911 34 20 det
730 911 98 20 särskilda
838 911 138 26 pointerandet

217 940 20 18 af
258 939 56 20 detta
333 939 51 20 enda
405 939 108 26 undantag,
528 939 6 20 i
548 939 117 26 jemnbredd
680 940 96 19 hvarmed
791 940 25 19 de
832 939 100 20 blifvande
947 940 28 19 af-

218 968 87 24 gifterna
323 969 20 18 af
357 968 169 19 landthandlande
541 968 37 19 och
593 968 154 26 enkannerligen
763 975 96 18 personer
874 970 47 17 utan
936 968 40 19 fast

217 997 99 24 egendom
340 1009 26 1 —
390 1003 45 13 vare
456 997 30 24 sig
506 997 101 19 desamma
626 997 83 25 utginge
729 997 45 20 med
789 997 39 19 lika
844 997 72 25 belopp
932 1003 43 13 som

217 1025 30 19 för
270 1025 202 25 fastighetsegarenes
492 1031 102 20 personer,
613 1025 49 20 eller
681 1025 111 20 fördelades
811 1026 6 19 i
836 1025 75 20 klasser
926 1025 50 20 efter

217 1054 143 25 proportionen
378 1054 20 19 af
416 1054 24 19 de
461 1054 126 19 kommunala
602 1054 130 25 utskylderna
750 1066 25 2 —
791 1054 64 19 måste
870 1060 58 13 anses
944 1060 30 13 re-

218 1084 117 23 presentera
357 1089 24 12 en
402 1082 26 25 pä
449 1083 65 24 grund
530 1083 19 18 af
563 1083 152 25 folkmängdens
730 1083 100 24 naturliga
845 1082 79 20 tillväxt
939 1083 36 18 och

218 1111 125 19 välständets
363 1111 115 20 successiva
497 1111 76 20 ökande
595 1111 58 20 säker
671 1111 37 20 och
727 1111 122 20 ätminstone
870 1113 40 17 mot
926 1111 48 19 kon-

218 1141 56 18 stant
289 1139 115 26 minskning
419 1140 92 25 skyddad
526 1140 94 19 inkomst.

286 1185 47 20 Men
355 1186 52 19 huru
427 1186 36 19 har
484 1186 65 20 denna
569 1186 20 19 af
606 1186 124 25 lagstiftaren
747 1185 124 26 oförtydbart
885 1185 89 20 uttalade

217 1214 229 25 regleringsgrundsats,
467 1215 65 19 denna
549 1215 77 25 princip
647 1215 20 19 af
680 1215 84 19 rättvisa
785 1214 22 20 sä
823 1214 20 19 ät
859 1214 115 25 församling

217 1249 43 13 som
284 1242 21 20 ät
327 1245 61 23 prest,
410 1243 65 19 funnit
498 1243 81 25 uttryck
598 1243 6 19 i
625 1243 38 20 den
681 1243 11 20 &
709 1243 112 26 Kejserliga
836 1243 85 19 Senaten
937 1243 37 19 och

217 1273 89 18 närmast
322 1272 46 19 dess
384 1271 262 26 Ecklesiastik-Expedition
661 1272 146 19 ankommande
821 1271 153 26 tillämpningen

216 1300 19 19 af
250 1301 67 18 denna
332 1300 76 25 viktiga
423 1301 126 24 författning?

286 1340 38 19 Det
346 1340 129 25 fullständiga
499 1342 66 18 svaret
587 1340 26 26 pä
635 1340 64 20 denna
721 1340 56 25 fräga
791 1342 22 18 är
829 1340 31 19 väl
876 1339 97 20 förbehäl-

216 1368 28 20 let
267 1375 25 13 en
314 1369 86 24 framtid,
416 1369 49 19 eller
486 1369 37 19 den
546 1369 101 25 tidpunkt,
669 1369 25 19 dä
709 1369 17 25 ej
742 1369 86 19 allenast
842 1368 39 20 alla
895 1368 79 20 landets

216 1397 140 24 församlingar
375 1397 109 25 undergätt
504 1398 65 19 denna
587 1398 102 25 procedur,
705 1400 49 17 utan
769 1398 61 19 äfven
845 1397 70 25 sjelfva
930 1403 43 18 reg-

216 1425 113 25 leringarna
358 1431 72 20 genom
458 1426 24 19 de
508 1426 55 19 äldre
590 1425 283 26 presttjenstinnehafvarenes
900 1425 74 25 afgäng

215 1454 91 19 öfverallt
328 1454 84 20 kommit
434 1454 31 19 till
488 1455 149 24 verkställighet
660 1467 27 2 —
709 1461 25 13 en
757 1454 95 25 tidpunkt
874 1454 44 19 med
945 1455 29 18 ett

216 1483 41 24 ord,
278 1483 25 19 dä
318 1489 26 13 en
361 1485 41 18 stor
418 1483 31 19 del
464 1483 20 19 af
498 1483 39 19 den
552 1489 27 14 nu
594 1483 93 20 lefvande
703 1483 142 26 generationen
861 1482 113 20 försvunnit
