1092 1739
287 177 260 23 Motionsbetänkande
563 177 42 23 N:o
621 177 37 23 10.
795 179 27 20 23

96 245 113 20 anseende
230 245 33 20 till
285 245 142 26 aflöningens
447 245 96 28 dryghet
564 246 82 21 endast
660 246 97 20 anhållit
774 247 32 19 att
821 245 30 20 af-

96 278 68 26 giften
187 279 7 20 i
214 279 64 20 hafre
298 279 73 21 skulle
394 279 85 21 sänkas
503 280 50 20 från
569 281 13 20 9
598 280 33 20 till
648 281 12 19 6
676 280 121 20 hektoliter
812 286 40 21 per

96 313 94 26 mantal,
212 313 87 21 hvilket
319 313 30 27 på
366 313 174 27 församlingens
556 315 55 25 46,33
627 314 87 20 manta]
730 314 73 20 skulle
818 316 34 18 ut-

97 348 54 25 göra
169 353 28 14 en
215 347 94 26 eftergift
324 347 30 28 på
370 347 80 21 inalles
468 349 39 20 139
523 348 122 21 hektoliter
660 348 64 21 hafre
740 349 54 20 eller
809 348 43 20 för-

98 381 110 21 vandladt
223 381 33 21 till
272 382 127 27 penningar
414 382 107 27 omkring
537 383 41 20 700
594 382 72 21 mark.

166 415 38 21 Ett
227 418 70 18 annat
319 416 113 27 exempel:
468 416 36 21 Uti
528 416 123 27 Pyhäjärvi
674 416 133 26 församling
830 416 24 20 af

98 449 106 27 Wiborgs
227 450 38 20 län
288 450 133 21 minskades
442 450 38 21 vid
502 451 166 20 stadfästandet
685 451 27 20 de
728 451 50 20 frän
792 450 60 27 jord-

99 484 105 26 lägenhet
226 484 111 27 utgående
360 485 119 26 afgifterna
502 485 132 26 visserligen
656 485 80 20 endast
757 485 52 20 med
825 485 27 20 30

98 518 50 20 liter
163 518 40 27 räg
218 519 43 20 och
277 519 27 20 30
320 519 49 20 liter
385 519 57 20 korn
459 525 40 21 per
514 519 94 26 mantal,
625 526 53 13 men
694 519 44 20 den
755 518 98 21 sälunda

98 552 121 21 minskade
235 553 192 26 mantalsafgiften
443 553 130 21 bestämdes
589 555 32 19 att
637 553 53 26 utgå
705 553 51 27 efter
771 553 25 20 de
808 559 44 20 nya

98 587 91 25 mantal,
211 594 46 13 som
281 587 36 20 vid
334 587 114 27 pägäende
465 587 165 28 skattläggning
646 587 152 27 lägenheterna
811 587 42 27 pä-

100 621 80 27 läggas.
212 621 37 20 Nu
270 628 40 13 var
328 621 37 21 det
381 621 123 21 emellertid
521 621 38 21 vid
575 621 62 21 tiden
654 621 34 21 för
703 621 150 27 regleringens

100 655 155 21 fastställande
272 655 72 21 kändt
359 658 32 18 att
406 656 163 27 prestaflöning
587 655 125 27 utgörande
726 656 127 20 mantalens

101 690 147 20 totalsumma
264 690 54 26 69,43
333 690 93 20 komme
443 692 32 18 att
490 690 73 26 nedgä
574 690 34 21 till
619 690 106 26 omkring
738 691 33 19 50.
796 689 58 20 Säle-

100 723 38 21 des
161 723 68 21 äfven
252 724 42 20 här
316 731 27 13 en
364 724 163 27 nedskattning
547 724 25 21 af
584 725 72 26 dryga
671 723 184 28 tväsjundedelar

100 757 53 20 eller
173 758 64 25 2,000
258 758 65 20 mark
339 758 24 20 af
377 758 44 20 den
437 758 50 21 från
500 758 160 27 jordlägenhet
675 758 111 26 utgående
802 757 52 21 aflö-

100 791 91 27 ningen,
215 799 50 14 som
288 792 59 21 dock
369 793 25 19 är
415 792 43 21 den
481 793 102 20 säkraste
605 794 116 25 presterna
740 792 69 20 hafva
824 793 31 18 att

101 826 110 26 päräkna.
233 826 78 21 Dertill
323 826 124 21 omstäldes
458 826 156 27 smörafgiften
631 827 43 20 och
684 826 43 21 den
736 825 118 28 personela

101 860 122 27 utskylden
245 861 29 26 pä
296 861 81 20 sådant
399 862 44 19 sätt
462 863 32 18 att
515 861 29 27 pä
566 861 66 20 dessa
651 861 68 26 begge
735 860 121 25 aflönings-

101 897 76 24 poster
193 895 84 20 skedde
293 902 27 13 en
336 895 163 26 nedskattning
515 895 25 20 af
549 895 153 20 tillsammans
716 895 54 20 1350
783 894 72 20 mark.

102 929 95 20 Summa
219 929 162 26 nedskattning
403 930 56 20 3350
481 929 66 21 mark
569 929 33 21 uti
624 936 27 13 en
673 929 133 26 församling
827 928 28 27 pä

102 964 63 25 5,000
178 963 147 21 innevänare!
351 963 50 21 Och
412 963 60 21 detta
491 963 97 21 oaktadt
599 963 161 26 församlingen
777 963 80 20 erkänt

103 999 32 18 att
150 997 237 26 regleringskomitöns
404 998 83 26 förslag
503 1005 40 13 var
558 997 75 27 gjordt
649 997 29 27 pä
694 997 72 26 grund
780 997 25 20 af
812 997 43 20 den

102 1031 149 27 konvention,
278 1039 50 14 som
356 1032 131 21 stadfästats
509 1032 45 20 den
579 1033 25 19 15
628 1032 60 20 Mars
712 1032 60 20 1851.
804 1031 53 20 Man

102 1065 77 21 kunde
201 1073 55 13 vara
277 1066 83 20 frestad
382 1068 31 18 att
430 1069 35 17 tro
482 1069 31 17 att
529 1066 42 20 här
587 1066 117 26 föreligger
719 1067 30 19 ett
764 1065 94 25 misstag

102 1100 115 20 sätillvida
237 1102 32 18 att
290 1100 169 20 vederbörande
481 1100 38 20 vid
536 1100 151 26 regleringens
703 1098 155 22 fastställande

103 1134 49 20 icke
175 1141 56 14 voro
253 1134 176 26 underkunniga
452 1141 38 14 om
513 1134 45 20 den
582 1133 207 26 mantalssättning,
808 1139 49 14 som

103 1174 82 20 genom
214 1168 195 26 —skattläggningen
433 1168 74 21 skulle
530 1168 96 20 inträda.
661 1168 52 20 Men
736 1168 49 20 från
809 1167 49 20 sak-

104 1202 97 26 kunnigt
224 1203 46 20 häll
293 1203 41 20 har
357 1205 144 18 reservanten
526 1202 40 21 fätt
589 1202 37 21 det
646 1202 91 26 besked,
757 1204 32 18 att
804 1208 53 13 man

104 1236 96 21 handlat
223 1237 76 21 säsom
322 1244 52 13 man
399 1237 97 20 handlat
517 1236 53 21 med
592 1236 66 21 säker
674 1236 130 20 kännedom
821 1242 38 14 om

105 1271 200 21 sakförhällandet.

173 1306 84 26 Dylika
280 1306 101 26 exempel
404 1305 77 21 kunde
505 1312 32 14 nu
560 1305 92 21 anföras
673 1306 56 19 nära
750 1310 44 20 nog
810 1304 50 20 frän

105 1340 44 20 alla
165 1340 146 20 landsändar.
336 1339 50 21 Och
403 1340 114 20 erkännas
534 1339 72 21 måste
618 1341 32 18 att
660 1339 60 20 detta
732 1337 128 22 förfarande

104 1374 58 20 varit
184 1373 141 27 berättigadt,
341 1374 97 20 emedan
454 1374 39 20 vid
509 1373 240 27 aflöningsbeloppens
763 1372 98 21 bestäm-

104 1408 85 20 mande
209 1408 104 20 afseende
335 1408 72 20 måste
428 1408 71 20 fästas
521 1408 41 27 »pd
583 1408 64 20 såväl
661 1407 25 20 de
700 1407 51 27 från
766 1406 95 27 försam-

106 1442 71 26 lingen
201 1442 31 20 till
247 1442 45 20 dess
304 1442 136 27 presterskap
455 1442 61 26 förut
531 1441 105 27 utgående
652 1440 88 27 bidrag»
757 1446 50 15 som
826 1440 36 20 »de

105 1476 93 27 afgifter,
219 1483 46 13 som
287 1476 51 26 från
361 1476 70 20 andra
446 1477 122 26 pastorater
584 1475 59 20 inom
659 1474 64 27 stiftet
738 1474 68 20 under
822 1473 40 21 lik-

174 1521 49 22 Lag-
237 1520 31 18 och
281 1520 181 18 Ekonomiutskottets
475 1520 110 18 betänkande
598 1520 38 17 N:o
648 1520 28 16 16.
