1092 1739
237 146 12 21 2

207 211 60 23 bjuda
291 211 37 19 alla
351 211 43 19 dem
417 211 225 25 försäljningsrättighet,
653 212 65 18 hvilka
736 210 61 20 skulle
813 210 88 24 begagna
915 210 47 19 den-

206 245 74 13 samma
297 240 44 18 med
359 239 103 20 biafsikter
477 240 37 20 och
529 240 98 20 derunder
636 240 72 19 handla
718 240 44 19 med
772 239 89 19 starkare
871 239 90 24 drycker.

275 268 30 19 På
319 269 62 23 grund
397 268 21 20 af
433 269 50 19 hvad
498 269 18 19 vi
531 268 43 20 haft
589 272 47 16 äran
652 269 75 23 anföra,
742 268 50 24 våga
807 268 18 19 vi
841 268 77 19 anhålla
933 270 30 17 att

205 297 122 19 hedervärda
343 297 82 19 Ståndet
439 298 44 18 ville
499 297 32 20 för
545 304 48 18 egen
608 298 38 24 del,
661 298 31 19 till
707 297 210 20 Ekonomi-utskottets
928 296 33 20 be-

207 326 94 24 handling
315 332 41 13 som
372 328 27 18 ett
414 327 83 19 motions
508 326 74 24 förslag
596 327 83 19 insända
694 326 99 24 följande:

410 384 83 25 Förslag
517 384 29 19 till
564 384 120 25 förordning,
700 382 131 26 innefattande
844 382 116 25 förändring

341 412 26 24 af
384 413 13 23 $
416 413 31 19 25
462 413 8 19 i
484 412 136 26 förordningen
635 413 26 24 af
672 413 35 19 den
722 414 15 18 2
751 412 59 25 April
826 413 58 23 1883,
902 412 57 24 angå-

341 441 44 19 ende
402 441 117 25 försäljning
535 442 33 20 och
582 442 128 25 utskänkning
724 442 26 24 af
760 441 135 24 maltdrycker.

409 470 115 20 Härmedels
546 471 70 19 varder
637 471 91 25 stadgadt
745 472 29 18 att
788 471 14 23 $
816 470 30 19 25
859 470 8 19 i
882 470 76 24 förord-

339 498 69 26 ningen
425 499 26 24 af
465 500 35 19 den
514 500 15 19 2
544 500 58 24 April
616 500 60 23 1883,
693 500 96 24 angående
798 499 117 24 försäljning
925 498 34 20 och

341 528 33 18 och
388 528 128 25 utskänkning
531 529 25 24 af
568 529 134 24 maltdrycker,
718 528 51 20 skall
784 528 74 19 erhålla
872 527 86 25 följande

340 556 81 24 lydelse
414 552 10 32 :

549 604 15 23 $
581 604 30 18 25

407 636 60 20 Hvad
489 637 8 19 i
515 637 61 20 denna
590 638 114 24 förordning
719 639 24 18 är
757 637 90 25 stadgadt
860 637 97 25 angående

339 664 68 20 handel
425 666 41 19 med
481 666 133 25 maltdrycker,
630 666 62 26 gäller
706 666 41 20 icke
761 666 120 25 svagdricka,
892 666 64 19 åstad-

338 693 82 20 kommet
439 701 67 18 genom
528 695 102 25 hembrygd
651 696 43 19 med
712 696 72 19 biträde
800 695 66 19 endast
880 694 26 24 af
917 696 40 23 eget

337 722 78 24 husfolk
433 723 47 20 eller
499 724 110 24 tjenstehjon
627 724 28 20 uti
670 724 107 25 byggnader
792 724 42 19 med
847 723 65 25 vanlig
927 723 28 19 in-

337 751 79 26 redning
438 752 33 24 för
491 752 113 25 hussysslor.
637 753 39 20 Till
693 753 116 25 försäljning
828 752 32 20 må
874 752 82 20 sålunda

339 780 100 21 tillverkad
461 781 58 25 dryck
540 782 40 20 icke
602 782 63 19 hållas
687 783 46 19 utan
752 783 122 19 kommunens
891 781 64 20 dertill

338 809 85 20 lemnade
437 810 62 24 bifall,
513 811 28 24 pä
556 812 39 18 sätt
614 811 3 19 i
631 812 14 23 $
662 812 12 19 3
688 811 97 25 angående
800 810 117 25 försäljning
933 810 25 24 af

336 838 129 25 maltdrycker
486 841 24 18 är
533 840 92 25 stadgadt.
656 840 120 25 Hembrygdt
792 840 18 19 öl
824 839 32 19 mä
871 839 83 19 hvarken

336 866 8 19 i
365 867 44 20 stad
431 868 46 19 eller
495 869 29 24 pä
544 869 63 19 landet
622 869 30 19 till
666 869 43 19 salu
724 869 75 19 hållas:
814 869 63 23 bryter
892 868 61 24 någon

335 897 41 18 mot
397 896 60 20 denna
479 898 14 23 $
514 904 46 13 vare
582 897 128 20 underkastad
729 904 75 13 samma
819 897 60 24 straff
891 903 40 13 som
946 897 9 18 i

335 925 14 23 $
363 925 26 18 18
403 927 24 17 är
440 925 95 26 stadgadt.

266 981 122 24 Helsingfors
403 983 37 19 den
457 983 11 20 5
483 983 96 20 Februari
597 984 60 19 1897.

299 1037 76 28 August
389 1038 70 23 Perho.
688 1039 49 23 Juho
754 1039 94 23 Koivisto.

299 1458 102 16 Helsingfors,
411 1458 81 16 Tidnings-
502 1458 11 14 &
526 1450 181 26 Tryckeriaktiebolagets
715 1446 75 34 tryckeri,
800 1450 41 23 1897.
