1073 1742
229 178 14 21 6
386 178 279 24 Petitionshetänkande
681 178 42 24 N:o
739 178 38 23 25.

201 246 26 29 88
253 252 40 22 159
308 248 42 20 och
367 248 40 26 164
422 248 25 21 af
461 249 53 25 1848
530 249 35 20 ärs
580 247 270 27 landtmäterireglemente
865 248 93 26 intagna,

201 281 60 21 äldre
283 282 122 27 stadgande
427 289 36 14 om
482 282 115 27 lägenhets
617 282 132 26 utbjudande
765 282 31 20 till
810 288 69 14 annan
894 288 65 20 egare

201 319 60 18 emot
281 316 258 27 skatteköpeskillingens
561 316 132 27 erläggande
711 316 48 21 icke
777 316 39 21 bör
830 315 128 28 tillämpas.*

272 350 38 21 Uti
333 350 134 27 underdänig
488 351 129 20 hemställan
639 351 32 20 till
693 351 61 20 Hans
774 350 60 27 Kejs.
857 350 102 26 Majestät

201 383 96 28 föreslog
319 385 123 20 sedermera
464 384 95 21 Senaten
577 386 6 19 i
598 385 74 26 början
687 385 24 20 af
724 385 23 20 är
764 384 60 27 1896,
840 384 50 21 med
904 384 55 27 god-

201 417 114 22 kännande
331 419 23 20 af
367 419 28 20 de
410 419 141 27 synpunkter,
567 419 72 20 hvilka
655 419 24 20 af
686 425 52 20 nyss
758 413 105 37 omordade
881 413 78 37 komité

201 452 70 21 blifvit
293 453 131 26 framhällna,
441 453 58 21 bifall
513 453 32 21 till
562 454 54 25 1894
631 454 34 20 ärs
681 453 93 21 Ständer
789 454 6 19 i
810 453 72 20 ämnet
896 452 62 21 fram-

201 486 72 21 stälda
293 489 98 25 petition,
414 487 88 21 sälunda
520 491 33 17 att
565 487 138 27 jordskatten
718 489 59 19 inom
792 487 28 20 de
834 487 126 20 kommuner

202 520 23 21 af
243 521 116 26 sydvästra
379 521 102 21 Finlands
502 521 139 25 kusttrakter,
661 521 40 21 där
716 522 124 20 densamma
855 521 103 20 befunnes

201 554 33 21 för
249 554 46 27 hög
309 557 6 19 i
331 555 133 22 förhällande
480 556 31 21 till
526 556 166 27 lägenheternas
709 563 51 19 ego-
776 555 42 21 och
833 555 68 27 öfriga
916 555 41 20 för-

201 589 80 25 mäner,
305 589 67 21 skulle
393 591 112 20 nedsättas
528 591 43 20 och
594 590 83 27 lämpas
701 589 54 22 efter
777 589 73 27 hvarje
867 589 91 21 särskild

201 623 114 26 lägenhets
330 624 96 27 förmäga
442 628 33 17 att
489 625 53 20 bära
557 625 65 20 skatt.
647 624 44 21 För
706 623 136 22 undvikande
856 623 24 21 af
889 623 69 21 större

201 657 106 27 rubbning
322 659 6 20 i
344 659 42 20 den
401 659 123 20 nuvarande
540 659 149 26 fördelningen
704 658 23 21 af
740 658 164 27 lägenheternas
912 665 16 13 s.
936 657 21 22 k.

201 691 113 21 insockne-
330 692 51 21 eller
396 693 105 20 allmänna
516 693 79 20 besvär
609 692 107 27 föreslogs
727 696 32 17 att
769 692 189 27 skattelindringen

201 725 58 22 hälst
280 727 67 20 mätte
368 727 157 27 ävägabringas
547 727 76 20 endast
642 734 79 20 genom
737 727 69 26 skälig
820 727 138 26 nedsättning

202 759 23 21 af
233 759 120 26 rubeltalet,
365 761 90 21 hvarvid
466 761 63 25 dock,
541 762 6 19 i
561 761 143 21 betraktande
713 761 61 20 afatt
782 761 176 26 egoförmänerna

201 794 13 20 å
236 801 28 13 nu
280 794 163 27 ifrågavarande
458 795 82 21 trakter
555 795 101 21 stundom
672 803 54 13 vore
741 795 135 27 synnerligen
891 795 67 26 ojämt

201 827 112 22 fördelade
328 829 29 27 på
373 829 28 21 de
416 829 69 21 skilda
500 830 139 21 mantalsatta
654 830 154 26 lägenheterna
820 831 57 19 inom
884 829 73 26 hvarje

200 862 109 25 kommun,
326 865 6 18 i
347 864 58 20 vissa
421 864 36 20 fall
471 864 64 20 äfven
551 870 26 14 en
593 864 129 26 förmedling
737 863 25 21 af
773 863 102 21 mantalet
890 864 67 20 skulle

200 896 72 21 kunna
294 897 162 27 ifrågakomma.
486 898 85 26 Jämväl
591 898 96 20 Senaten
701 898 68 26 ansåg
784 898 28 20 de
826 898 25 20 af
862 898 96 21 komitén

201 930 143 27 uppräknade
365 935 87 17 orterna
470 932 75 21 främst
561 932 52 20 böra
628 932 65 20 blifva
709 932 89 20 föremål
813 932 32 20 för
860 932 42 20 den
917 932 40 21 till-

201 964 86 27 styrkta
302 965 235 28 skatteförmedlingen.

271 999 29 21 På
321 1000 132 26 grundvalen
471 1000 65 21 häraf
547 1000 75 21 utkom
637 1000 123 21 sedermera
775 1000 49 21 nåd.
839 1000 83 21 brefvet
937 1000 23 21 af

202 1033 42 21 den
262 1039 22 15 11
303 1034 40 26 maj
362 1034 60 26 1896,
438 1042 79 20 genom
530 1035 81 21 hvilket
627 1042 27 14 en
669 1035 201 26 skatteförmedling
884 1034 25 21 af
921 1035 37 20 det

201 1067 48 27 slag
271 1068 41 20 och
333 1068 31 21 till
383 1069 42 20 den
440 1069 131 27 omfattning
585 1068 95 22 Senaten
696 1069 110 27 föreslagit
821 1068 91 28 påbjöds
927 1069 32 21 till

201 1101 171 28 verkställighet,
394 1103 118 26 hvarjämte
530 1104 23 20 åt
568 1103 95 21 Senaten
679 1103 171 21 öfverlämnades
866 1106 32 18 att
912 1104 46 20 vid-

201 1138 52 24 taga
277 1136 27 21 de
327 1137 102 27 åtgärder
444 1138 41 20 och
503 1137 84 21 utfärda
603 1138 28 20 de
646 1138 97 20 närmare
759 1137 135 25 föreskrifter,
911 1144 48 14 som

201 1170 24 20 af
233 1170 68 21 saken
311 1170 132 28 påkallades.
467 1172 74 26 Något
552 1172 175 26 bemyndigande
735 1171 33 21 för
776 1171 93 21 Senaten
878 1174 38 22 att,
926 1172 33 20 så-

201 1211 50 13 som
258 1205 96 21 komitén
369 1205 117 27 föreslagit,
498 1206 36 20 vid
545 1206 70 20 behof
622 1206 70 20 kunna
703 1206 43 20 låta
758 1205 110 21 utsträcka
878 1205 80 21 skatte-

202 1238 157 27 törmedlingen
374 1239 64 21 äfven
453 1240 31 20 till
498 1241 7 19 i
519 1240 85 20 brefvet
619 1241 48 19 icke
682 1239 142 27 uppräknade
836 1242 58 18 orter
901 1240 58 20 inom

203 1272 73 21 västra
296 1273 102 21 Finlands
420 1273 104 27 skärgård
541 1274 116 20 innehälles
674 1273 118 21 emellertid
807 1273 47 21 icke
869 1274 6 19 i
890 1273 69 27 sagda

201 1307 80 27 nådiga
297 1307 52 24 bref,
365 1308 43 20 och
420 1308 63 20 torde
491 1308 94 20 Senaten
595 1307 17 27 ej
621 1307 67 21 heller
697 1307 64 21 hafva
768 1308 75 20 därom
850 1307 108 21 hemstält.

273 1341 44 20 Vid
338 1342 77 20 sådant
437 1342 132 20 förhållande
591 1342 68 20 måste
681 1341 278 27 lägenhetsinnehafvarene

201 1375 60 20 inom
279 1375 28 21 de
327 1375 24 21 af
366 1376 116 26 Egentliga
497 1376 101 20 Finlands
613 1375 126 27 skärgårds-
755 1376 42 20 och
811 1375 147 26 kustsocknar,

201 1408 74 22 hvilka
297 1409 47 21 icke
367 1410 126 26 inbegripits
514 1410 68 20 under
603 1410 27 20 de
645 1416 80 20 genom
743 1409 54 27 1896
812 1410 33 20 års
860 1409 48 21 bref
921 1410 39 26 på-

202 1443 79 26 bjudna
299 1443 350 28 skatteförmedlingsåtgärderna,
665 1444 133 20 fortfarande
812 1444 36 19 vid
864 1444 96 20 ansökan

201 1484 37 13 om
261 1477 91 28 lindring
374 1479 7 19 i
403 1478 41 20 den
460 1478 62 20 deras
535 1477 159 28 jordegendom
709 1478 72 21 åsatta
796 1477 85 21 skatten
896 1484 64 14 anses

273 1524 131 15 Statsutskottets
416 1524 104 15 betänkande
531 1524 35 15 N:o
575 1528 18 15 3.
