1070 1745
200 185 28 20 56
385 183 280 24 Petitionsbetänkande
680 184 46 23 N:o
740 184 37 23 13.

200 249 40 19 nat
255 247 103 22 ärtionde
373 248 117 21 befästade
505 248 100 27 ordning
620 249 74 20 skulle
710 248 139 27 kullhäfvas,
860 248 25 21 sä
896 248 61 21 inne-

200 281 56 22 bure
278 282 60 21 detta
360 289 28 14 en
411 282 161 27 omhvälfning
587 283 25 20 af
624 283 124 21 bestående
763 282 195 28 spräkförhällan-

200 315 51 28 den,
268 323 50 14 som
334 316 32 21 uti
382 317 51 20 hela
449 317 78 20 landet
543 317 73 21 skulle
632 317 70 21 alstra
718 319 30 19 ett
761 317 72 20 starkt
841 316 115 27 missnöje.

201 350 35 21 En
259 351 30 27 pä
305 351 71 21 sådan
392 351 75 26 grund
481 351 69 28 bygd,
565 351 55 21 våra
636 351 233 28 spräkförhällanden
890 351 70 26 regle-

200 385 72 21 rande
296 385 128 27 ständerlag
447 385 74 21 skulle
545 385 18 28 ej
581 386 95 21 komma
692 388 32 19 att
739 386 84 20 afsluta
839 385 119 28 spräkstri-

200 419 52 27 den,
276 422 54 18 utan
346 420 74 20 skulle
442 420 61 27 änyo
518 420 120 27 upptända
654 421 44 20 och
710 420 99 26 ständigt
819 419 138 21 underbläsa

200 453 142 21 densamma.

269 488 28 20 Vi
318 488 68 21 hafva
406 488 39 21 vid
467 488 134 22 affattandet
624 489 25 20 af
667 488 61 22 detta
750 490 104 19 moment
869 488 90 21 kunnat

201 522 6 20 i
230 522 133 22 hufvudsak
386 522 73 28 stödja
486 530 38 14 oss
551 523 30 27 pä
610 530 31 14 nu
664 523 105 27 gällande
793 522 164 27 författningar.

202 556 8 20 I
233 556 88 28 Nädiga
344 557 161 27 förordningen
529 558 25 20 af
574 557 44 21 den
641 558 27 20 29
692 557 125 21 December
841 558 54 20 1883
916 558 8 26 &
946 558 9 19 1

202 591 98 27 stadgas,
324 593 31 19 att
376 591 136 27 expedition,
535 598 50 14 som
610 592 50 20 frän
691 591 124 26 underrätt,
841 591 117 27 magistrat

201 625 54 21 eller
278 625 154 27 ordningsrätt
454 626 110 26 utfärdas,
587 626 48 26 bör,
652 626 25 20 sä
700 626 69 20 framt
791 625 18 27 ej
823 625 38 21 det
886 626 71 20 andra

202 660 103 26 spräkets
336 660 153 21 användande
519 660 50 21 frän
599 660 137 27 sakegarens
762 660 50 21 sida
842 660 115 27 uttryckli-

201 699 42 21 gen
266 694 75 26 äskas,
363 694 90 22 affattas
475 694 30 28 pä
528 695 38 21 det
585 695 77 27 spräk,
678 694 72 21 hvarä
765 694 138 28 protokollet
918 694 39 21 vid

202 730 76 19 ortens
287 728 150 21 kommunala
445 729 174 27 förhandlingar
629 729 65 21 föres.
720 728 143 21 Nästnämda
873 728 85 22 förord-

201 762 56 27 ning
269 762 136 22 inskränker
413 763 33 27 sig
457 763 125 21 emellertid
593 763 33 21 till
639 770 32 14 nu
683 762 151 28 uppräknade
842 762 117 28 judiciella

201 796 165 27 myndigheter,
389 797 120 21 hvaremot
530 797 28 21 de
581 798 60 26 lägre
657 797 184 21 administrativa
856 797 102 27 myndig-

201 830 95 22 heterna
304 830 140 22 beträffande
456 832 27 20 de
493 832 163 27 expeditioner,
667 831 79 21 hvilka
756 832 34 20 till
803 831 108 27 sakegare
926 834 33 18 ut-

202 864 84 27 färdas,
295 865 126 27 underlyda
431 866 89 26 Nädiga
535 866 164 26 förordningen
714 866 26 20 af
752 866 44 20 den
813 866 13 20 9
842 865 44 27 Maj
905 866 51 20 1881

202 899 12 26 8
232 899 18 26 1,
266 899 65 21 hvari
354 899 97 27 stadgas,
474 902 32 19 att
529 900 190 27 myndigheterna
738 900 56 21 böra
810 899 7 21 i
833 899 50 21 sina
894 906 65 21 expe-

201 932 99 21 ditioner
315 933 101 27 begagna
432 934 37 21 det
485 934 76 27 spräk,
577 934 30 27 pä
623 934 87 21 hvilket
725 934 94 21 ärendet
834 933 74 21 blifvit
920 940 39 14 an-

202 967 159 28 hängiggjordt
384 968 53 21 eller
459 968 130 27 expedition
608 968 79 21 äskad.
719 968 74 27 Nägot
806 968 50 21 skäl
872 968 34 21 för
930 975 28 14 en

202 1001 65 27 dylik
283 1001 114 21 ätskilnad
413 1003 83 20 mellan
516 1003 28 20 de
560 1003 60 26 lägre
629 1003 118 26 judiciella
758 1003 44 20 och
815 1002 143 21 administra-

200 1035 48 20 tiva
279 1035 189 28 myndigheterna
494 1037 122 20 förefinnes
639 1037 126 20 emellertid
790 1037 56 20 icke.
878 1037 81 20 Denna

204 1069 155 27 skiljaktighet
374 1071 42 20 har
432 1071 145 27 synbarligen
594 1071 102 27 uppstått
716 1071 141 27 därigenom,
879 1073 31 18 att
926 1078 32 14 nu

201 1104 106 26 gällande
324 1105 211 27 spräkstadganden
551 1108 43 18 sett
609 1106 72 26 dagen
693 1106 35 20 för
741 1105 218 22 tillfredsställandet

202 1138 25 20 af
255 1138 110 22 stundens
394 1142 58 18 mest
472 1140 125 26 trängande
618 1140 74 21 behof
711 1140 44 21 och
776 1140 57 26 kraf,
853 1142 56 18 utan
927 1142 32 19 att

202 1179 55 14 man
280 1172 108 22 bemödat
410 1173 34 27 sig
466 1180 38 14 om
531 1176 32 18 att
587 1174 35 21 för
648 1174 70 27 sagda
739 1174 141 27 stadganden
903 1182 56 20 upp-

202 1207 67 20 ställa
288 1214 27 14 en
336 1207 96 21 ledande
448 1208 143 26 grundtanke
607 1208 45 21 och
667 1208 144 21 konsekvent
826 1209 133 26 genomföra

201 1240 143 22 densamma.
375 1242 49 20 Den
447 1242 173 27 ifrägavarande
643 1242 117 22 olikheten
781 1244 26 19 är
821 1250 96 14 numera
933 1244 26 20 sä

202 1275 93 27 mycket
317 1275 89 21 mindre
428 1276 31 27 pä
474 1276 35 21 sin
525 1277 66 27 plats,
608 1284 50 14 som
673 1277 87 21 nämda
776 1277 183 21 administrativa

201 1309 165 27 myndigheter,
389 1310 69 27 enligt
481 1310 87 27 Nädiga
592 1311 86 21 hbrefvet
693 1311 25 20 af
730 1311 45 21 den
791 1311 14 20 4
820 1311 62 27 April
898 1312 60 26 1887,

201 1343 41 20 äro
266 1343 104 27 skyldiga
393 1346 32 19 att
448 1344 77 21 säsom
547 1345 93 20 officielt
662 1345 70 28 spräk
755 1345 108 21 använda
883 1347 76 20 ortens

201 1376 215 29 kommunalspräk.
442 1378 27 21 Vi
484 1378 69 21 hafva
569 1379 143 21 fördenskull
728 1379 53 21 stält
795 1379 46 21 alla
856 1379 103 28 myndig-

201 1411 65 21 heter
287 1411 63 21 inom
375 1419 32 13 nu
429 1412 172 27 ifrägavarande
624 1419 73 22 grupp
721 1413 30 28 pä
773 1420 91 15 samma
885 1414 74 21 ständ-

202 1445 76 26 punkt
300 1445 52 21 med
376 1446 106 21 afseende
504 1447 13 20 å
541 1447 91 27 språket
655 1447 7 20 i
682 1447 163 28 expeditioner,
861 1454 50 15 som
927 1451 33 18 ut-

201 1479 78 21 färdas
294 1480 33 20 till
342 1480 114 27 sakegare.
