1073 1748
235 168 27 18 10

204 237 85 28 förslag
312 238 72 22 skulle
407 238 68 22 vinna
500 238 153 28 Regeringens
679 238 166 28 godkännande,
872 240 83 20 största

204 274 64 22 delen
285 274 25 21 af
322 274 234 22 landskommunernas
573 274 130 22 sköterskor
718 274 38 22 vid
772 274 146 22 bedömandet
932 275 25 21 af

204 310 167 28 sjukdomarnas
395 313 36 19 art
453 311 39 21 och
516 310 136 28 behandling
671 317 53 15 vara
740 311 120 22 hänvisade
877 311 78 22 endast

204 346 35 21 till
255 346 35 27 sig
306 346 85 27 själfva.
422 347 49 21 Den
486 347 8 21 i
510 347 128 21 Utskottets
654 347 140 21 betänkande
810 347 50 29 (sid.
877 346 23 29 3)
917 348 37 27 pä-

204 382 87 26 pekade
307 382 125 22 kontrollen
448 389 77 21 genom
543 383 199 26 provincialläkare
758 383 43 21 kan
812 383 111 27 nämligen
934 383 20 27 ej

204 418 108 22 tillmätas
329 419 71 27 någon
417 421 72 19 större
504 419 123 27 betydelse,
644 419 90 21 emedan
747 419 64 21 dessa
826 419 70 21 under
907 419 48 21 sina

204 455 70 26 några
289 454 85 28 gånger
389 461 34 15 om
434 455 48 21 året
494 454 132 22 inträffande
638 455 201 27 inspektionsresor
850 455 7 21 i
872 455 26 21 de
910 454 44 22 ofta

204 490 89 27 mycket
311 492 60 20 stora
389 491 120 21 distrikten
528 491 79 21 endast
625 490 166 22 vore
676 486 10 35 i
694 490 97 22 tillfälle
801 493 31 19 att
840 491 115 22 förvärfva

205 532 26 16 en
239 527 67 26 högst
314 526 121 28 bristfällig
443 526 144 28 uppfattning
595 534 32 14 om
635 528 170 21 sköterskornas
812 527 144 22 värksamhet

204 562 57 21 inom
277 562 129 27 respektive
422 563 128 21 kommuner
566 563 39 21 och
625 565 58 19 ännu
707 563 84 21 mindre
814 563 73 21 kunde
910 563 44 21 till-

204 598 101 27 handagå
329 598 64 22 dessa
416 599 49 21 med
488 599 40 21 råd
554 599 36 21 vid
614 599 99 21 skötseln
733 598 24 22 af
775 599 101 21 enskilda
895 598 59 27 sjuk-

204 633 108 22 domsfall.

275 670 76 22 Under
371 670 82 21 sådana
469 670 154 22 förhållanden
639 677 53 15 anse
708 671 29 26 vi,
754 672 33 19 att
803 669 151 28 genomföran-

204 705 37 22 det
257 705 26 22 af
298 706 126 22 Utskottets
443 706 85 27 förslag
551 707 74 21 kunde
648 706 49 22 föra
718 706 135 27 sjukvården
874 706 7 21 i
905 707 50 20 vårt

203 742 53 21 land
281 742 22 21 in
325 742 28 27 på
373 742 82 22 sådana
475 742 100 27 afvägar,
592 743 40 21 där
649 743 41 21 den
706 743 68 21 redan
791 743 37 21 vid
844 742 59 22 tiden
920 742 34 21 för

203 777 264 23 fältskärsinstitutionen
487 785 47 15 var.
566 778 103 22 Fastmer
687 785 53 15 anse
762 778 21 22 vi
806 780 34 19 att
860 778 93 21 rationel

205 814 106 27 sjukvård
334 814 79 22 främst
436 815 40 21 bör
498 815 130 27 tillgodoses
654 821 78 21 genom
759 814 149 21 anställandet
932 813 25 22 af

204 849 209 29 kommunalläkare,
430 851 39 21 och
485 851 75 21 kunna
576 851 21 21 vi
613 851 50 21 icke
678 850 78 22 förena
771 856 36 15 oss
818 856 34 15 om
864 850 90 21 Utskot-

203 887 45 20 tets
265 886 66 25 åsikt,
351 888 33 20 att
403 886 26 22 de
452 886 170 28 ifrågavarande
646 886 211 28 sjuksköterskorna
882 886 72 22 skulle

205 922 98 27 bidraga,
330 922 35 22 till
391 925 33 19 att
449 922 71 22 förmå
542 922 158 22 kommunerna
723 924 34 20 att
781 922 95 21 anställa
899 928 54 21 egna

205 958 84 24 läkare,
313 959 52 20 utan
388 960 35 20 tro
446 958 23 22 vi
488 964 97 21 snarare,
605 960 33 20 att
657 964 27 16 en
700 958 81 27 mängd
797 958 134 27 kommuner,
948 958 6 20 i

205 994 110 21 anseende
331 994 34 21 till
381 994 43 22 den
440 994 88 27 ringare
545 994 129 27 kostnaden,
693 994 72 22 skulle
781 994 50 27 nöja
846 994 36 27 sig
899 994 56 21 blott

205 1029 48 21 med
270 1029 188 27 sjuksköterskor,
472 1030 29 27 ja,
518 1031 34 20 att
567 1030 38 21 det
621 1030 18 27 ej
657 1036 38 15 ens
711 1036 54 16 vore
781 1029 130 27 osannolikt,
923 1031 33 19 att

205 1071 27 15 en
249 1065 36 21 del
300 1065 134 27 kommuner,
452 1072 45 15 som
512 1072 30 15 nu
558 1065 66 22 hafva
640 1066 83 27 läkare,
735 1066 7 20 i
754 1066 117 21 framtiden
883 1065 72 21 skulle

205 1100 54 21 söka
283 1101 85 21 komma
391 1101 95 21 tillrätta
510 1104 53 18 utan
587 1102 114 21 desamma.
733 1102 78 26 Enligt
832 1101 41 21 vår
896 1101 60 21 åsikt

204 1136 69 22 borde
293 1136 122 22 ordnandet
430 1137 25 21 af
469 1137 133 26 sjukvården
619 1137 7 22 i
643 1137 60 21 detta
719 1136 60 28 syfte
795 1137 28 27 gå
839 1137 6 21 i
862 1136 93 22 omvänd

204 1172 108 27 riktning.
344 1172 45 22 För
408 1179 28 15 en
451 1173 97 21 anställd
564 1173 204 21 kommunalläkare
784 1173 58 21 skall
858 1173 44 26 det,
920 1178 36 16 en-

204 1207 42 27 ligt
263 1208 29 20 all
309 1208 146 28 sannolikhet,
472 1208 53 22 falla
541 1209 35 27 sig
591 1209 81 21 lättare
688 1211 33 19 att
736 1208 71 22 förmå
825 1208 130 22 kommunen

204 1243 35 21 till
256 1244 124 26 antagande
395 1243 26 22 af
433 1244 170 27 sjuksköterska
625 1247 29 19 än
677 1244 35 22 för
735 1244 72 22 denna
830 1246 34 19 att
886 1244 70 22 värka

204 1278 35 22 för
255 1279 150 22 anställandet
421 1280 24 21 af
459 1280 81 22 läkare.
566 1280 27 27 Ej
610 1280 72 22 häller
697 1280 45 22 kan
758 1286 27 16 en
801 1280 46 22 viss
864 1279 54 27 grad
934 1279 25 21 af

206 1314 156 22 kvacksalveri
377 1314 51 22 från
444 1316 171 21 sköterskornas
631 1316 48 21 sida
695 1316 135 26 fullkomligt
840 1316 115 27 uteslutas,

205 1350 67 21 äfven
292 1356 33 15 om
345 1351 26 21 de
391 1351 91 27 åläggas
506 1353 33 19 att
555 1352 76 21 arbeta
647 1351 135 27 afgiftsfritt,
800 1351 27 21 då
844 1351 26 21 de
886 1351 70 22 under

205 1385 131 28 utöfningen
352 1386 25 21 af
391 1387 40 21 sitt
446 1387 46 21 kall
507 1386 36 22 för
559 1387 37 22 det
611 1389 71 19 mesta
697 1386 74 23 blefve
787 1386 101 21 lämnade
903 1389 53 19 utan

205 1421 40 22 råd
269 1421 41 22 och
328 1422 97 22 kontroll
441 1422 49 22 från
506 1423 105 21 läkarens
627 1423 52 21 sida.
711 1423 45 21 Det
771 1422 91 22 afsedda
877 1422 79 21 försla-

205 1460 38 23 get
259 1464 67 20 synes
343 1458 92 21 sålunda
451 1465 53 15 vara
520 1458 35 22 för
578 1459 66 26 tidigt
664 1459 72 21 väckt.
769 1457 53 22 Skäl
846 1464 53 15 vore
924 1460 34 19 att
