1070 1745
231 187 13 20 2

203 250 148 25 lagstiftningen
366 251 85 19 rörande
467 251 112 24 grunderna
595 251 32 20 för
642 251 140 24 språkfrågans
795 251 84 24 lösning,
889 252 70 19 medan

202 279 56 20 Hans
269 279 112 24 Kejserliga
392 279 94 24 Majestät
496 279 123 20 fortfarande
630 279 121 20 förbehölles
761 282 41 17 rätt
812 282 29 17 att
851 280 109 20 bestämma

201 309 102 24 angående
320 309 34 18 det
368 308 68 27 språk,
446 314 42 14 som
498 309 52 19 skall
560 309 100 24 begagnas
671 309 5 19 i
688 309 161 19 ämbetsvärkens
865 309 93 20 inbördes

201 337 144 24 skriftväxling.

269 366 29 19 På
312 367 62 23 grund
390 365 22 20 af
425 366 51 19 hvad
491 366 19 19 vi
522 365 43 21 haft
575 369 48 17 äran
635 365 69 21 anföra
715 366 19 20 få
744 367 19 19 vi
774 367 101 19 vördsamt
885 366 74 21 föreslå

201 397 29 18 att
253 395 112 24 Höglofliga
387 395 148 24 Ridderskapet
553 395 37 20 och
606 395 64 20 Adeln
684 396 60 23 jämte
760 395 64 24 öfriga
839 396 58 19 stånd
913 396 45 19 ville

199 424 31 19 till
252 424 55 19 Hans
330 423 111 25 Kejserliga
464 424 95 24 Majestät
573 424 47 24 ingå
635 425 44 18 med
695 430 24 14 en
735 425 123 23 underdånig
873 425 85 23 petition

200 453 78 19 därom:

406 503 38 21 Att
460 502 64 22 Hans
540 502 127 29 Kejserliga
683 502 103 28 Majestät
802 502 80 22 täcktes
894 504 64 27 före-

338 532 64 27 lägga
433 532 125 21 Ständerna
588 532 68 28 nådig
683 532 138 28 proposition
846 532 112 28 angående

336 560 90 21 svenska
442 561 38 21 och
493 561 74 26 finska
582 561 107 27 språkens
699 561 142 27 likställighet
851 561 37 21 vid
898 561 59 21 dom-

336 590 68 20 stolar
424 590 38 20 och
477 590 228 28 ämbetsmyndigheter
718 590 8 20 i
740 590 107 26 Finland,
863 590 94 27 affattad

336 618 68 28 enligt
418 618 72 21 sådan
504 619 87 27 grund:

405 649 32 19 1:0
449 650 31 18 att
490 647 91 21 ämbets-
592 647 37 21 och
641 648 148 25 tjänsteman
777 643 14 35 i
796 648 84 20 allmän
889 647 68 27 tjänst

336 676 57 22 skall
409 683 53 14 vara
476 676 83 28 mäktig
576 676 85 21 landets
677 676 66 28 bägge
759 676 81 27 språk;

403 707 34 20 2:0
461 707 31 19 att
513 705 81 21 enhvar
609 712 48 21 eger
673 705 34 21 till
723 705 90 21 domstol
829 705 52 21 eller
897 712 58 21 myn-

336 734 72 28 dighet
423 734 71 20 vända
510 734 33 28 sig
556 735 32 26 på
604 734 90 20 svenska
710 734 52 20 eller
777 733 82 26 finska;

404 764 33 20 3:0
460 765 32 18 att
513 763 110 27 sakegare,
643 765 57 18 utom
720 763 8 20 i
748 762 72 21 nedan
842 765 113 25 upptagna

331 792 55 27 fall,
403 798 46 21 eger
471 792 62 20 såväl
548 792 8 20 i
572 792 60 27 lägre
654 798 45 14 som
722 792 64 26 högre
809 791 90 21 domstol
917 791 39 21 och

334 820 124 28 myndighet
479 822 45 18 rätt
547 822 32 19 att
594 821 8 19 i
617 820 87 26 ärende,
720 827 45 14 som
783 820 30 26 af
824 820 77 20 honom
916 827 39 13 an-

334 849 148 27 hängiggöres,
505 849 51 26 utfå
581 848 116 27 protokoll,
721 849 71 26 utslag
818 848 38 21 och
880 855 74 14 annan

334 877 123 28 expedition
472 878 8 20 i
496 878 97 27 original
609 878 32 26 på
658 877 34 21 det
707 877 74 27 språk,
797 877 90 20 svenska
903 877 52 21 eller

332 906 80 26 finska,
428 906 44 21 han
487 905 61 28 själf
560 905 106 28 begagnat
681 906 52 21 eller
748 905 75 25 äskat;

402 936 33 20 4:0
452 937 31 19 att
499 935 43 20 där
557 935 89 21 ärendet
662 935 181 27 anhängiggjorts
859 934 31 28 af
899 935 55 26 flere

334 963 103 28 sakegare
460 963 38 22 och
516 963 58 21 desse
590 963 96 28 begagna
702 963 59 21 olika
777 963 74 27 språk,
867 963 88 28 expedi-

334 993 45 20 tion
402 993 57 20 skall
481 992 105 27 utfärdas
606 993 32 26 på
657 993 34 20 det
707 991 74 28 språk,
797 991 90 21 svenska
903 993 52 20 eller

328 1021 83 26 Jinska,
434 1021 92 24 flertalet
548 1021 70 25 äskat,
641 1028 46 14 men
711 1021 37 20 vid
771 1020 46 21 lika
841 1021 62 20 antal
922 1021 32 27 på

334 1052 72 19 ortens
421 1049 205 28 kommunalspräk;

402 1079 35 21 5:0
454 1081 31 18 att
500 1079 8 20 i
524 1079 87 26 ärende,
626 1085 46 15 som
695 1078 85 21 enskild
795 1077 105 27 sakegare
915 1085 39 14 an-

332 1108 147 28 hängiggjort,
491 1107 113 27 protokoll
619 1108 38 20 och
673 1107 123 27 expedition
813 1107 7 19 i
835 1106 65 28 högre
910 1109 53 18 rätt:

332 1137 52 21 eller
407 1136 123 28 myndighet
548 1136 93 27 affattas
653 1137 33 26 på
701 1136 35 21 det
751 1135 68 28 språk
834 1135 60 27 lägre
909 1138 44 18 rätt

332 1166 52 20 eller
400 1165 121 27 myndighet
537 1166 8 19 i
560 1172 84 13 samma
659 1164 81 21 ärende
755 1164 115 28 begagnat;

400 1195 33 19 6:0
458 1196 31 18 att
511 1194 65 27 ifrån
600 1193 162 27 bestämningar
785 1192 111 28 angående
918 1192 34 21 det

331 1222 74 28 språk,
419 1222 83 28 hvarpå
516 1222 122 27 expedition
658 1222 37 21 bör
710 1222 9 20 i
733 1221 96 28 original
848 1221 104 27 utgifvas,

332 1250 45 22 icke
400 1251 72 21 andra
494 1251 114 27 undantag
631 1252 36 19 må
690 1257 37 21 ega
750 1256 48 14 rum
814 1252 29 18 än
859 1250 32 22 de,
907 1256 43 14 som

331 1280 122 21 tillsvidare
468 1280 97 27 betingas
586 1279 31 27 af
628 1286 26 14 en
670 1279 34 21 del
720 1279 143 27 tjänstemäns
877 1285 75 20 genom

331 1308 93 27 tidigare
439 1308 259 27 kompetensstadganden
710 1307 112 28 reglerade
836 1307 118 27 ställning;

400 1338 34 19 7:o
447 1339 32 18 att
494 1337 108 27 handling
615 1336 39 21 och
670 1335 143 22 meddelande
825 1335 59 27 från
895 1335 57 21 dom-

330 1366 41 20 stol
387 1366 51 20 eller
453 1365 124 28 myndighet
592 1365 35 20 till
643 1365 100 20 kommun
756 1365 53 20 eller
815 1364 136 27 församling

330 1394 57 21 skall
410 1394 91 27 affattas
516 1395 33 26 på
569 1394 48 20 dess
635 1392 179 29 protokollspråk
836 1393 59 24 eller,
911 1392 41 21 där

330 1422 224 28 expeditionsspråket
569 1423 95 26 lagligen
678 1423 55 20 varit
746 1422 35 20 det
793 1421 79 25 andra,
884 1421 68 27 åtföl-

328 1451 36 27 jas
380 1451 31 28 af
423 1451 170 28 öfversättning;

398 1481 34 20 8:0
455 1482 32 19 att
509 1479 116 21 enahanda
648 1479 99 27 skrifter,
771 1478 96 28 afsedda
891 1481 30 18 att
943 1479 8 20 i

330 1508 80 28 kyrkor
426 1508 116 28 kungöras,
558 1508 25 21 så
599 1507 39 21 ock
653 1507 135 28 myndighets
799 1507 84 27 anslag,
895 1507 55 21 lika-
