1073 1742
340 137 324 28 Petitionsmemorial.

123 206 177 29 (Öfversättning.)

231 264 115 35 Prestest.
686 268 43 22 N:o
745 268 23 21 8.

284 586 48 19 Till
347 586 160 25 Högvördiga
522 587 196 19 Presteståndet.

197 652 39 19 Vid
253 652 57 19 1888
326 652 34 19 års
376 652 98 25 landtdag
489 653 53 18 hade
556 652 37 25 jag
609 653 51 19 äran
676 654 28 17 att
714 653 28 19 uti
752 653 125 24 prestestån-

127 683 33 18 det
183 682 114 19 framställa
318 683 28 18 ett
366 682 172 25 petitionsförslag
553 683 7 18 i
576 682 54 25 syfte
646 684 29 17 att
690 688 26 13 en
732 682 146 20 döfstumskola

127 712 63 19 måtte
213 712 87 19 inrättas
322 712 7 19 i
344 712 114 25 Uleåborgs
473 712 34 19 län
523 713 13 18 å
552 714 36 21 ort,
605 717 44 14 som
665 712 31 19 för
712 712 116 20 ändamålet
843 717 34 14 an-

128 742 48 25 sågs
197 742 91 25 lämplig.
320 741 39 20 Om
375 742 54 19 detta
444 742 78 25 förslag
537 742 79 25 yttrade
632 742 33 25 sig
680 742 153 19 vederbörande
848 743 29 18 ut-

128 772 53 19 skott
200 771 7 20 i
224 771 87 25 afgifvet
326 771 127 20 betänkande
469 773 28 18 att
513 772 180 19 abnormskolorna
708 772 37 19 och
760 772 118 25 isynnerhet

128 802 94 19 skolorna
238 801 32 20 för
286 801 122 20 döfstumma
423 807 49 14 voro
489 802 83 19 alldeles
588 802 135 25 otillräckliga
738 802 32 19 för
786 803 28 18 att
828 803 50 18 mot-

129 837 61 14 svara
206 831 25 20 de
246 831 111 20 bestående
372 831 164 20 förhållandenas
552 831 48 20 kraf
614 832 38 19 och
668 833 28 18 att
711 831 166 26 petitionsförsla-

129 863 34 23 get
178 861 54 25 förty
247 867 50 13 vore
313 861 131 25 synnerligen
459 861 165 24 beaktansvärdt,
642 862 54 18 hvad
712 862 90 19 närmast
817 861 60 20 Uleå-

129 891 61 25 borgs
210 891 35 19 län
260 891 132 19 vidkommer.
423 891 47 19 Men
487 892 48 19 enär
552 891 73 25 frågan
641 897 33 13 om
690 891 189 20 abnormskolornas

131 921 104 19 ordnande
257 921 7 19 i
285 920 85 20 Finland
386 921 34 19 vid
436 921 67 19 denna
517 921 93 25 tidpunkt
625 927 37 13 var
678 921 63 19 under
757 921 123 24 behandling

130 951 36 19 hos
181 950 124 26 regeringen
321 951 38 19 och
375 951 33 19 det
423 952 70 24 syntes
509 951 101 19 sannolikt
626 952 28 18 att
665 952 66 18 staten
741 951 62 19 äfven
814 950 65 20 skulle

130 981 64 24 draga
210 980 80 25 försorg
306 986 32 14 om
354 980 113 26 Uleåborgs
482 982 45 18 läns
543 981 63 19 behof
619 981 7 19 i
642 981 55 19 detta
712 981 104 23 afseende,
827 980 53 20 före-

131 1011 45 24 slog
199 1010 95 20 utskottet
317 1012 29 18 att
364 1011 194 25 petitionsförslaget
572 1011 7 19 i
595 1010 61 26 fråga
670 1011 46 19 icke
732 1011 65 19 skulle
812 1010 67 20 föran-

130 1040 46 20 leda
191 1040 30 20 till
236 1040 102 20 särskilda
353 1040 95 26 åtgärder
464 1041 45 19 från
525 1041 121 19 ständernas
657 1041 51 19 sida.
729 1041 43 19 Och
783 1046 32 14 om
826 1040 55 20 detta

130 1070 108 20 utskottets
254 1070 78 25 förslag
347 1070 97 20 förenade
460 1071 33 25 sig
508 1071 116 19 ständerna.

202 1100 32 19 Ett
257 1100 120 25 detaljeradt
400 1101 37 19 och
461 1100 126 26 fullständigt
606 1106 96 20 program
719 1100 86 20 rörande
821 1100 60 19 sättet

131 1130 31 19 för
184 1130 190 20 abnormskolornas
395 1130 137 25 organisation
551 1130 37 20 hos
611 1136 34 14 oss
664 1130 37 20 har
717 1130 62 20 äfven
794 1130 87 25 tidigare

132 1160 108 19 aflämnats
264 1160 28 19 till
309 1160 129 25 regeringen.
471 1160 67 20 Sedan
554 1160 47 20 dess
616 1160 64 20 hafva
695 1160 49 20 flere
760 1160 22 19 är
798 1159 82 25 förgått,

131 1195 47 14 men
200 1190 7 18 i
230 1195 61 14 norra
314 1190 86 19 Finland
423 1190 37 19 har
483 1190 113 20 tillsvidare
615 1190 47 20 icke
678 1190 92 20 inrättats
786 1195 26 14 en
828 1189 52 20 enda

132 1220 63 22 skola,
218 1220 72 19 afsedd
306 1220 30 19 för
353 1220 97 19 abnorma
465 1220 46 19 från
526 1220 66 19 finska
607 1220 54 20 hem.
694 1216 138 23 Österbottens
846 1220 34 18 be-

131 1249 37 19 hof
176 1250 37 18 har
229 1250 50 23 åter,
296 1250 69 19 såsom
380 1250 79 25 vanligt
474 1250 109 19 förbisetts.

202 1279 47 19 Med
272 1279 97 29 afseende
392 1280 51 19 härå
465 1280 117 19 inlemnade
603 1280 152 19 undertecknnd
771 1280 29 19 till
815 1278 65 25 tredje

132 1308 128 26 kyrkomötet
281 1309 7 19 i
311 1309 42 19 Åbo
378 1310 22 18 är
424 1310 57 18 1893
503 1311 28 18 ett
551 1308 174 26 petitionsförslag
744 1310 8 19 i
768 1308 114 20 förenämdt

133 1338 59 25 syfte,
214 1339 104 25 nämligen
334 1340 28 18 att
377 1339 28 19 uti
420 1339 114 25 Uleäborgs
550 1340 34 18 län
600 1339 104 25 ändtligen
719 1339 62 19 mätte
796 1339 86 19 inrättas

132 1374 26 14 en
182 1368 146 20 döfstumskola
351 1369 13 19 å
384 1369 66 19 därtill
471 1369 23 19 af
511 1365 165 29 Öfverstyrelsen
692 1369 31 19 för
738 1368 144 20 skolväsendet

133 1398 72 20 utsedd
220 1398 59 25 plats.
311 1398 9 20 I
336 1399 110 25 anledning
456 1399 62 19 häraf
527 1399 93 19 framhöll
630 1399 138 25 kyrkomötets
780 1398 102 20 allmänna

133 1428 197 25 beredningsutskott
351 1428 28 20 uti
400 1428 33 20 sitt
453 1429 6 19 i
481 1428 60 25 fräga
562 1428 78 25 afgifna
661 1429 109 23 utlätande,
786 1429 96 19 hurusom
