<?xml version="1.0" encoding="UTF-8"?>
<alto xmlns="http://www.loc.gov/standards/alto/ns-v3#" xmlns:xlink="http://www.w3.org/1999/xlink" xmlns:xsi="http://www.w3.org/2001/XMLSchema-instance" xsi:schemaLocation="http://www.loc.gov/standards/alto/ns-v3# http://www.loc.gov/alto/v3/alto-3-0.xsd">
	<Description>
		<MeasurementUnit>pixel</MeasurementUnit>
		<sourceImageInformation>
			<fileName>/tmp/tess_ybd_lrz4_input.PNG</fileName>
		</sourceImageInformation>
		<OCRProcessing ID="OCR_0">
			<ocrProcessingStep>
				<processingSoftware>
					<softwareName>tesseract 5.3.4</softwareName>
				</processingSoftware>
			</ocrProcessingStep>
		</OCRProcessing>
	</Description>
	<Layout>
		<Page WIDTH="1070" HEIGHT="1745" PHYSICAL_IMG_NR="0" ID="page_0">
			<PrintSpace HPOS="0" VPOS="0" WIDTH="1070" HEIGHT="1745">
				<ComposedBlock ID="cblock_0" HPOS="212" VPOS="183" WIDTH="570" HEIGHT="23">
					<TextBlock ID="block_0" HPOS="212" VPOS="183" WIDTH="570" HEIGHT="23">
						<TextLine ID="line_0" HPOS="212" VPOS="183" WIDTH="570" HEIGHT="23">
							<String ID="string_0" HPOS="212" VPOS="184" WIDTH="28" HEIGHT="20" WC="0.96" CONTENT="42"/><SP WIDTH="155" VPOS="184" HPOS="240"/>
							<String ID="string_1" HPOS="395" VPOS="183" WIDTH="278" HEIGHT="23" WC="0.90" CONTENT="Petitionsbetänkande"/><SP WIDTH="15" VPOS="183" HPOS="673"/>
							<String ID="string_2" HPOS="688" VPOS="183" WIDTH="43" HEIGHT="22" WC="0.96" CONTENT="N:o"/><SP WIDTH="15" VPOS="183" HPOS="731"/>
							<String ID="string_3" HPOS="746" VPOS="183" WIDTH="36" HEIGHT="22" WC="0.92" CONTENT="13."/>
						</TextLine>
					</TextBlock>
				</ComposedBlock>
				<ComposedBlock ID="cblock_1" HPOS="202" VPOS="245" WIDTH="768" HEIGHT="1260">
					<TextBlock ID="block_1" HPOS="210" VPOS="245" WIDTH="760" HEIGHT="234">
						<TextLine ID="line_1" HPOS="212" VPOS="245" WIDTH="758" HEIGHT="28">
							<String ID="string_4" HPOS="212" VPOS="246" WIDTH="146" HEIGHT="21" WC="0.92" CONTENT="förhällande"/><SP WIDTH="16" VPOS="246" HPOS="358"/>
							<String ID="string_5" HPOS="374" VPOS="247" WIDTH="25" HEIGHT="20" WC="0.96" CONTENT="är"/><SP WIDTH="15" VPOS="247" HPOS="399"/>
							<String ID="string_6" HPOS="414" VPOS="246" WIDTH="38" HEIGHT="21" WC="0.96" CONTENT="det"/><SP WIDTH="15" VPOS="246" HPOS="452"/>
							<String ID="string_7" HPOS="467" VPOS="247" WIDTH="66" HEIGHT="26" WC="0.96" CONTENT="klart,"/><SP WIDTH="17" VPOS="247" HPOS="533"/>
							<String ID="string_8" HPOS="550" VPOS="249" WIDTH="32" HEIGHT="18" WC="0.96" CONTENT="att"/><SP WIDTH="15" VPOS="249" HPOS="582"/>
							<String ID="string_9" HPOS="597" VPOS="246" WIDTH="43" HEIGHT="21" WC="0.96" CONTENT="den"/><SP WIDTH="17" VPOS="246" HPOS="640"/>
							<String ID="string_10" HPOS="657" VPOS="247" WIDTH="75" HEIGHT="20" WC="0.93" CONTENT="finska"/><SP WIDTH="11" VPOS="247" HPOS="732"/>
							<String ID="string_11" HPOS="743" VPOS="246" WIDTH="191" HEIGHT="26" WC="0.90" CONTENT="öfversättningen"/><SP WIDTH="11" VPOS="246" HPOS="934"/>
							<String ID="string_12" HPOS="945" VPOS="245" WIDTH="25" HEIGHT="22" WC="0.97" CONTENT="af"/>
						</TextLine>
						<TextLine ID="line_2" HPOS="212" VPOS="280" WIDTH="755" HEIGHT="28">
							<String ID="string_13" HPOS="212" VPOS="287" WIDTH="28" HEIGHT="14" WC="0.92" CONTENT="en"/><SP WIDTH="24" VPOS="287" HPOS="240"/>
							<String ID="string_14" HPOS="264" VPOS="280" WIDTH="129" HEIGHT="27" WC="0.92" CONTENT="expedition"/><SP WIDTH="23" VPOS="280" HPOS="393"/>
							<String ID="string_15" HPOS="416" VPOS="282" WIDTH="26" HEIGHT="19" WC="0.95" CONTENT="är"/><SP WIDTH="22" VPOS="282" HPOS="442"/>
							<String ID="string_16" HPOS="464" VPOS="283" WIDTH="31" HEIGHT="18" WC="0.96" CONTENT="ett"/><SP WIDTH="23" VPOS="283" HPOS="495"/>
							<String ID="string_17" HPOS="518" VPOS="281" WIDTH="134" HEIGHT="26" WC="0.93" CONTENT="dokument,"/><SP WIDTH="23" VPOS="281" HPOS="652"/>
							<String ID="string_18" HPOS="675" VPOS="281" WIDTH="88" HEIGHT="27" WC="0.92" CONTENT="hvarpä"/><SP WIDTH="15" VPOS="281" HPOS="763"/>
							<String ID="string_19" HPOS="778" VPOS="281" WIDTH="124" HEIGHT="26" WC="0.92" CONTENT="sakegaren"/><SP WIDTH="15" VPOS="281" HPOS="902"/>
							<String ID="string_20" HPOS="917" VPOS="280" WIDTH="50" HEIGHT="21" WC="0.93" CONTENT="icke"/>
						</TextLine>
						<TextLine ID="line_3" HPOS="212" VPOS="314" WIDTH="755" HEIGHT="27">
							<String ID="string_21" HPOS="212" VPOS="315" WIDTH="46" HEIGHT="20" WC="0.96" CONTENT="kan"/><SP WIDTH="17" VPOS="315" HPOS="258"/>
							<String ID="string_22" HPOS="275" VPOS="317" WIDTH="55" HEIGHT="18" WC="0.93" CONTENT="utan"/><SP WIDTH="16" VPOS="317" HPOS="330"/>
							<String ID="string_23" HPOS="346" VPOS="315" WIDTH="115" HEIGHT="20" WC="0.92" CONTENT="rättsväda"/><SP WIDTH="15" VPOS="315" HPOS="461"/>
							<String ID="string_24" HPOS="476" VPOS="315" WIDTH="132" HEIGHT="26" WC="0.92" CONTENT="obetingadt"/><SP WIDTH="15" VPOS="315" HPOS="608"/>
							<String ID="string_25" HPOS="623" VPOS="315" WIDTH="75" HEIGHT="21" WC="0.92" CONTENT="förlita"/><SP WIDTH="16" VPOS="315" HPOS="698"/>
							<String ID="string_26" HPOS="714" VPOS="315" WIDTH="39" HEIGHT="26" WC="0.96" CONTENT="sig."/><SP WIDTH="24" VPOS="315" HPOS="753"/>
							<String ID="string_27" HPOS="777" VPOS="315" WIDTH="42" HEIGHT="20" WC="0.96" CONTENT="Det"/><SP WIDTH="15" VPOS="315" HPOS="819"/>
							<String ID="string_28" HPOS="834" VPOS="316" WIDTH="26" HEIGHT="19" WC="0.93" CONTENT="är"/><SP WIDTH="20" VPOS="316" HPOS="860"/>
							<String ID="string_29" HPOS="880" VPOS="314" WIDTH="87" HEIGHT="21" WC="0.92" CONTENT="säledes"/>
						</TextLine>
						<TextLine ID="line_4" HPOS="212" VPOS="349" WIDTH="755" HEIGHT="27">
							<String ID="string_30" HPOS="212" VPOS="349" WIDTH="147" HEIGHT="26" WC="0.88" CONTENT="obestridligt,"/><SP WIDTH="20" VPOS="349" HPOS="359"/>
							<String ID="string_31" HPOS="379" VPOS="351" WIDTH="31" HEIGHT="19" WC="0.93" CONTENT="att"/><SP WIDTH="18" VPOS="351" HPOS="410"/>
							<String ID="string_32" HPOS="428" VPOS="349" WIDTH="76" HEIGHT="27" WC="0.88" CONTENT="kejsar"/><SP WIDTH="18" VPOS="349" HPOS="504"/>
							<String ID="string_33" HPOS="522" VPOS="349" WIDTH="128" HEIGHT="21" WC="0.93" CONTENT="Alexander"/><SP WIDTH="19" VPOS="349" HPOS="650"/>
							<String ID="string_34" HPOS="669" VPOS="350" WIDTH="39" HEIGHT="20" WC="0.91" CONTENT="II:s"/><SP WIDTH="16" VPOS="350" HPOS="708"/>
							<String ID="string_35" HPOS="724" VPOS="349" WIDTH="26" HEIGHT="21" WC="0.95" CONTENT="är"/><SP WIDTH="17" VPOS="349" HPOS="750"/>
							<String ID="string_36" HPOS="767" VPOS="350" WIDTH="54" HEIGHT="20" WC="0.93" CONTENT="1863"/><SP WIDTH="15" VPOS="350" HPOS="821"/>
							<String ID="string_37" HPOS="836" VPOS="349" WIDTH="63" HEIGHT="26" WC="0.93" CONTENT="gifna"/><SP WIDTH="15" VPOS="349" HPOS="899"/>
							<String ID="string_38" HPOS="914" VPOS="349" WIDTH="53" HEIGHT="21" WC="0.92" CONTENT="löfte"/>
						</TextLine>
						<TextLine ID="line_5" HPOS="211" VPOS="383" WIDTH="755" HEIGHT="28">
							<String ID="string_39" HPOS="211" VPOS="389" WIDTH="39" HEIGHT="14" WC="0.96" CONTENT="om"/><SP WIDTH="17" VPOS="389" HPOS="250"/>
							<String ID="string_40" HPOS="267" VPOS="383" WIDTH="44" HEIGHT="20" WC="0.93" CONTENT="den"/><SP WIDTH="15" VPOS="383" HPOS="311"/>
							<String ID="string_41" HPOS="326" VPOS="383" WIDTH="170" HEIGHT="28" WC="0.92" CONTENT="finskspräkiga"/><SP WIDTH="15" VPOS="383" HPOS="496"/>
							<String ID="string_42" HPOS="511" VPOS="384" WIDTH="175" HEIGHT="26" WC="0.92" CONTENT="befolkningens"/><SP WIDTH="16" VPOS="384" HPOS="686"/>
							<String ID="string_43" HPOS="702" VPOS="383" WIDTH="129" HEIGHT="27" WC="0.93" CONTENT="rättigheter"/><SP WIDTH="15" VPOS="383" HPOS="831"/>
							<String ID="string_44" HPOS="846" VPOS="383" WIDTH="19" HEIGHT="28" WC="0.93" CONTENT="ej"/><SP WIDTH="17" VPOS="383" HPOS="865"/>
							<String ID="string_45" HPOS="882" VPOS="390" WIDTH="39" HEIGHT="14" WC="0.96" CONTENT="ens"/><SP WIDTH="13" VPOS="390" HPOS="921"/>
							<String ID="string_46" HPOS="934" VPOS="390" WIDTH="32" HEIGHT="14" WC="0.96" CONTENT="nu"/>
						</TextLine>
						<TextLine ID="line_6" HPOS="212" VPOS="417" WIDTH="754" HEIGHT="28">
							<String ID="string_47" HPOS="212" VPOS="417" WIDTH="25" HEIGHT="20" WC="0.96" CONTENT="är"/><SP WIDTH="20" VPOS="417" HPOS="237"/>
							<String ID="string_48" HPOS="257" VPOS="418" WIDTH="52" HEIGHT="20" WC="0.96" CONTENT="1897"/><SP WIDTH="22" VPOS="418" HPOS="309"/>
							<String ID="string_49" HPOS="331" VPOS="419" WIDTH="26" HEIGHT="19" WC="0.93" CONTENT="är"/><SP WIDTH="17" VPOS="419" HPOS="357"/>
							<String ID="string_50" HPOS="374" VPOS="418" WIDTH="107" HEIGHT="27" WC="0.92" CONTENT="uppfyldt"/><SP WIDTH="21" VPOS="418" HPOS="481"/>
							<String ID="string_51" HPOS="502" VPOS="418" WIDTH="141" HEIGHT="20" WC="0.93" CONTENT="beträffande"/><SP WIDTH="23" VPOS="418" HPOS="643"/>
							<String ID="string_52" HPOS="666" VPOS="418" WIDTH="50" HEIGHT="20" WC="0.92" CONTENT="frän"/><SP WIDTH="23" VPOS="418" HPOS="716"/>
							<String ID="string_53" HPOS="739" VPOS="418" WIDTH="97" HEIGHT="20" WC="0.92" CONTENT="Senaten"/><SP WIDTH="19" VPOS="418" HPOS="836"/>
							<String ID="string_54" HPOS="855" VPOS="417" WIDTH="111" HEIGHT="27" WC="0.91" CONTENT="utgäende"/>
						</TextLine>
						<TextLine ID="line_7" HPOS="210" VPOS="451" WIDTH="161" HEIGHT="28">
							<String ID="string_55" HPOS="210" VPOS="451" WIDTH="161" HEIGHT="28" WC="0.92" CONTENT="expeditioner."/>
						</TextLine>
					</TextBlock>
					<TextBlock ID="block_2" HPOS="202" VPOS="486" WIDTH="764" HEIGHT="944">
						<TextLine ID="line_8" HPOS="285" VPOS="486" WIDTH="681" HEIGHT="27">
							<String ID="string_56" HPOS="285" VPOS="486" WIDTH="119" HEIGHT="21" WC="0.92" CONTENT="Likaledes"/><SP WIDTH="18" VPOS="486" HPOS="404"/>
							<String ID="string_57" HPOS="422" VPOS="487" WIDTH="26" HEIGHT="20" WC="0.93" CONTENT="är"/><SP WIDTH="18" VPOS="487" HPOS="448"/>
							<String ID="string_58" HPOS="466" VPOS="486" WIDTH="201" HEIGHT="27" WC="0.93" CONTENT="värkställigheten"/><SP WIDTH="18" VPOS="486" HPOS="667"/>
							<String ID="string_59" HPOS="685" VPOS="487" WIDTH="26" HEIGHT="20" WC="0.93" CONTENT="af"/><SP WIDTH="17" VPOS="487" HPOS="711"/>
							<String ID="string_60" HPOS="728" VPOS="486" WIDTH="70" HEIGHT="27" WC="0.92" CONTENT="sagda"/><SP WIDTH="22" VPOS="486" HPOS="798"/>
							<String ID="string_61" HPOS="820" VPOS="486" WIDTH="53" HEIGHT="21" WC="0.92" CONTENT="löfte"/><SP WIDTH="23" VPOS="486" HPOS="873"/>
							<String ID="string_62" HPOS="896" VPOS="486" WIDTH="6" HEIGHT="21" WC="0.93" CONTENT="i"/><SP WIDTH="16" VPOS="486" HPOS="902"/>
							<String ID="string_63" HPOS="918" VPOS="486" WIDTH="48" HEIGHT="21" WC="0.92" CONTENT="hof-"/>
						</TextLine>
						<TextLine ID="line_9" HPOS="211" VPOS="521" WIDTH="755" HEIGHT="26">
							<String ID="string_64" HPOS="211" VPOS="521" WIDTH="99" HEIGHT="20" WC="0.91" CONTENT="rätterna"/><SP WIDTH="31" VPOS="521" HPOS="310"/>
							<String ID="string_65" HPOS="341" VPOS="521" WIDTH="40" HEIGHT="20" WC="0.86" CONTENT="allt"/><SP WIDTH="22" VPOS="521" HPOS="381"/>
							<String ID="string_66" HPOS="403" VPOS="523" WIDTH="71" HEIGHT="18" WC="0.96" CONTENT="annat"/><SP WIDTH="26" VPOS="523" HPOS="474"/>
							<String ID="string_67" HPOS="500" VPOS="522" WIDTH="30" HEIGHT="19" WC="0.94" CONTENT="än"/><SP WIDTH="28" VPOS="522" HPOS="530"/>
							<String ID="string_68" HPOS="558" VPOS="521" WIDTH="139" HEIGHT="26" WC="0.93" CONTENT="fullständig."/><SP WIDTH="31" VPOS="521" HPOS="697"/>
							<String ID="string_69" HPOS="728" VPOS="521" WIDTH="88" HEIGHT="26" WC="0.91" CONTENT="Nädiga"/><SP WIDTH="23" VPOS="521" HPOS="816"/>
							<String ID="string_70" HPOS="839" VPOS="521" WIDTH="127" HEIGHT="20" WC="0.91" CONTENT="förordnin-"/>
						</TextLine>
						<TextLine ID="line_10" HPOS="210" VPOS="555" WIDTH="755" HEIGHT="26">
							<String ID="string_71" HPOS="210" VPOS="560" WIDTH="42" HEIGHT="21" WC="0.96" CONTENT="gen"/><SP WIDTH="18" VPOS="560" HPOS="252"/>
							<String ID="string_72" HPOS="270" VPOS="555" WIDTH="25" HEIGHT="20" WC="0.96" CONTENT="af"/><SP WIDTH="12" VPOS="555" HPOS="295"/>
							<String ID="string_73" HPOS="307" VPOS="555" WIDTH="44" HEIGHT="20" WC="0.96" CONTENT="den"/><SP WIDTH="16" VPOS="555" HPOS="351"/>
							<String ID="string_74" HPOS="367" VPOS="556" WIDTH="27" HEIGHT="19" WC="0.96" CONTENT="29"/><SP WIDTH="16" VPOS="556" HPOS="394"/>
							<String ID="string_75" HPOS="410" VPOS="555" WIDTH="126" HEIGHT="21" WC="0.96" CONTENT="December"/><SP WIDTH="16" VPOS="555" HPOS="536"/>
							<String ID="string_76" HPOS="552" VPOS="556" WIDTH="54" HEIGHT="20" WC="0.93" CONTENT="1883"/><SP WIDTH="16" VPOS="556" HPOS="606"/>
							<String ID="string_77" HPOS="622" VPOS="557" WIDTH="13" HEIGHT="24" WC="0.54" CONTENT="$"/><SP WIDTH="14" VPOS="557" HPOS="635"/>
							<String ID="string_78" HPOS="649" VPOS="557" WIDTH="9" HEIGHT="19" WC="0.93" CONTENT="1"/><SP WIDTH="15" VPOS="557" HPOS="658"/>
							<String ID="string_79" HPOS="673" VPOS="555" WIDTH="145" HEIGHT="22" WC="0.92" CONTENT="föreskrifver"/><SP WIDTH="9" VPOS="555" HPOS="818"/>
							<String ID="string_80" HPOS="827" VPOS="555" WIDTH="138" HEIGHT="26" WC="0.96" CONTENT="visserligen,"/>
						</TextLine>
						<TextLine ID="line_11" HPOS="210" VPOS="589" WIDTH="755" HEIGHT="28">
							<String ID="string_81" HPOS="210" VPOS="591" WIDTH="32" HEIGHT="18" WC="0.96" CONTENT="att"/><SP WIDTH="11" VPOS="591" HPOS="242"/>
							<String ID="string_82" HPOS="253" VPOS="589" WIDTH="38" HEIGHT="21" WC="0.93" CONTENT="det"/><SP WIDTH="11" VPOS="589" HPOS="291"/>
							<String ID="string_83" HPOS="302" VPOS="589" WIDTH="75" HEIGHT="28" WC="0.93" CONTENT="språk,"/><SP WIDTH="10" VPOS="589" HPOS="377"/>
							<String ID="string_84" HPOS="387" VPOS="590" WIDTH="88" HEIGHT="27" WC="0.92" CONTENT="hvarpä"/><SP WIDTH="11" VPOS="590" HPOS="475"/>
							<String ID="string_85" HPOS="486" VPOS="589" WIDTH="60" HEIGHT="27" WC="0.67" CONTENT="lägre"/><SP WIDTH="7" VPOS="589" HPOS="546"/>
							<String ID="string_86" HPOS="553" VPOS="591" WIDTH="55" HEIGHT="20" WC="0.96" CONTENT="rätts"/><SP WIDTH="12" VPOS="591" HPOS="608"/>
							<String ID="string_87" HPOS="620" VPOS="590" WIDTH="54" HEIGHT="21" WC="0.93" CONTENT="eller"/><SP WIDTH="8" VPOS="590" HPOS="674"/>
							<String ID="string_88" HPOS="682" VPOS="590" WIDTH="145" HEIGHT="27" WC="0.96" CONTENT="myndighets"/><SP WIDTH="8" VPOS="590" HPOS="827"/>
							<String ID="string_89" HPOS="835" VPOS="589" WIDTH="130" HEIGHT="28" WC="0.96" CONTENT="expedition"/>
						</TextLine>
						<TextLine ID="line_12" HPOS="210" VPOS="623" WIDTH="755" HEIGHT="28">
							<String ID="string_90" HPOS="210" VPOS="624" WIDTH="26" HEIGHT="19" WC="0.92" CONTENT="är"/><SP WIDTH="15" VPOS="624" HPOS="236"/>
							<String ID="string_91" HPOS="251" VPOS="623" WIDTH="100" HEIGHT="27" WC="0.90" CONTENT="affattad,"/><SP WIDTH="17" VPOS="623" HPOS="351"/>
							<String ID="string_92" HPOS="368" VPOS="624" WIDTH="67" HEIGHT="21" WC="0.92" CONTENT="äfven"/><SP WIDTH="16" VPOS="624" HPOS="435"/>
							<String ID="string_93" HPOS="451" VPOS="624" WIDTH="58" HEIGHT="21" WC="0.93" CONTENT="skall"/><SP WIDTH="17" VPOS="624" HPOS="509"/>
							<String ID="string_94" HPOS="526" VPOS="624" WIDTH="114" HEIGHT="26" WC="0.92" CONTENT="begagnas"/><SP WIDTH="16" VPOS="624" HPOS="640"/>
							<String ID="string_95" HPOS="656" VPOS="624" WIDTH="7" HEIGHT="21" WC="0.93" CONTENT="i"/><SP WIDTH="15" VPOS="624" HPOS="663"/>
							<String ID="string_96" HPOS="678" VPOS="624" WIDTH="119" HEIGHT="21" WC="0.89" CONTENT="öfverrätts"/><SP WIDTH="15" VPOS="624" HPOS="797"/>
							<String ID="string_97" HPOS="812" VPOS="623" WIDTH="130" HEIGHT="28" WC="0.92" CONTENT="expedition"/><SP WIDTH="15" VPOS="623" HPOS="942"/>
							<String ID="string_98" HPOS="957" VPOS="623" WIDTH="8" HEIGHT="20" WC="0.96" CONTENT="i"/>
						</TextLine>
						<TextLine ID="line_13" HPOS="210" VPOS="653" WIDTH="755" HEIGHT="31">
							<String ID="string_99" HPOS="210" VPOS="664" WIDTH="89" HEIGHT="14" WC="0.93" CONTENT="samma"/><SP WIDTH="14" VPOS="664" HPOS="299"/>
							<String ID="string_100" HPOS="313" VPOS="658" WIDTH="89" HEIGHT="21" WC="0.96" CONTENT="ärende."/><SP WIDTH="18" VPOS="658" HPOS="402"/>
							<String ID="string_101" HPOS="420" VPOS="659" WIDTH="52" HEIGHT="20" WC="0.91" CONTENT="Men"/><SP WIDTH="9" VPOS="659" HPOS="472"/>
							<String ID="string_102" HPOS="481" VPOS="658" WIDTH="27" HEIGHT="26" WC="0.65" CONTENT="i$"/><SP WIDTH="8" VPOS="658" HPOS="508"/>
							<String ID="string_103" HPOS="516" VPOS="659" WIDTH="13" HEIGHT="20" WC="0.0" CONTENT="6"/><SP WIDTH="9" VPOS="659" HPOS="529"/>
							<String ID="string_104" HPOS="538" VPOS="658" WIDTH="24" HEIGHT="20" WC="0.0" CONTENT="af"/><SP WIDTH="6" VPOS="658" HPOS="562"/>
							<String ID="string_105" HPOS="568" VPOS="665" WIDTH="89" HEIGHT="14" WC="0.93" CONTENT="samma"/><SP WIDTH="9" VPOS="665" HPOS="657"/>
							<String ID="string_106" HPOS="666" VPOS="658" WIDTH="132" HEIGHT="26" WC="0.96" CONTENT="författning"/><SP WIDTH="9" VPOS="658" HPOS="798"/>
							<String ID="string_107" HPOS="807" VPOS="657" WIDTH="99" HEIGHT="27" WC="0.90" CONTENT="stadgas:"/><SP WIDTH="17" VPOS="657" HPOS="906"/>
							<String ID="string_108" HPOS="923" VPOS="653" WIDTH="42" HEIGHT="25" WC="0.86" CONTENT="»Är"/>
						</TextLine>
						<TextLine ID="line_14" HPOS="209" VPOS="692" WIDTH="754" HEIGHT="27">
							<String ID="string_109" HPOS="209" VPOS="692" WIDTH="7" HEIGHT="20" WC="0.93" CONTENT="i"/><SP WIDTH="17" VPOS="692" HPOS="216"/>
							<String ID="string_110" HPOS="233" VPOS="692" WIDTH="91" HEIGHT="21" WC="0.92" CONTENT="Hofrätt"/><SP WIDTH="14" VPOS="692" HPOS="324"/>
							<String ID="string_111" HPOS="338" VPOS="692" WIDTH="170" HEIGHT="27" WC="0.92" CONTENT="tjänstgörande"/><SP WIDTH="16" VPOS="692" HPOS="508"/>
							<String ID="string_112" HPOS="524" VPOS="692" WIDTH="107" HEIGHT="27" WC="0.96" CONTENT="ledamot,"/><SP WIDTH="13" VPOS="692" HPOS="631"/>
							<String ID="string_113" HPOS="644" VPOS="699" WIDTH="50" HEIGHT="14" WC="0.96" CONTENT="som"/><SP WIDTH="11" VPOS="699" HPOS="694"/>
							<String ID="string_114" HPOS="705" VPOS="693" WIDTH="29" HEIGHT="26" WC="0.96" CONTENT="pä"/><SP WIDTH="11" VPOS="693" HPOS="734"/>
							<String ID="string_115" HPOS="745" VPOS="692" WIDTH="73" HEIGHT="27" WC="0.96" CONTENT="grund"/><SP WIDTH="11" VPOS="692" HPOS="818"/>
							<String ID="string_116" HPOS="829" VPOS="692" WIDTH="25" HEIGHT="21" WC="0.96" CONTENT="af"/><SP WIDTH="8" VPOS="692" HPOS="854"/>
							<String ID="string_117" HPOS="862" VPOS="699" WIDTH="101" HEIGHT="19" WC="0.96" CONTENT="examen,"/>
						</TextLine>
						<TextLine ID="line_15" HPOS="210" VPOS="726" WIDTH="754" HEIGHT="27">
							<String ID="string_118" HPOS="210" VPOS="726" WIDTH="161" HEIGHT="27" WC="0.92" CONTENT="undergängen"/><SP WIDTH="24" VPOS="726" HPOS="371"/>
							<String ID="string_119" HPOS="395" VPOS="727" WIDTH="46" HEIGHT="20" WC="0.96" CONTENT="före"/><SP WIDTH="23" VPOS="727" HPOS="441"/>
							<String ID="string_120" HPOS="464" VPOS="727" WIDTH="44" HEIGHT="20" WC="0.96" CONTENT="den"/><SP WIDTH="25" VPOS="727" HPOS="508"/>
							<String ID="string_121" HPOS="533" VPOS="728" WIDTH="9" HEIGHT="19" WC="0.96" CONTENT="1"/><SP WIDTH="25" VPOS="728" HPOS="542"/>
							<String ID="string_122" HPOS="567" VPOS="727" WIDTH="95" HEIGHT="20" WC="0.96" CONTENT="Januari"/><SP WIDTH="25" VPOS="727" HPOS="662"/>
							<String ID="string_123" HPOS="687" VPOS="728" WIDTH="53" HEIGHT="19" WC="0.93" CONTENT="1867"/><SP WIDTH="17" VPOS="728" HPOS="740"/>
							<String ID="string_124" HPOS="757" VPOS="727" WIDTH="82" HEIGHT="20" WC="0.91" CONTENT="vunnit"/><SP WIDTH="15" VPOS="727" HPOS="839"/>
							<String ID="string_125" HPOS="854" VPOS="726" WIDTH="110" HEIGHT="21" WC="0.91" CONTENT="inträde"/><SP WIDTH="-15" VPOS="726" HPOS="964"/>
							<String ID="string_126" HPOS="949" VPOS="722" WIDTH="19" HEIGHT="35" WC="0.96" CONTENT="i"/>
						</TextLine>
						<TextLine ID="line_16" HPOS="210" VPOS="761" WIDTH="753" HEIGHT="27">
							<String ID="string_127" HPOS="210" VPOS="761" WIDTH="126" HEIGHT="26" WC="0.88" CONTENT="Hofrätten,"/><SP WIDTH="24" VPOS="761" HPOS="336"/>
							<String ID="string_128" HPOS="360" VPOS="761" WIDTH="75" HEIGHT="20" WC="0.93" CONTENT="finska"/><SP WIDTH="23" VPOS="761" HPOS="435"/>
							<String ID="string_129" HPOS="458" VPOS="761" WIDTH="92" HEIGHT="27" WC="0.93" CONTENT="spräket"/><SP WIDTH="22" VPOS="761" HPOS="550"/>
							<String ID="string_130" HPOS="572" VPOS="761" WIDTH="49" HEIGHT="20" WC="0.92" CONTENT="icke"/><SP WIDTH="24" VPOS="761" HPOS="621"/>
							<String ID="string_131" HPOS="645" VPOS="761" WIDTH="24" HEIGHT="21" WC="0.91" CONTENT="sä"/><SP WIDTH="23" VPOS="761" HPOS="669"/>
							<String ID="string_132" HPOS="692" VPOS="761" WIDTH="93" HEIGHT="26" WC="0.89" CONTENT="mäktig,"/><SP WIDTH="23" VPOS="761" HPOS="785"/>
							<String ID="string_133" HPOS="808" VPOS="763" WIDTH="32" HEIGHT="18" WC="0.96" CONTENT="att"/><SP WIDTH="15" VPOS="763" HPOS="840"/>
							<String ID="string_134" HPOS="855" VPOS="761" WIDTH="46" HEIGHT="20" WC="0.96" CONTENT="han"/><SP WIDTH="16" VPOS="761" HPOS="901"/>
							<String ID="string_135" HPOS="917" VPOS="761" WIDTH="46" HEIGHT="20" WC="0.96" CONTENT="kan"/>
						</TextLine>
						<TextLine ID="line_17" HPOS="208" VPOS="795" WIDTH="755" HEIGHT="28">
							<String ID="string_136" HPOS="208" VPOS="795" WIDTH="91" HEIGHT="26" WC="0.92" CONTENT="deltaga"/><SP WIDTH="21" VPOS="795" HPOS="299"/>
							<String ID="string_137" HPOS="320" VPOS="795" WIDTH="7" HEIGHT="20" WC="0.93" CONTENT="i"/><SP WIDTH="22" VPOS="795" HPOS="327"/>
							<String ID="string_138" HPOS="349" VPOS="795" WIDTH="166" HEIGHT="27" WC="0.92" CONTENT="expeditioners"/><SP WIDTH="21" VPOS="795" HPOS="515"/>
							<String ID="string_139" HPOS="536" VPOS="795" WIDTH="136" HEIGHT="21" WC="0.92" CONTENT="utfärdande"/><SP WIDTH="15" VPOS="795" HPOS="672"/>
							<String ID="string_140" HPOS="687" VPOS="796" WIDTH="29" HEIGHT="27" WC="0.93" CONTENT="pä"/><SP WIDTH="16" VPOS="796" HPOS="716"/>
							<String ID="string_141" HPOS="732" VPOS="795" WIDTH="86" HEIGHT="21" WC="0.92" CONTENT="nämda"/><SP WIDTH="16" VPOS="795" HPOS="818"/>
							<String ID="string_142" HPOS="834" VPOS="795" WIDTH="75" HEIGHT="27" WC="0.93" CONTENT="spräk,"/><SP WIDTH="16" VPOS="795" HPOS="909"/>
							<String ID="string_143" HPOS="925" VPOS="795" WIDTH="38" HEIGHT="20" WC="0.96" CONTENT="mä"/>
						</TextLine>
						<TextLine ID="line_18" HPOS="209" VPOS="829" WIDTH="754" HEIGHT="26">
							<String ID="string_144" HPOS="209" VPOS="829" WIDTH="32" HEIGHT="20" WC="0.96" CONTENT="uti"/><SP WIDTH="17" VPOS="829" HPOS="241"/>
							<String ID="string_145" HPOS="258" VPOS="829" WIDTH="28" HEIGHT="20" WC="0.93" CONTENT="de"/><SP WIDTH="16" VPOS="829" HPOS="286"/>
							<String ID="string_146" HPOS="302" VPOS="829" WIDTH="45" HEIGHT="20" WC="0.96" CONTENT="mål"/><SP WIDTH="16" VPOS="829" HPOS="347"/>
							<String ID="string_147" HPOS="363" VPOS="829" WIDTH="44" HEIGHT="21" WC="0.93" CONTENT="och"/><SP WIDTH="16" VPOS="829" HPOS="407"/>
							<String ID="string_148" HPOS="423" VPOS="829" WIDTH="107" HEIGHT="26" WC="0.96" CONTENT="ärenden,"/><SP WIDTH="16" VPOS="829" HPOS="530"/>
							<String ID="string_149" HPOS="546" VPOS="829" WIDTH="7" HEIGHT="21" WC="0.93" CONTENT="i"/><SP WIDTH="16" VPOS="829" HPOS="553"/>
							<String ID="string_150" HPOS="569" VPOS="829" WIDTH="90" HEIGHT="21" WC="0.96" CONTENT="hvilkas"/><SP WIDTH="16" VPOS="829" HPOS="659"/>
							<String ID="string_151" HPOS="675" VPOS="829" WIDTH="171" HEIGHT="26" WC="0.96" CONTENT="handläggning"/><SP WIDTH="16" VPOS="829" HPOS="846"/>
							<String ID="string_152" HPOS="862" VPOS="829" WIDTH="46" HEIGHT="20" WC="0.93" CONTENT="han"/><SP WIDTH="11" VPOS="829" HPOS="908"/>
							<String ID="string_153" HPOS="919" VPOS="829" WIDTH="44" HEIGHT="20" WC="0.92" CONTENT="del-"/>
						</TextLine>
						<TextLine ID="line_19" HPOS="206" VPOS="863" WIDTH="758" HEIGHT="27">
							<String ID="string_154" HPOS="206" VPOS="863" WIDTH="62" HEIGHT="26" WC="0.93" CONTENT="tagit,"/><SP WIDTH="24" VPOS="863" HPOS="268"/>
							<String ID="string_155" HPOS="292" VPOS="863" WIDTH="136" HEIGHT="27" WC="0.95" CONTENT="expedition,"/><SP WIDTH="24" VPOS="863" HPOS="428"/>
							<String ID="string_156" HPOS="452" VPOS="871" WIDTH="50" HEIGHT="13" WC="0.96" CONTENT="som"/><SP WIDTH="23" VPOS="871" HPOS="502"/>
							<String ID="string_157" HPOS="525" VPOS="864" WIDTH="69" HEIGHT="26" WC="0.93" CONTENT="enligt"/><SP WIDTH="22" VPOS="864" HPOS="594"/>
							<String ID="string_158" HPOS="616" VPOS="865" WIDTH="6" HEIGHT="25" WC="0.75" CONTENT="$"/><SP WIDTH="18" VPOS="865" HPOS="622"/>
							<String ID="string_159" HPOS="640" VPOS="865" WIDTH="8" HEIGHT="19" WC="0.96" CONTENT="1"/><SP WIDTH="18" VPOS="865" HPOS="648"/>
							<String ID="string_160" HPOS="666" VPOS="864" WIDTH="71" HEIGHT="20" WC="0.93" CONTENT="borde"/><SP WIDTH="16" VPOS="864" HPOS="737"/>
							<String ID="string_161" HPOS="753" VPOS="864" WIDTH="13" HEIGHT="20" WC="0.92" CONTENT="ä"/><SP WIDTH="16" VPOS="864" HPOS="766"/>
							<String ID="string_162" HPOS="782" VPOS="863" WIDTH="75" HEIGHT="21" WC="0.93" CONTENT="finska"/><SP WIDTH="16" VPOS="863" HPOS="857"/>
							<String ID="string_163" HPOS="873" VPOS="863" WIDTH="91" HEIGHT="27" WC="0.96" CONTENT="språket"/>
						</TextLine>
						<TextLine ID="line_20" HPOS="207" VPOS="897" WIDTH="756" HEIGHT="28">
							<String ID="string_164" HPOS="207" VPOS="897" WIDTH="105" HEIGHT="27" WC="0.91" CONTENT="utgifvas,"/><SP WIDTH="19" VPOS="897" HPOS="312"/>
							<String ID="string_165" HPOS="331" VPOS="898" WIDTH="90" HEIGHT="20" WC="0.92" CONTENT="affattas"/><SP WIDTH="19" VPOS="898" HPOS="421"/>
							<String ID="string_166" HPOS="440" VPOS="898" WIDTH="29" HEIGHT="26" WC="0.96" CONTENT="pä"/><SP WIDTH="19" VPOS="898" HPOS="469"/>
							<String ID="string_167" HPOS="488" VPOS="898" WIDTH="99" HEIGHT="20" WC="0.93" CONTENT="svenska"/><SP WIDTH="16" VPOS="898" HPOS="587"/>
							<String ID="string_168" HPOS="603" VPOS="898" WIDTH="97" HEIGHT="27" WC="0.90" CONTENT="spräket,"/><SP WIDTH="17" VPOS="898" HPOS="700"/>
							<String ID="string_169" HPOS="717" VPOS="904" WIDTH="52" HEIGHT="14" WC="0.96" CONTENT="men"/><SP WIDTH="17" VPOS="904" HPOS="769"/>
							<String ID="string_170" HPOS="786" VPOS="898" WIDTH="57" HEIGHT="20" WC="0.96" CONTENT="skall"/><SP WIDTH="17" VPOS="898" HPOS="843"/>
							<String ID="string_171" HPOS="860" VPOS="897" WIDTH="7" HEIGHT="21" WC="0.93" CONTENT="i"/><SP WIDTH="15" VPOS="897" HPOS="867"/>
							<String ID="string_172" HPOS="882" VPOS="897" WIDTH="81" HEIGHT="21" WC="0.92" CONTENT="sädant"/>
						</TextLine>
						<TextLine ID="line_21" HPOS="207" VPOS="931" WIDTH="756" HEIGHT="27">
							<String ID="string_173" HPOS="207" VPOS="932" WIDTH="39" HEIGHT="20" WC="0.93" CONTENT="fall"/><SP WIDTH="20" VPOS="932" HPOS="246"/>
							<String ID="string_174" HPOS="266" VPOS="931" WIDTH="89" HEIGHT="27" WC="0.92" CONTENT="ätföljas"/><SP WIDTH="18" VPOS="931" HPOS="355"/>
							<String ID="string_175" HPOS="373" VPOS="932" WIDTH="26" HEIGHT="20" WC="0.93" CONTENT="af"/><SP WIDTH="15" VPOS="932" HPOS="399"/>
							<String ID="string_176" HPOS="414" VPOS="932" WIDTH="164" HEIGHT="26" WC="0.91" CONTENT="öfversättning"/><SP WIDTH="15" VPOS="932" HPOS="578"/>
							<String ID="string_177" HPOS="593" VPOS="932" WIDTH="33" HEIGHT="21" WC="0.93" CONTENT="till"/><SP WIDTH="17" VPOS="932" HPOS="626"/>
							<String ID="string_178" HPOS="643" VPOS="932" WIDTH="99" HEIGHT="26" WC="0.91" CONTENT="finskan,"/><SP WIDTH="16" VPOS="932" HPOS="742"/>
							<String ID="string_179" HPOS="758" VPOS="931" WIDTH="117" HEIGHT="21" WC="0.92" CONTENT="värkstäld"/><SP WIDTH="15" VPOS="931" HPOS="875"/>
							<String ID="string_180" HPOS="890" VPOS="932" WIDTH="25" HEIGHT="20" WC="0.93" CONTENT="af"/><SP WIDTH="12" VPOS="932" HPOS="915"/>
							<String ID="string_181" HPOS="927" VPOS="931" WIDTH="36" HEIGHT="21" WC="0.92" CONTENT="ed-"/>
						</TextLine>
						<TextLine ID="line_22" HPOS="206" VPOS="966" WIDTH="757" HEIGHT="21">
							<String ID="string_182" HPOS="206" VPOS="973" WIDTH="85" HEIGHT="14" WC="0.92" CONTENT="svuren"/><SP WIDTH="15" VPOS="973" HPOS="291"/>
							<String ID="string_183" HPOS="306" VPOS="966" WIDTH="39" HEIGHT="20" WC="0.93" CONTENT="vid"/><SP WIDTH="16" VPOS="966" HPOS="345"/>
							<String ID="string_184" HPOS="361" VPOS="966" WIDTH="119" HEIGHT="21" WC="0.91" CONTENT="Hofrätten"/><SP WIDTH="16" VPOS="966" HPOS="480"/>
							<String ID="string_185" HPOS="496" VPOS="967" WIDTH="91" HEIGHT="20" WC="0.93" CONTENT="anstäld"/><SP WIDTH="16" VPOS="967" HPOS="587"/>
							<String ID="string_186" HPOS="603" VPOS="967" WIDTH="141" HEIGHT="20" WC="0.93" CONTENT="translator.»"/><SP WIDTH="26" VPOS="967" HPOS="744"/>
							<String ID="string_187" HPOS="770" VPOS="967" WIDTH="76" HEIGHT="20" WC="0.92" CONTENT="Detär"/><SP WIDTH="8" VPOS="967" HPOS="846"/>
							<String ID="string_188" HPOS="854" VPOS="968" WIDTH="29" HEIGHT="19" WC="0.93" CONTENT="ett"/><SP WIDTH="9" VPOS="968" HPOS="883"/>
							<String ID="string_189" HPOS="892" VPOS="966" WIDTH="71" HEIGHT="21" WC="0.93" CONTENT="kändt"/>
						</TextLine>
						<TextLine ID="line_23" HPOS="206" VPOS="1000" WIDTH="757" HEIGHT="26">
							<String ID="string_190" HPOS="206" VPOS="1000" WIDTH="96" HEIGHT="26" WC="0.92" CONTENT="faktum,"/><SP WIDTH="9" VPOS="1000" HPOS="302"/>
							<String ID="string_191" HPOS="311" VPOS="1002" WIDTH="32" HEIGHT="19" WC="0.96" CONTENT="att"/><SP WIDTH="6" VPOS="1002" HPOS="343"/>
							<String ID="string_192" HPOS="349" VPOS="1007" WIDTH="54" HEIGHT="14" WC="0.96" CONTENT="man"/><SP WIDTH="7" VPOS="1007" HPOS="403"/>
							<String ID="string_193" HPOS="410" VPOS="1000" WIDTH="38" HEIGHT="21" WC="0.93" CONTENT="vid"/><SP WIDTH="8" VPOS="1000" HPOS="448"/>
							<String ID="string_194" HPOS="456" VPOS="1001" WIDTH="88" HEIGHT="20" WC="0.92" CONTENT="landets"/><SP WIDTH="9" VPOS="1001" HPOS="544"/>
							<String ID="string_195" HPOS="553" VPOS="1001" WIDTH="108" HEIGHT="20" WC="0.88" CONTENT="hofrätter"/><SP WIDTH="7" VPOS="1001" HPOS="661"/>
							<String ID="string_196" HPOS="668" VPOS="1001" WIDTH="31" HEIGHT="20" WC="0.93" CONTENT="alt"/><SP WIDTH="6" VPOS="1001" HPOS="699"/>
							<String ID="string_197" HPOS="705" VPOS="1000" WIDTH="139" HEIGHT="21" WC="0.91" CONTENT="fortfarande"/><SP WIDTH="8" VPOS="1000" HPOS="844"/>
							<String ID="string_198" HPOS="852" VPOS="1000" WIDTH="56" HEIGHT="21" WC="0.92" CONTENT="ochi"/><SP WIDTH="8" VPOS="1000" HPOS="908"/>
							<String ID="string_199" HPOS="916" VPOS="1002" WIDTH="47" HEIGHT="19" WC="0.96" CONTENT="stor"/>
						</TextLine>
						<TextLine ID="line_24" HPOS="205" VPOS="1034" WIDTH="757" HEIGHT="27">
							<String ID="string_200" HPOS="205" VPOS="1034" WIDTH="160" HEIGHT="26" WC="0.95" CONTENT="utsträckning"/><SP WIDTH="14" VPOS="1034" HPOS="365"/>
							<String ID="string_201" HPOS="379" VPOS="1037" WIDTH="91" HEIGHT="24" WC="0.96" CONTENT="tryggar"/><SP WIDTH="15" VPOS="1037" HPOS="470"/>
							<String ID="string_202" HPOS="485" VPOS="1035" WIDTH="33" HEIGHT="26" WC="0.96" CONTENT="sig"/><SP WIDTH="14" VPOS="1035" HPOS="518"/>
							<String ID="string_203" HPOS="532" VPOS="1035" WIDTH="33" HEIGHT="20" WC="0.96" CONTENT="till"/><SP WIDTH="19" VPOS="1035" HPOS="565"/>
							<String ID="string_204" HPOS="584" VPOS="1035" WIDTH="27" HEIGHT="20" WC="0.93" CONTENT="de"/><SP WIDTH="20" VPOS="1035" HPOS="611"/>
							<String ID="string_205" HPOS="631" VPOS="1035" WIDTH="97" HEIGHT="20" WC="0.90" CONTENT="sälunda"/><SP WIDTH="16" VPOS="1035" HPOS="728"/>
							<String ID="string_206" HPOS="744" VPOS="1035" WIDTH="87" HEIGHT="20" WC="0.92" CONTENT="tillätna"/><SP WIDTH="17" VPOS="1035" HPOS="831"/>
							<String ID="string_207" HPOS="848" VPOS="1035" WIDTH="114" HEIGHT="20" WC="0.91" CONTENT="öfversätt-"/>
						</TextLine>
						<TextLine ID="line_25" HPOS="205" VPOS="1068" WIDTH="756" HEIGHT="27">
							<String ID="string_208" HPOS="205" VPOS="1068" WIDTH="120" HEIGHT="26" WC="0.90" CONTENT="ningarna,"/><SP WIDTH="15" VPOS="1068" HPOS="325"/>
							<String ID="string_209" HPOS="340" VPOS="1081" WIDTH="29" HEIGHT="2" WC="0.90" CONTENT="—"/><SP WIDTH="16" VPOS="1081" HPOS="369"/>
							<String ID="string_210" HPOS="385" VPOS="1069" WIDTH="33" HEIGHT="20" WC="0.96" CONTENT="till"/><SP WIDTH="17" VPOS="1069" HPOS="418"/>
							<String ID="string_211" HPOS="435" VPOS="1069" WIDTH="44" HEIGHT="20" WC="0.96" CONTENT="och"/><SP WIDTH="16" VPOS="1069" HPOS="479"/>
							<String ID="string_212" HPOS="495" VPOS="1069" WIDTH="52" HEIGHT="20" WC="0.95" CONTENT="med"/><SP WIDTH="16" VPOS="1069" HPOS="547"/>
							<String ID="string_213" HPOS="563" VPOS="1069" WIDTH="7" HEIGHT="20" WC="0.95" CONTENT="i"/><SP WIDTH="14" VPOS="1069" HPOS="570"/>
							<String ID="string_214" HPOS="584" VPOS="1069" WIDTH="25" HEIGHT="21" WC="0.96" CONTENT="sä"/><SP WIDTH="10" VPOS="1069" HPOS="609"/>
							<String ID="string_215" HPOS="619" VPOS="1071" WIDTH="47" HEIGHT="19" WC="0.96" CONTENT="stor"/><SP WIDTH="12" VPOS="1071" HPOS="666"/>
							<String ID="string_216" HPOS="678" VPOS="1069" WIDTH="164" HEIGHT="26" WC="0.96" CONTENT="utsträckning,"/><SP WIDTH="13" VPOS="1069" HPOS="842"/>
							<String ID="string_217" HPOS="855" VPOS="1071" WIDTH="32" HEIGHT="18" WC="0.93" CONTENT="att"/><SP WIDTH="10" VPOS="1071" HPOS="887"/>
							<String ID="string_218" HPOS="897" VPOS="1069" WIDTH="64" HEIGHT="20" WC="0.91" CONTENT="hvar-"/>
						</TextLine>
						<TextLine ID="line_26" HPOS="206" VPOS="1102" WIDTH="756" HEIGHT="22">
							<String ID="string_219" HPOS="206" VPOS="1102" WIDTH="44" HEIGHT="21" WC="0.95" CONTENT="ken"/><SP WIDTH="25" VPOS="1102" HPOS="250"/>
							<String ID="string_220" HPOS="275" VPOS="1103" WIDTH="46" HEIGHT="20" WC="0.95" CONTENT="före"/><SP WIDTH="24" VPOS="1103" HPOS="321"/>
							<String ID="string_221" HPOS="345" VPOS="1103" WIDTH="25" HEIGHT="20" WC="0.96" CONTENT="är"/><SP WIDTH="24" VPOS="1103" HPOS="370"/>
							<String ID="string_222" HPOS="394" VPOS="1104" WIDTH="53" HEIGHT="19" WC="0.96" CONTENT="1867"/><SP WIDTH="24" VPOS="1104" HPOS="447"/>
							<String ID="string_223" HPOS="471" VPOS="1103" WIDTH="7" HEIGHT="20" WC="0.93" CONTENT="i"/><SP WIDTH="23" VPOS="1103" HPOS="478"/>
							<String ID="string_224" HPOS="501" VPOS="1103" WIDTH="306" HEIGHT="21" WC="0.91" CONTENT="filosofiekandidatexamen"/><SP WIDTH="16" VPOS="1103" HPOS="807"/>
							<String ID="string_225" HPOS="823" VPOS="1103" WIDTH="139" HEIGHT="20" WC="0.92" CONTENT="förvärfvadt"/>
						</TextLine>
						<TextLine ID="line_27" HPOS="207" VPOS="1137" WIDTH="754" HEIGHT="28">
							<String ID="string_226" HPOS="207" VPOS="1137" WIDTH="82" HEIGHT="26" WC="0.91" CONTENT="högsta"/><SP WIDTH="22" VPOS="1137" HPOS="289"/>
							<String ID="string_227" HPOS="311" VPOS="1137" WIDTH="87" HEIGHT="20" WC="0.91" CONTENT="vitsord"/><SP WIDTH="23" VPOS="1137" HPOS="398"/>
							<String ID="string_228" HPOS="421" VPOS="1137" WIDTH="7" HEIGHT="20" WC="0.95" CONTENT="i"/><SP WIDTH="23" VPOS="1137" HPOS="428"/>
							<String ID="string_229" HPOS="451" VPOS="1137" WIDTH="75" HEIGHT="21" WC="0.92" CONTENT="finska"/><SP WIDTH="23" VPOS="1137" HPOS="526"/>
							<String ID="string_230" HPOS="549" VPOS="1137" WIDTH="91" HEIGHT="28" WC="0.92" CONTENT="spräket"/><SP WIDTH="16" VPOS="1137" HPOS="640"/>
							<String ID="string_231" HPOS="656" VPOS="1138" WIDTH="53" HEIGHT="20" WC="0.93" CONTENT="eller"/><SP WIDTH="16" VPOS="1138" HPOS="709"/>
							<String ID="string_232" HPOS="725" VPOS="1137" WIDTH="60" HEIGHT="21" WC="0.92" CONTENT="förut"/><SP WIDTH="15" VPOS="1137" HPOS="785"/>
							<String ID="string_233" HPOS="800" VPOS="1137" WIDTH="110" HEIGHT="20" WC="0.91" CONTENT="innehafd"/><SP WIDTH="15" VPOS="1137" HPOS="910"/>
							<String ID="string_234" HPOS="925" VPOS="1137" WIDTH="36" HEIGHT="20" WC="0.89" CONTENT="be-"/>
						</TextLine>
						<TextLine ID="line_28" HPOS="206" VPOS="1170" WIDTH="755" HEIGHT="29">
							<String ID="string_235" HPOS="206" VPOS="1170" WIDTH="98" HEIGHT="27" WC="0.91" CONTENT="fattning"/><SP WIDTH="22" VPOS="1170" HPOS="304"/>
							<String ID="string_236" HPOS="326" VPOS="1178" WIDTH="49" HEIGHT="14" WC="0.96" CONTENT="som"/><SP WIDTH="24" VPOS="1178" HPOS="375"/>
							<String ID="string_237" HPOS="399" VPOS="1172" WIDTH="123" HEIGHT="20" WC="0.96" CONTENT="translator"/><SP WIDTH="21" VPOS="1172" HPOS="522"/>
							<String ID="string_238" HPOS="543" VPOS="1171" WIDTH="6" HEIGHT="20" WC="0.93" CONTENT="i"/><SP WIDTH="23" VPOS="1171" HPOS="549"/>
							<String ID="string_239" HPOS="572" VPOS="1171" WIDTH="85" HEIGHT="21" WC="0.92" CONTENT="nämda"/><SP WIDTH="24" VPOS="1171" HPOS="657"/>
							<String ID="string_240" HPOS="681" VPOS="1171" WIDTH="70" HEIGHT="28" WC="0.92" CONTENT="spräk"/><SP WIDTH="24" VPOS="1171" HPOS="751"/>
							<String ID="string_241" HPOS="775" VPOS="1173" WIDTH="85" HEIGHT="19" WC="0.92" CONTENT="ansetts"/><SP WIDTH="22" VPOS="1173" HPOS="860"/>
							<String ID="string_242" HPOS="882" VPOS="1173" WIDTH="79" HEIGHT="24" WC="0.96" CONTENT="utgöra"/>
						</TextLine>
						<TextLine ID="line_29" HPOS="205" VPOS="1205" WIDTH="756" HEIGHT="28">
							<String ID="string_243" HPOS="205" VPOS="1205" WIDTH="65" HEIGHT="20" WC="0.93" CONTENT="bevis"/><SP WIDTH="16" VPOS="1205" HPOS="270"/>
							<String ID="string_244" HPOS="286" VPOS="1205" WIDTH="29" HEIGHT="27" WC="0.93" CONTENT="pä"/><SP WIDTH="16" VPOS="1205" HPOS="315"/>
							<String ID="string_245" HPOS="331" VPOS="1205" WIDTH="72" HEIGHT="21" WC="0.91" CONTENT="sädan"/><SP WIDTH="16" VPOS="1205" HPOS="403"/>
							<String ID="string_246" HPOS="419" VPOS="1205" WIDTH="186" HEIGHT="28" WC="0.91" CONTENT="spräkkunskap,"/><SP WIDTH="17" VPOS="1205" HPOS="605"/>
							<String ID="string_247" HPOS="622" VPOS="1213" WIDTH="50" HEIGHT="14" WC="0.96" CONTENT="som"/><SP WIDTH="11" VPOS="1213" HPOS="672"/>
							<String ID="string_248" HPOS="683" VPOS="1206" WIDTH="74" HEIGHT="21" WC="0.93" CONTENT="skulle"/><SP WIDTH="11" VPOS="1206" HPOS="757"/>
							<String ID="string_249" HPOS="768" VPOS="1205" WIDTH="108" HEIGHT="28" WC="0.92" CONTENT="förplikta"/><SP WIDTH="10" VPOS="1205" HPOS="876"/>
							<String ID="string_250" HPOS="886" VPOS="1205" WIDTH="75" HEIGHT="21" WC="0.93" CONTENT="veder-"/>
						</TextLine>
						<TextLine ID="line_30" HPOS="204" VPOS="1239" WIDTH="757" HEIGHT="27">
							<String ID="string_251" HPOS="204" VPOS="1239" WIDTH="104" HEIGHT="20" WC="0.91" CONTENT="börande"/><SP WIDTH="19" VPOS="1239" HPOS="308"/>
							<String ID="string_252" HPOS="327" VPOS="1239" WIDTH="236" HEIGHT="27" WC="0.90" CONTENT="hofrättstjänsteman"/><SP WIDTH="21" VPOS="1239" HPOS="563"/>
							<String ID="string_253" HPOS="584" VPOS="1242" WIDTH="31" HEIGHT="18" WC="0.93" CONTENT="att"/><SP WIDTH="16" VPOS="1242" HPOS="615"/>
							<String ID="string_254" HPOS="631" VPOS="1239" WIDTH="160" HEIGHT="22" WC="0.92" CONTENT="underskrifva"/><SP WIDTH="15" VPOS="1239" HPOS="791"/>
							<String ID="string_255" HPOS="806" VPOS="1239" WIDTH="155" HEIGHT="27" WC="0.92" CONTENT="expeditioner"/>
						</TextLine>
						<TextLine ID="line_31" HPOS="204" VPOS="1273" WIDTH="756" HEIGHT="28">
							<String ID="string_256" HPOS="204" VPOS="1273" WIDTH="30" HEIGHT="27" WC="0.95" CONTENT="pä"/><SP WIDTH="23" VPOS="1273" HPOS="234"/>
							<String ID="string_257" HPOS="257" VPOS="1273" WIDTH="75" HEIGHT="21" WC="0.93" CONTENT="finska"/><SP WIDTH="23" VPOS="1273" HPOS="332"/>
							<String ID="string_258" HPOS="355" VPOS="1273" WIDTH="98" HEIGHT="28" WC="0.95" CONTENT="språket."/><SP WIDTH="30" VPOS="1273" HPOS="453"/>
							<String ID="string_259" HPOS="483" VPOS="1274" WIDTH="46" HEIGHT="20" WC="0.95" CONTENT="Vår"/><SP WIDTH="22" VPOS="1274" HPOS="529"/>
							<String ID="string_260" HPOS="551" VPOS="1281" WIDTH="55" HEIGHT="20" WC="0.93" CONTENT="nyss"/><SP WIDTH="22" VPOS="1281" HPOS="606"/>
							<String ID="string_261" HPOS="628" VPOS="1274" WIDTH="134" HEIGHT="21" WC="0.79" CONTENT="framstälda"/><SP WIDTH="15" VPOS="1274" HPOS="762"/>
							<String ID="string_262" HPOS="777" VPOS="1273" WIDTH="183" HEIGHT="27" WC="0.96" CONTENT="anmärkningen"/>
						</TextLine>
						<TextLine ID="line_32" HPOS="204" VPOS="1307" WIDTH="756" HEIGHT="27">
							<String ID="string_263" HPOS="204" VPOS="1307" WIDTH="98" HEIGHT="21" WC="0.93" CONTENT="rörande"/><SP WIDTH="9" VPOS="1307" HPOS="302"/>
							<String ID="string_264" HPOS="311" VPOS="1307" WIDTH="44" HEIGHT="21" WC="0.92" CONTENT="den"/><SP WIDTH="9" VPOS="1307" HPOS="355"/>
							<String ID="string_265" HPOS="364" VPOS="1308" WIDTH="115" HEIGHT="20" WC="0.91" CONTENT="rättsvåda"/><SP WIDTH="8" VPOS="1308" HPOS="479"/>
							<String ID="string_266" HPOS="487" VPOS="1308" WIDTH="35" HEIGHT="20" WC="0.95" CONTENT="för"/><SP WIDTH="18" VPOS="1308" HPOS="522"/>
							<String ID="string_267" HPOS="540" VPOS="1308" WIDTH="44" HEIGHT="20" WC="0.95" CONTENT="den"/><SP WIDTH="9" VPOS="1308" HPOS="584"/>
							<String ID="string_268" HPOS="593" VPOS="1308" WIDTH="75" HEIGHT="20" WC="0.96" CONTENT="finska"/><SP WIDTH="15" VPOS="1308" HPOS="668"/>
							<String ID="string_269" HPOS="683" VPOS="1308" WIDTH="170" HEIGHT="26" WC="0.92" CONTENT="befolkningen,"/><SP WIDTH="16" VPOS="1308" HPOS="853"/>
							<String ID="string_270" HPOS="869" VPOS="1308" WIDTH="91" HEIGHT="20" WC="0.90" CONTENT="hvartill"/>
						</TextLine>
						<TextLine ID="line_33" HPOS="204" VPOS="1341" WIDTH="757" HEIGHT="27">
							<String ID="string_271" HPOS="204" VPOS="1341" WIDTH="287" HEIGHT="27" WC="0.91" CONTENT="öfversättningssystemet"/><SP WIDTH="18" VPOS="1341" HPOS="491"/>
							<String ID="string_272" HPOS="509" VPOS="1342" WIDTH="7" HEIGHT="20" WC="0.96" CONTENT="i"/><SP WIDTH="20" VPOS="1342" HPOS="516"/>
							<String ID="string_273" HPOS="536" VPOS="1342" WIDTH="97" HEIGHT="20" WC="0.96" CONTENT="Senaten"/><SP WIDTH="16" VPOS="1342" HPOS="633"/>
							<String ID="string_274" HPOS="649" VPOS="1342" WIDTH="67" HEIGHT="26" WC="0.95" CONTENT="leder,"/><SP WIDTH="16" VPOS="1342" HPOS="716"/>
							<String ID="string_275" HPOS="732" VPOS="1342" WIDTH="70" HEIGHT="26" WC="0.96" CONTENT="gäller"/><SP WIDTH="15" VPOS="1342" HPOS="802"/>
							<String ID="string_276" HPOS="817" VPOS="1341" WIDTH="97" HEIGHT="21" WC="0.92" CONTENT="sålunda"/><SP WIDTH="15" VPOS="1341" HPOS="914"/>
							<String ID="string_277" HPOS="929" VPOS="1342" WIDTH="32" HEIGHT="20" WC="0.91" CONTENT="äf-"/>
						</TextLine>
						<TextLine ID="line_34" HPOS="202" VPOS="1375" WIDTH="758" HEIGHT="27">
							<String ID="string_278" HPOS="202" VPOS="1382" WIDTH="45" HEIGHT="14" WC="0.96" CONTENT="ven"/><SP WIDTH="24" VPOS="1382" HPOS="247"/>
							<String ID="string_279" HPOS="271" VPOS="1376" WIDTH="52" HEIGHT="20" WC="0.95" CONTENT="med"/><SP WIDTH="23" VPOS="1376" HPOS="323"/>
							<String ID="string_280" HPOS="346" VPOS="1376" WIDTH="106" HEIGHT="21" WC="0.93" CONTENT="afseende"/><SP WIDTH="26" VPOS="1376" HPOS="452"/>
							<String ID="string_281" HPOS="478" VPOS="1376" WIDTH="13" HEIGHT="20" WC="0.92" CONTENT="å"/><SP WIDTH="23" VPOS="1376" HPOS="491"/>
							<String ID="string_282" HPOS="514" VPOS="1376" WIDTH="38" HEIGHT="20" WC="0.96" CONTENT="det"/><SP WIDTH="22" VPOS="1376" HPOS="552"/>
							<String ID="string_283" HPOS="574" VPOS="1376" WIDTH="7" HEIGHT="20" WC="0.93" CONTENT="i"/><SP WIDTH="23" VPOS="1376" HPOS="581"/>
							<String ID="string_284" HPOS="604" VPOS="1376" WIDTH="140" HEIGHT="20" WC="0.92" CONTENT="hofrätterna"/><SP WIDTH="22" VPOS="1376" HPOS="744"/>
							<String ID="string_285" HPOS="766" VPOS="1375" WIDTH="105" HEIGHT="27" WC="0.92" CONTENT="brukliga"/><SP WIDTH="23" VPOS="1375" HPOS="871"/>
							<String ID="string_286" HPOS="894" VPOS="1376" WIDTH="66" HEIGHT="20" WC="0.92" CONTENT="förfa-"/>
						</TextLine>
						<TextLine ID="line_35" HPOS="202" VPOS="1410" WIDTH="90" HEIGHT="20">
							<String ID="string_287" HPOS="202" VPOS="1410" WIDTH="90" HEIGHT="20" WC="0.90" CONTENT="randet."/>
						</TextLine>
					</TextBlock>
					<TextBlock ID="block_3" HPOS="202" VPOS="1444" WIDTH="757" HEIGHT="61">
						<TextLine ID="line_36" HPOS="274" VPOS="1444" WIDTH="685" HEIGHT="28">
							<String ID="string_288" HPOS="274" VPOS="1444" WIDTH="159" HEIGHT="21" WC="0.91" CONTENT="Förevarande"/><SP WIDTH="11" VPOS="1444" HPOS="433"/>
							<String ID="string_289" HPOS="444" VPOS="1444" WIDTH="192" HEIGHT="28" WC="0.91" CONTENT="petitionsförslag"/><SP WIDTH="12" VPOS="1444" HPOS="636"/>
							<String ID="string_290" HPOS="648" VPOS="1444" WIDTH="59" HEIGHT="21" WC="0.91" CONTENT="afser"/><SP WIDTH="16" VPOS="1444" HPOS="707"/>
							<String ID="string_291" HPOS="723" VPOS="1446" WIDTH="32" HEIGHT="19" WC="0.93" CONTENT="att"/><SP WIDTH="15" VPOS="1446" HPOS="755"/>
							<String ID="string_292" HPOS="770" VPOS="1444" WIDTH="101" HEIGHT="26" WC="0.91" CONTENT="aflägsna"/><SP WIDTH="13" VPOS="1444" HPOS="871"/>
							<String ID="string_293" HPOS="884" VPOS="1444" WIDTH="75" HEIGHT="20" WC="0.97" CONTENT="denna"/>
						</TextLine>
						<TextLine ID="line_37" HPOS="202" VPOS="1478" WIDTH="757" HEIGHT="27">
							<String ID="string_294" HPOS="202" VPOS="1478" WIDTH="117" HEIGHT="20" WC="0.92" CONTENT="rättsvåda"/><SP WIDTH="23" VPOS="1478" HPOS="319"/>
							<String ID="string_295" HPOS="342" VPOS="1478" WIDTH="44" HEIGHT="21" WC="0.96" CONTENT="och"/><SP WIDTH="19" VPOS="1478" HPOS="386"/>
							<String ID="string_296" HPOS="405" VPOS="1478" WIDTH="67" HEIGHT="21" WC="0.96" CONTENT="söker"/><SP WIDTH="17" VPOS="1478" HPOS="472"/>
							<String ID="string_297" HPOS="489" VPOS="1478" WIDTH="7" HEIGHT="21" WC="0.96" CONTENT="i"/><SP WIDTH="18" VPOS="1478" HPOS="496"/>
							<String ID="string_298" HPOS="514" VPOS="1478" WIDTH="60" HEIGHT="21" WC="0.96" CONTENT="detta"/><SP WIDTH="25" VPOS="1478" HPOS="574"/>
							<String ID="string_299" HPOS="599" VPOS="1478" WIDTH="131" HEIGHT="21" WC="0.96" CONTENT="hänseende"/><SP WIDTH="25" VPOS="1478" HPOS="730"/>
							<String ID="string_300" HPOS="755" VPOS="1478" WIDTH="133" HEIGHT="27" WC="0.96" CONTENT="genomföra"/><SP WIDTH="26" VPOS="1478" HPOS="888"/>
							<String ID="string_301" HPOS="914" VPOS="1478" WIDTH="45" HEIGHT="21" WC="0.96" CONTENT="den"/>
						</TextLine>
					</TextBlock>
				</ComposedBlock>
			</PrintSpace>
		</Page>
	</Layout>
</alto>
