1081 1736
302 180 260 23 Motionsbetänkande
577 181 43 22 N:o
635 180 23 22 9.
840 182 12 19 5

97 245 98 31 rödjadt,
205 245 8 23 i
223 244 113 24 händelse
343 244 188 32 lagstiftningen
550 244 78 24 tilläte
647 244 169 24 användandet
829 243 25 24 af

97 280 59 23 barn
175 280 73 23 redan
267 279 39 24 vid
323 280 31 23 14
367 281 40 22 års
418 279 65 24 ålder
495 279 41 23 vid
549 278 140 25 industrielt
708 278 44 24 och
768 278 85 31 yrkes-

98 314 84 23 arbete.

173 347 43 24 Om
235 347 42 24 ock
296 348 69 23 dessa
385 347 54 24 skäl
457 347 102 24 sålunda
577 347 52 24 tala
641 347 37 24 för
691 347 165 32 genomföran-

100 383 38 23 det
159 382 25 24 af
202 390 29 16 en
249 382 75 24 sådan
343 382 191 32 lagförändring,
553 389 50 17 som
622 382 8 23 i
643 382 76 24 första
731 383 126 22 momentet

98 417 25 24 af
141 417 159 31 lagförslaget
317 417 114 30 förordas,
450 417 45 23 har
513 417 124 23 Utskottet
655 416 57 24 dock
726 416 83 23 tvekat
821 417 35 22 att

98 451 37 24 för
162 451 151 24 närvarande
343 451 128 31 tillstyrka
499 451 147 32 antagandet
667 451 26 24 af
710 451 119 24 motionen
848 449 9 24 i

99 486 77 23 denna
194 485 43 24 del.
274 485 51 24 Den
353 485 96 24 skilnad
478 485 8 24 i
513 485 127 32 ställning,
658 493 50 16 som
727 485 128 24 förefinnes

99 520 103 24 emellan
222 520 137 24 arbetarene
377 520 9 23 i
404 520 232 24 handtverkerierna
655 519 42 25 och
710 520 28 23 de
750 519 105 24 fabriks-

99 554 102 32 mässigt
219 554 81 24 drifna
316 554 171 30 industrierna,
497 557 27 21 är
537 554 121 31 nemligen
668 554 77 31 enligt
754 553 100 24 Utskot-

98 591 46 21 tets
172 588 72 24 tanke
271 588 52 24 icke
347 589 128 31 väsentlig,
493 588 44 24 och
554 588 184 24 förhållandena
755 587 100 24 rörande

100 623 157 24 arbetstidens
276 623 73 31 längd
368 623 69 24 borde
456 623 80 24 därför
553 623 110 23 bedömas
682 623 59 23 efter
754 621 101 32 ungefär

99 657 127 24 enahanda
243 657 127 31 synpunkt
387 657 37 24 för
443 658 73 31 begge
537 657 70 24 dessa
625 657 55 32 slag
698 657 25 24 af
741 657 114 23 arbetare.

100 691 83 24 Såsom
231 691 71 24 ofvan
347 691 156 31 framhållits,
539 691 139 32 uppstäldes
705 691 9 24 i
741 691 113 31 närings-

99 726 71 31 lagen
190 726 24 23 af
233 727 26 22 år
280 726 65 24 1879
364 726 89 23 femton
472 728 39 22 års
531 726 65 24 ålder
615 727 78 22 såsom
712 726 44 23 den
775 727 80 30 gräns,

100 761 30 23 då
148 768 28 16 en
195 760 109 32 förlängd
322 761 115 23 arbetstid
450 761 37 23 för
499 760 160 32 minderårige
672 760 107 24 arbetare
791 759 65 32 finge

100 795 100 23 inträda.
230 795 184 31 Lämpligheten
433 795 25 24 af
475 795 77 24 denna
569 794 201 31 tidsbestämning
786 794 70 31 drogs

100 829 19 31 ej
139 829 76 24 heller
233 829 8 23 i
260 829 86 24 tvifvel
365 829 75 24 under
458 829 28 24 de
505 829 75 24 första
599 831 56 22 åren
671 829 59 24 efter
742 828 113 31 närings-

99 863 84 31 lagens
198 863 125 30 tillkomst,
335 864 100 23 hvarför
445 871 93 16 samma
548 864 153 31 bestämning
710 862 146 24 beträffande

100 898 40 23 vid
158 897 107 24 fabriker
284 898 109 23 anstälde
411 898 161 32 minderårige
588 898 107 24 arbetare
708 896 148 32 upprepades

100 932 8 23 i
130 932 71 23 ofvan
224 932 127 31 åberopade
370 932 143 32 förordning
532 932 24 24 af
575 934 28 22 år
623 932 71 24 1889.
730 930 126 32 Naturligt

102 969 26 21 är
156 969 34 21 att
217 966 51 24 med
294 966 147 24 bestämdhet
470 967 52 23 icke
547 966 50 24 kan
618 966 113 32 angifvas
754 974 28 16 en
804 965 52 23 viss

100 1000 160 32 åldersgräns,
282 1001 30 23 då
333 1001 44 24 den
398 1001 111 24 växande
528 1001 125 24 arbetaren
671 1004 58 20 utan
748 1008 54 15 men
821 999 36 24 för

100 1035 39 23 sin
161 1035 68 23 helsa
250 1035 79 24 kunde
352 1035 98 32 öfvergä
468 1035 55 24 från
543 1035 13 24 7
577 1037 14 22 ä
609 1035 16 24 8
643 1035 109 24 timmars
772 1034 86 30 arbete,

100 1068 94 25 hvilket
221 1069 76 32 enligt
323 1069 42 32 lag
386 1077 34 16 nu
441 1069 91 24 tillåtes
555 1070 107 23 arbetare
680 1069 74 24 under
774 1069 31 23 15
824 1069 34 29 år,

100 1103 40 24 till
162 1104 79 23 arbete
278 1104 31 23 14
333 1104 39 23 till
400 1104 43 23 och
471 1104 51 24 med
551 1104 31 24 16
601 1104 97 23 timmar
717 1111 36 16 om
772 1103 84 31 dagen,

100 1140 27 28 ty
162 1138 125 32 förmågan
317 1138 26 24 af
372 1138 201 24 motståndskraft
609 1141 48 20 mot
692 1137 166 31 helsovädliga

101 1171 134 31 inflytelser
254 1175 27 21 är
299 1172 26 32 ju
343 1172 9 24 i
370 1172 124 32 väsentlig
512 1174 55 22 mån
586 1172 113 24 beroende
717 1173 31 31 på
766 1171 92 24 enhvar

101 1213 98 24 persons
227 1206 80 24 skilda
333 1206 252 32 kroppskonstitution
606 1206 43 24 och
677 1206 77 32 öfriga
778 1205 80 32 anlag.

101 1240 64 24 Från
195 1240 270 32 helsovärdssynpunkt
491 1241 136 24 betraktadt
653 1241 50 23 kan
730 1240 80 24 därför
837 1240 19 30 ej

100 1274 76 24 heller
195 1275 51 24 med
265 1275 46 23 full
329 1275 94 24 visshet
442 1278 73 29 sägas
535 1278 34 21 att
581 1275 188 32 ifrågavarande
783 1276 75 30 gräns

101 1310 26 30 ju
154 1309 52 24 icke
233 1310 80 23 kunde
339 1311 31 30 på
397 1312 50 21 sätt
467 1310 174 24 motionärerne
659 1309 125 32 föreslagit
802 1308 58 24 ned-

101 1343 83 31 flyttas
212 1344 38 23 till
280 1344 31 24 14
331 1346 33 28 år,
383 1352 54 15 men
457 1352 29 16 en
505 1346 74 22 större
598 1344 97 32 garanti
714 1346 48 21 mot
779 1342 79 24 helso-

102 1378 98 32 vådliga
227 1378 134 31 inflytelser
388 1378 80 32 ligger
494 1379 26 31 ju
547 1378 70 24 alltid
644 1378 58 30 däri,
729 1381 35 21 att
782 1377 78 24 denna

102 1412 153 32 åldersgräns
283 1415 26 21 är
327 1412 74 32 högre
420 1415 32 21 än
470 1413 73 31 lägre.
562 1412 94 24 Härvid
674 1412 116 31 förtjenar
808 1412 51 23 må-

103 1446 79 23 hända
200 1446 138 31 antecknas,
357 1449 36 21 att
404 1446 189 32 lagstiftningen
607 1447 8 23 i
627 1446 143 30 Frankrike,
781 1446 79 30 Ryss-

102 1480 56 24 land
177 1480 44 24 och
238 1480 89 24 Italien
345 1481 9 22 i
373 1481 65 23 detta
457 1481 109 23 afseende
584 1480 137 24 innehåller
733 1479 127 25 enahanda

171 1524 47 22 Lag-
230 1524 33 17 och
275 1524 184 18 Ekonomiutskottets
473 1524 110 18 betänkande
595 1524 38 18 N:o
647 1525 16 17 9.
