1067 1736
820 109 11 18 3

105 170 66 19 vittne
194 170 35 19 det
252 171 115 19 storartade
390 171 76 23 arbete,
490 178 43 12 som
556 170 102 20 särskilda
673 170 133 20 landtbruks-
823 170 37 19 och

106 198 237 26 hushållningssällskap
359 200 7 18 i
381 199 85 25 Sverige
481 199 7 19 i
504 199 57 20 detta
576 198 97 20 afseende
686 199 63 19 hafva
759 200 102 24 presterat

107 227 37 19 och
160 227 129 27 fortfarande
304 230 98 23 prestera.

174 255 69 20 Afven
259 256 68 20 direkt
342 257 12 19 å
369 258 79 18 statens
471 256 45 19 sida
531 256 63 20 borde
610 256 34 19 det
660 256 100 20 anställas
775 258 30 17 ett
820 255 42 19 till-

108 284 90 26 räckligt
213 285 56 18 antal
284 285 98 25 lämpliga
398 285 210 25 skogsinstruktörer,
632 285 82 19 hvilkas
730 284 132 20 verksamhet

106 313 64 19 borde
195 313 74 20 ordnas
293 313 92 24 sålunda,
409 316 31 17 att
456 313 78 20 mindre
548 313 110 26 jordegare
673 316 50 17 utan
738 316 66 17 större
820 320 41 12 om-

107 341 112 20 kostnader
234 342 37 19 och
286 342 111 26 vidlyftiga
413 343 111 24 omgångar
534 342 69 19 kunde
614 342 78 19 erhålla
703 342 57 25 hjelp
771 342 7 19 i
789 342 72 25 skogs-

107 370 209 26 indelningsarbeten,
333 371 138 25 skogshandel
486 371 38 19 och
534 371 6 18 i
552 371 64 19 andra
626 370 135 26 forstnärliga
771 371 90 19 arbeten.

175 399 135 26 Nödvändigt
324 407 49 12 vore
389 400 43 23 ock,
449 402 31 17 att
494 406 104 19 personer,
616 407 42 12 som
674 403 35 16 äro
725 400 6 19 i
746 399 115 25 besittning

108 428 22 19 af
144 429 118 19 erfarenhet
272 428 6 19 i
293 428 133 26 forstnärliga
438 429 84 18 arbeten
534 429 37 19 och
580 428 72 20 hvilka
662 428 45 20 icke
718 428 62 20 hafva
791 428 71 19 alltför

107 457 54 26 höga
182 457 145 26 löneanspråk,
344 457 68 20 kunde
429 457 33 20 fås
477 457 7 19 i
500 457 94 20 enskilda
610 457 143 26 skogsegares,
769 457 92 19 kommu-

108 493 47 12 ners
170 486 38 19 och
229 486 229 25 landtbrukssällskaps
473 486 71 25 tjenst.
574 486 30 19 På
619 493 104 18 personer,
739 493 44 12 som
799 485 63 20 hafva

107 515 120 25 genomgått
249 515 47 19 vårt
318 515 59 20 lands
400 515 52 20 enda
471 515 215 25 skogsvaktareskola,
703 518 22 16 är
740 521 26 13 en
781 515 23 19 så
819 517 43 17 stor

108 543 59 24 brist,
183 546 31 17 att
229 543 35 20 det
279 543 33 20 till
327 543 52 26 följd
394 544 22 19 af
434 544 59 19 deras
508 544 54 25 höga
576 543 139 26 löneanspråk
731 547 22 16 är
769 543 93 25 omöjligt

108 571 31 21 för
155 573 25 19 de
196 573 43 19 små
255 573 38 19 och
307 573 123 19 medelstora
443 573 132 19 hemmanens
587 572 144 26 skogsskötsel
741 575 32 17 att
783 572 79 19 erhålla

108 601 83 23 sådana,
209 608 31 12 om
256 601 25 19 de
296 601 39 19 alls
350 601 66 19 finnas
432 603 30 17 att
477 601 66 25 tillgå.
568 600 135 26 Nödvändigt
713 608 49 12 vore
773 600 88 24 derföre,

108 632 31 17 att
154 630 35 19 det
204 630 7 18 i
226 630 45 19 vårt
293 630 49 19 land
365 630 66 20 skulle
453 630 95 26 vidtagas
569 630 97 25 åtgärder
680 630 33 19 till
728 629 134 20 meddelande

108 658 23 20 af
143 658 114 26 tillräcklig
272 658 57 26 lägre
344 658 149 26 undervisning
508 659 7 19 i
530 658 150 26 skogsskötsel,
692 658 85 20 hvilken
788 658 73 19 under-

109 687 83 25 visning
208 687 66 19 skulle
289 687 86 19 omfatta
391 688 25 19 de
431 687 57 20 delar
503 687 23 19 af
534 694 26 12 en
570 687 88 19 rationel
667 687 194 26 skogshandtering,

109 722 43 13 som
167 715 100 20 behöfves
282 716 7 19 i
305 716 39 20 den
360 716 104 20 enskildas
480 716 205 26 skogshushållning.

177 744 30 20 På
229 745 68 25 grund
319 745 22 19 af
361 745 35 19 det
418 745 62 20 ofvan
502 745 87 19 anförda
603 745 63 25 vågar
679 745 38 25 jag
732 744 80 20 således
827 751 35 13 an-

109 773 60 24 hålla,
194 776 31 16 att
247 774 36 19 det
304 774 128 25 högvördiga
448 774 154 26 presteståndet
617 774 64 20 måtte
696 774 71 19 förena
783 774 32 25 sig
830 780 32 12 om

107 802 91 26 följande
213 802 93 26 petition.

313 862 29 17 att
366 861 110 24 regeringen
491 861 8 19 i
514 862 34 19 den
570 862 97 18 närmaste
682 861 104 24 framtiden
801 860 62 19 skulle

245 889 77 25 vidtaga
345 889 87 26 kraftiga
447 890 91 25 åtgärder
552 889 33 24 för
600 890 129 24 befrämjande
744 889 25 24 af
780 889 82 20 rationel

246 918 121 25 skogsodling
383 917 7 21 i
405 919 64 19 landet
486 925 65 18 genom
566 919 120 20 anställande
701 919 25 24 af
737 920 26 18 ett
779 918 83 19 tillräck-

247 947 36 24 ligt
297 947 53 20 antal
365 947 188 25 skogsinstruktörer,
570 947 102 25 beviljande
688 948 25 23 af
725 947 69 25 nödiga
803 946 60 20 medel

246 976 21 19 åt
282 976 196 25 landtbrukssällskap
493 977 65 19 enkom
573 977 33 24 för
621 977 129 24 befrämjande
765 976 24 24 af
797 976 65 24 skogs-

245 1005 72 19 skötsel
333 1005 32 19 och
379 1011 66 19 genom
464 1007 29 18 att
506 1005 73 20 inrätta
594 1007 26 18 ett
634 1005 113 25 tillräckligt
761 1005 54 20 antal
829 1011 34 13 un-

246 1033 213 26 dervisningsanstaller
473 1034 7 19 i
495 1034 104 25 skogsvård
613 1034 33 24 för
661 1035 22 19 de
693 1034 96 20 enskildas
799 1034 64 24 skogs-

246 1062 121 25 hushållning
383 1069 23 13 m.
422 1069 25 14 m.
464 1063 64 24 dylika
543 1063 96 25 åtgärder.

176 1113 135 26 Helsingfors
327 1114 40 19 den
383 1115 12 19 8
410 1114 99 20 Februari
529 1115 59 20 1897.

605 1165 15 22 J.
636 1166 21 21 V.
672 1166 122 22 Vartiainen.
