1070 1745
201 172 12 19 6
380 169 278 23 Petitionsbetänkande
673 169 44 22 N:o
733 169 35 22 17.

269 241 34 22 Då
319 242 123 21 emellertid
458 242 28 27 på
502 241 72 28 grund
590 241 25 22 af
628 243 128 26 lungsotens
773 241 110 22 allmänna
894 240 58 23 före-

200 278 72 21 komst
292 278 7 21 i
315 278 49 21 vårt
380 278 52 21 land
449 280 32 19 ett
497 278 73 27 dylikt
586 278 134 21 sanatorium
735 277 50 22 icke
801 283 40 16 ens
857 277 93 22 närmel-

200 313 59 22 sevis
275 314 72 21 skulle
362 314 75 21 kunna
453 314 115 27 tillgodose
579 314 111 27 behofvet,
702 314 40 21 har
753 313 115 22 Utskottet
878 315 75 19 ansett

199 351 39 25 att,
267 349 75 22 därest
370 349 106 22 liknande
504 350 150 27 inrättningar
681 356 75 21 genom
781 349 74 27 privat
878 349 72 21 initia-

199 385 33 22 tiv
255 385 74 22 kunde
352 385 86 22 komma
461 386 35 21 till
520 386 72 27 stånd,
612 386 140 27 Regeringen
767 385 50 22 med
836 385 115 22 värksamt

200 421 138 21 ekonomiskt
364 421 120 22 understöd
510 422 68 21 borde
601 422 114 26 bispringa
738 421 87 27 företag
848 421 7 21 i
879 421 73 21 denna

200 457 105 27 riktning.
329 457 34 21 En
387 458 126 20 kuranstalt
536 457 25 21 af
582 457 79 27 antydt
687 458 47 26 slag
757 456 92 22 kräfver
873 456 76 22 nämli-

200 499 49 21 gen,
271 494 72 21 säsom
364 493 66 21 ofvan
451 494 115 27 päpekats,
583 494 7 20 i
606 494 77 26 hvarje
704 493 106 22 händelse
826 492 124 28 betydande

199 530 156 26 anläggnings-
382 530 40 20 och
446 529 249 22 underhällskostnader
718 530 39 21 och
780 529 125 21 inkomsten
928 528 26 21 af

199 565 169 28 kurafgifterna,
393 565 66 22 äfven
482 566 8 21 i
513 566 128 26 sanatorier,
666 565 92 22 afsedda
779 565 79 21 främst
873 565 35 21 för
923 565 28 21 de

199 601 86 27 burgna
306 601 122 28 klasserna,
448 601 73 22 kunde
535 601 25 28 ju
576 601 69 22 under
662 601 51 27 inga
729 601 153 22 förhällanden
898 601 52 21 stäl-

199 637 33 21 las
247 638 58 27 höga
320 643 43 22 nog
378 636 36 23 för
430 640 32 19 att
478 637 111 28 företaget
604 637 7 21 i
628 639 72 20 större
711 637 62 22 skala
783 636 76 22 blefve
869 636 81 27 egnadt

199 675 33 20 att
248 673 104 28 tilldraga
368 673 34 27 sig
418 673 88 22 enskild
522 673 204 27 kapitalplacering.
752 673 31 20 På
799 672 71 27 grund
887 672 67 21 häraf

199 709 35 22 får
256 710 114 21 Utskottet
392 710 131 27 ytterligare
544 710 113 21 vördsamt
673 709 81 22 föreslå
769 715 28 15 en
813 708 137 27 underdänig

199 745 93 26 petition
308 745 84 22 därom:

483 783 32 20 att
532 783 133 26 Regeringen
680 781 67 22 måtte
757 781 50 22 med
819 781 132 21 ekonomiskt

412 819 121 20 understöd
549 819 104 26 befordra
668 818 144 27 uppkomsten
825 817 31 26 pä
867 817 83 21 enskild

412 855 42 25 väg
469 854 26 26 af
508 853 166 21 vårdanstalter
687 854 38 26 för
740 853 140 26 lungsiktiga.

270 918 98 22 Emedan
392 919 37 21 det
449 919 49 22 med
515 919 104 21 afseende
635 920 13 20 å
664 926 26 14 en
707 919 101 27 sjukdom
824 918 24 21 af
862 918 87 27 lungso-

197 956 50 19 tens
264 957 64 19 natur
344 957 25 19 är
385 954 25 22 af
424 955 114 27 synnerlig
549 955 49 21 vikt
609 958 33 18 att
650 955 152 22 kännedomen
811 961 32 14 om
856 954 92 27 skydds-

198 990 87 22 medlen
309 992 43 20 mot
376 991 136 21 smittämnet
527 991 79 21 vinner
623 993 82 19 största
721 990 89 28 möjliga
826 990 122 27 spridning,

197 1026 40 21 bör
261 1026 131 27 betydelsen
414 1026 23 22 af
451 1026 105 28 föredrag
572 1027 38 22 och
627 1027 92 27 populär
734 1027 103 21 literatur
853 1026 7 21 i
876 1028 73 19 ämnet

197 1062 120 27 ingalunda
333 1062 87 22 skattas
436 1063 52 26 lågt.
517 1063 137 27 Visserligen
673 1063 39 21 har
728 1062 111 27 åtskilligt
855 1062 6 21 i
878 1062 72 21 denna

196 1097 102 28 riktning
313 1098 39 21 hos
369 1105 35 14 oss
421 1098 68 22 redan
505 1098 75 22 blifvit
595 1099 78 27 gjordt.
703 1097 96 22 Sålunda
815 1098 40 21 har
870 1098 78 21 Hälso-

196 1133 199 28 vårdsföreningen
415 1134 28 27 på
458 1134 85 21 Finska
559 1134 212 26 läkaresällskapets
787 1133 96 21 initiativ
899 1133 50 21 låtit

195 1169 8 20 i
220 1170 81 26 30,000
324 1169 112 27 exemplar
460 1170 78 27 trycka
555 1172 32 19 ett
602 1170 83 27 plakat,
702 1169 156 22 innehållande
875 1169 73 26 ,Upp-

197 1205 115 26 lysningar
336 1205 39 21 och
396 1205 40 21 råd
458 1205 34 22 för
507 1206 128 27 lungsotens
653 1204 190 29 (tuberkulosens)
860 1205 88 21 bekäm-

196 1240 93 27 pande",
307 1241 39 20 och
359 1240 134 27 kringsändt
502 1241 62 21 detta
572 1241 34 21 till
616 1241 129 27 folkskolor,
755 1241 106 26 fabriker,
871 1240 77 21 handt-

195 1276 125 27 värkerier,
341 1276 222 27 järnvägsstationer,
586 1277 158 26 gästgifverier
769 1283 18 14 0.
811 1283 16 14 s.
851 1283 19 15 v.
892 1279 56 19 samt

196 1310 111 22 dessutom
326 1312 8 20 i
350 1312 54 27 sina,
431 1312 152 27 ,Hygieniska
611 1312 121 26 spörsmål”
759 1312 107 21 benämäa
891 1312 56 21 smä-

196 1346 95 22 skrifter
306 1348 66 26 gitvit
388 1354 27 15 en
431 1348 157 27 allmänfattlig
604 1348 165 27 framställning
785 1347 24 21 af
819 1348 129 26 lungsotens

196 1384 65 20 natur
277 1384 39 20 och
334 1383 85 22 medlen
436 1386 33 18 att
485 1383 122 27 förebygga
623 1384 51 21 dess
690 1383 122 28 spridning.
829 1383 50 21 Men
891 1390 56 20 myc-

196 1418 39 21 ket
255 1418 97 22 äterstär
375 1421 58 19 ännu
449 1422 33 18 att
497 1421 55 25 göra
567 1419 35 21 för
617 1422 33 18 att
665 1419 104 27 bibringa
785 1419 42 21 den
843 1419 105 27 fattigare

195 1454 40 20 och
259 1454 136 27 okunnigare
419 1454 63 22 delen
506 1454 25 22 af
551 1455 157 27 befolkningen
725 1461 27 15 en
768 1454 70 27 riktig
852 1454 95 27 uppfatt-

267 1502 107 19 Allmänna
384 1503 181 22 petitionsutskottets
578 1503 115 18 betänkande
706 1502 38 19 N:o
756 1503 27 18 11.
