1056 1734
325 112 303 28 Petitionsmemorial.

160 177 124 37 Prestest.
689 182 43 23 N:o
747 182 36 22 15.

632 396 153 27 (Öfversättning.)

261 493 48 20 Till
329 493 154 25 Högvördiga
501 493 193 21 Presteståndet.

168 557 43 20 När
229 562 45 14 man
289 558 32 18 tar
335 557 7 19 i
357 557 133 20 betraktande
505 557 38 20 den
559 557 92 24 ovanliga
666 557 55 20 kraft
736 563 24 14 en
774 557 82 24 jernväg

100 592 47 19 eger
168 588 30 17 att
216 586 13 19 å
247 586 25 19 de
293 587 55 18 orter
363 585 38 20 den
416 585 127 25 genomlöper
558 585 106 20 framkalla
678 585 38 25 flit,
731 585 126 20 sträfsamhet

102 615 36 20 och
160 614 161 24 företagsamhet,
343 614 100 20 äfvensom
459 615 50 19 huru
521 615 110 24 jernvägen
646 615 52 19 inom
712 614 144 25 jemförelsevis

101 644 47 19 kort
168 643 29 20 tid
213 645 76 22 öppnar
304 648 39 19 nya
358 643 150 20 förvärfskällor
523 646 51 17 samt
588 644 104 19 utvecklar
706 643 74 20 folkets
795 645 61 17 mate-

102 673 57 18 riella
178 671 92 20 välstånd
285 671 37 20 och
338 671 79 24 andliga
433 671 95 26 förmåga,
543 672 39 20 kan
598 678 44 13 man
658 673 44 19 icke
722 672 94 19 förtänka
827 673 29 18 att

102 703 106 18 strömmen
228 700 21 19 af
262 700 201 25 jernvägspetitioner
478 701 33 19 vid
526 701 144 24 landtdagarna
685 701 36 20 allt
736 706 54 14 mera
804 699 52 20 sväl-

102 730 31 19 ler
154 729 37 20 till.
221 729 94 19 Tvärtom
335 731 23 17 är
380 729 33 19 det
434 729 116 24 fröjdesamt
572 733 30 16 att
624 730 33 19 åse
672 729 51 20 huru
738 729 64 20 folket
815 734 42 13 mer

103 758 38 20 och
161 763 42 14 mer
224 757 75 20 vaknar
317 757 32 20 till
369 757 98 20 åstundan
489 760 30 17 att
539 758 99 20 förbättra
654 759 29 19 sin
699 759 93 22 ställning
807 758 51 19 samt

104 790 22 16 är
141 786 126 24 beredvilligt
281 788 30 18 att
325 788 49 23 göra
389 786 134 25 uppoffringar
534 787 31 19 för
575 793 49 18 egen
638 787 36 20 och
686 786 171 21 fäderneslandets

104 816 72 19 fördel.
206 815 116 20 Emellertid
343 815 36 20 har
397 816 66 19 denna
481 816 147 23 petitionsifver
642 815 58 20 äfven
716 816 30 19 sin
762 814 95 21 frånsida.

103 845 75 19 Fastän
199 850 44 14 man
262 844 37 19 bor
313 845 6 18 i
335 845 96 19 närheten
446 844 22 21 af
481 845 62 19 redan
558 845 109 25 förefintlig
686 845 91 25 jernväg,
799 843 59 20 sträf-

104 879 36 14 var
160 879 45 14 man
224 873 42 20 ofta
285 875 30 18 att
332 874 81 24 placera
432 876 37 22 väg
484 874 32 20 vid
531 876 43 22 väg,
590 877 47 17 utan
654 877 29 17 att
698 874 52 20 fästa
766 872 92 21 afseende

105 902 68 20 dervid
189 905 30 17 att
233 902 81 20 härmed
329 902 86 20 kränkes
431 903 58 19 deras
504 903 125 24 rättigheter,
644 903 68 20 hvilka
726 902 45 20 med
782 902 77 24 hänsyn

106 931 30 19 till
156 930 198 20 trafikförhällanden
375 930 79 21 befinna
473 932 30 24 sig
518 932 28 19 uti
561 938 25 13 en
602 937 38 19 nog
656 932 22 19 sä
693 930 118 24 oförmänlig
825 930 35 19 be-

105 959 100 25 lägenhet.
236 960 63 19 Dessa
319 960 125 20 vanlottades
465 960 149 24 önskningsmäl
632 962 31 18 att
684 960 75 20 erhälla
778 960 82 23 jernväg

106 991 22 17 är
144 988 80 20 derföre
239 989 7 18 i
261 988 37 20 och
313 988 32 20 för
360 989 29 24 sig
404 988 45 20 fullt
464 989 130 24 berättigadt;
610 995 44 14 men
670 994 31 14 om
714 989 90 19 rörelsen
814 988 12 19 &
836 993 25 13 en

106 1017 100 19 ästundad
226 1018 83 23 jernväg
331 1017 64 20 skulle
416 1018 62 20 blifva
499 1018 22 20 sä
540 1018 56 26 liten,
611 1020 30 18 att
656 1018 58 20 deraf
728 1017 88 20 erhällen
831 1016 31 19 in-

106 1046 66 20 komst
193 1046 45 20 icke
261 1046 26 24 pä
307 1046 60 24 långa
387 1047 53 19 tider
461 1047 127 19 närmelsevis
604 1047 125 19 motsvarade
743 1047 119 24 jernvägens

106 1074 88 26 utgifter,
217 1080 48 14 vore
287 1075 33 19 det
343 1074 52 20 dock
417 1076 12 19 &
449 1076 64 20 andra
535 1076 56 19 sidan
610 1076 78 24 obilligt
703 1078 30 17 att
748 1080 70 19 genom
834 1076 29 17 ett

107 1104 65 24 dylikt
190 1103 79 24 företag
289 1103 90 25 fördröja
399 1105 159 23 jernvägsnätets
573 1105 116 23 utvidgning
704 1104 30 19 till
750 1106 60 23 orter,
827 1103 36 19 der

106 1133 82 23 jernväg
203 1132 102 20 medförde
319 1132 22 20 ät
355 1133 146 19 vidsträcktare
516 1133 77 19 trakter
608 1133 72 24 fördel,
695 1133 45 19 med
755 1132 109 19 detsamma

106 1162 39 18 den
161 1166 46 14 vore
222 1161 137 24 inbringande,

176 1196 31 19 En
225 1196 88 25 jernväg,
335 1201 42 14 som
397 1196 64 20 skulle
483 1202 62 18 gagna
566 1202 24 14 en
612 1198 42 18 stor
675 1196 32 19 del
727 1195 22 20 af
759 1195 45 20 vårt
816 1194 49 20 kära

107 1224 111 20 fosterland
233 1224 38 20 och
286 1224 95 24 derjemte
397 1224 50 20 slöte
463 1225 35 19 det
513 1225 54 19 kalla
581 1224 106 25 Lappland
696 1226 91 18 närmare
798 1223 67 20 Suomi

107 1253 94 19 modrens
221 1253 106 19 värmande
347 1253 72 23 hjerta,
441 1258 47 15 vore
504 1259 24 14 en
541 1252 85 27 jernväg
641 1252 44 20 frän
700 1253 57 19 Kemi
773 1252 45 20 stad
833 1252 33 19 vid

108 1281 107 20 Bottniska
231 1282 58 19 viken
307 1281 30 19 till
355 1282 117 20 Rovaniemi
488 1282 96 25 kyrkoby.
614 1282 62 24 Ingen
691 1282 57 19 torde
764 1280 58 26 påstå
836 1282 30 18 att

109 1317 24 13 en
153 1310 63 21 sådan
235 1311 84 23 jernväg
340 1311 18 24 ej
381 1316 47 14 vore
444 1311 21 19 af
480 1311 93 20 behofvet
587 1311 101 26 påkallad,
704 1311 37 19 och
756 1308 110 25 medgifvas

108 1339 63 20 mäste
193 1339 32 20 väl
248 1341 30 18 att
298 1339 39 20 den
355 1339 65 20 blefve
442 1339 31 20 till
495 1345 50 19 gagn
567 1339 31 20 för
620 1345 24 14 en
659 1339 67 20 mäkta
742 1341 43 17 stor
800 1338 32 19 del
847 1337 21 20 af

108 1368 46 19 hela
170 1368 76 19 landet.
275 1368 66 23 Fräga
359 1368 39 19 kan
414 1368 79 20 derföre
508 1368 62 19 blifva
585 1369 72 18 endast
672 1373 31 14 om
719 1368 45 19 dess
779 1366 88 20 rentabi-

109 1397 50 19 litet.
190 1396 95 20 Ledsamt
305 1402 40 19 nog
359 1396 60 20 hafva
441 1397 20 20 vi
483 1397 45 20 icke
544 1397 82 24 tillgång
640 1396 27 25 pä
688 1396 87 19 samlade
792 1395 76 20 ekono-

109 1425 65 20 miska
192 1426 54 25 data,
261 1425 94 20 hvarmed
370 1425 19 20 vi
403 1425 66 20 kunde
486 1425 122 25 ädagalägga
622 1425 46 19 dess
680 1424 131 24 rentabilitet,
823 1429 45 14 men
