1075 1748
839 170 10 18 7

127 236 145 23 formulären
287 237 8 22 i
312 236 76 30 öfrigt,
413 244 50 16 sem
488 237 49 23 helt
561 237 81 23 säkert
664 237 108 23 kommer
788 238 34 22 att
838 237 42 23 ske

127 272 41 23 vid
194 272 46 23 den
268 272 147 23 förestående
439 272 118 24 reformen
581 273 25 22 af
627 274 53 22 vårt
702 274 178 28 rättegångsvä-

126 308 75 23 sende
217 310 8 21 i
242 308 53 23 dess
311 308 86 28 helhet,
414 315 69 23 synes
500 310 50 28 mig
566 310 20 28 ej
605 316 56 15 vara
677 309 108 23 hållbart.

202 344 68 22 Först
291 344 43 22 och
349 344 84 23 främst
449 347 26 20 är
490 344 72 28 tiden,
578 347 44 20 när
637 344 77 23 denna
730 344 87 23 reform
833 345 48 23 kan

127 381 74 22 hinna
218 380 72 22 blifva
306 380 145 29 genomförd,
462 383 63 20 ännu
541 380 97 23 alldeles
656 382 63 21 oviss
735 381 44 22 och
795 381 35 23 för
841 381 40 23 det

127 416 75 24 andra
226 416 47 23 kan
303 416 40 23 det
372 417 20 29 ej
418 424 57 15 vara
502 418 83 28 rigtigt
611 418 34 21 att
670 416 129 30 uppskjuta
826 416 55 23 med

127 452 168 30 aflägsnandet
328 452 26 23 af
381 453 32 22 ett
439 452 129 30 tryckande
598 452 205 24 missförhållande
831 453 49 22 der-

128 489 50 22 före
200 489 34 22 att
259 488 132 23 detsamma
414 488 174 30 beqvämligast
611 488 47 23 kan
675 488 105 30 försiggå
796 490 7 21 i
820 496 60 15 sam-

128 524 121 29 manhang
265 524 55 22 med
336 530 29 16 en
381 525 7 21 i
405 531 29 15 en
451 525 62 22 oviss
529 524 97 23 framtid
641 524 104 23 skeende
758 531 63 16 mera
833 532 47 15 om-

128 560 105 23 fattande
249 560 91 22 reform.

204 596 33 23 Af
250 596 69 24 dessa
335 596 52 23 skäl
403 596 43 23 har
459 597 42 29 jag
518 598 20 28 ej
556 596 92 23 kunnat
663 596 80 23 förena
760 597 50 29 mig
826 596 55 23 med

128 632 133 24 Utskottets
285 634 119 28 majoritet
427 633 34 22 att
485 632 105 29 afstyrka
606 639 32 16 nu
654 632 153 23 förevarande
823 633 57 28 peti-

128 669 160 29 tionsförslag,
310 670 59 21 utan
384 668 36 23 får
442 668 122 23 vördsamt
588 668 86 23 föreslå
697 669 34 21 att
747 668 133 23 Ständerna

128 705 57 23 ville
202 704 80 24 förena
298 706 37 28 sig
351 712 38 15 om
406 712 29 15 en
452 704 148 30 underdånig
616 705 98 29 petition

415 774 32 20 att
462 772 67 22 Hans
544 772 123 27 Kejserliga
683 772 102 26 Majestät
801 771 80 21 täcktes

343 808 46 22 låta
413 808 50 26 före
488 810 52 19 näst
565 807 216 22 sammanträdande
803 807 78 26 kyrko-

343 846 56 20 möte
423 846 103 25 uppgöra
542 844 87 26 förslag
645 844 32 20 till
692 842 74 22 sådan
782 843 99 26 ändring

342 881 26 26 af
383 881 41 21 den
439 881 104 26 religiösa
567 880 60 21 delen
642 879 29 27 af
686 880 25 21 de
726 885 32 15 nu
774 879 106 22 använda

341 917 184 26 edsformulären,
554 922 47 15 som
628 915 32 28 på
688 917 85 20 senaste
803 915 77 26 kyrko-

342 953 56 20 möte
411 952 133 27 föreslagits,
564 953 65 24 samt,
646 951 69 21 sedan
725 953 66 19 nästa
801 951 79 26 kyrko-

343 990 68 19 mötes
426 987 115 22 utlåtande
551 987 69 27 blifvit
630 987 127 26 inhemtadt,
767 987 115 26 förelägga

343 1024 129 21 Ständerna
480 1024 37 21 vid
525 1025 52 20 näst
585 1023 217 21 sammanträdande
811 1023 70 21 landt-

343 1060 44 27 dag
413 1059 70 27 nådig
506 1060 139 26 proposition
668 1057 115 28 angående
807 1057 73 22 sådan

344 1096 105 27 ändring.

578 1130 75 22 Jaakko
670 1130 103 21 Forsman.

200 1190 9 22 I
226 1190 167 23 ofvanstående
410 1190 66 22 kläm
492 1189 81 24 förena
590 1190 45 28 sig:

204 1280 20 21 K.
240 1281 19 20 E.
275 1280 106 22 Stenbäck.
654 1279 16 22 J.
686 1279 21 22 H.
725 1279 84 21 Ilvonen.

415 1316 20 21 K.
453 1316 22 21 H.
491 1316 103 21 Teittinen.
