1073 1739
197 147 15 20 4
379 146 279 23 Petitionsbetänkande
673 146 45 23 N:o
734 146 37 22 28.

269 217 46 22 För
337 218 96 22 läseåret
455 220 117 20 1896—97
590 219 82 22 saknas
689 225 128 21 noggranna
831 219 119 28 uppgifter,

197 259 51 16 men
272 254 63 21 torde
358 254 133 22 elevantalet
515 255 51 21 med
590 255 85 27 ganska
695 257 46 19 stor
756 255 106 22 säkerhet
877 255 74 22 kunna

197 289 119 28 uppgifvas
333 289 66 23 hafva
415 289 128 29 öfverstigit
559 292 50 20 400.

270 325 89 23 Statens
382 326 94 28 utgifter
495 326 34 22 för
552 326 89 22 landets
662 327 103 27 samtliga
780 326 171 23 döfstumskolor

197 361 102 27 utgjorde
314 362 7 21 i
338 362 99 27 enlighet
452 362 50 22 med
517 361 37 23 för
571 362 105 22 skolorna
692 362 126 22 fastställda
833 365 80 19 stater:

305 416 98 21 läseäret
421 418 114 19 1892—93
557 432 5 5 .
594 432 4 4 .
629 432 4 4 .
666 416 65 22 Fmk.
750 418 93 26 112,670

353 468 10 10 »
393 440 15 44 =
420 453 141 21 1898—94.
593 468 4 5 .
628 468 5 5 =.
692 469 9 9 ,
749 453 94 27 141,290

353 504 9 10 »
419 489 141 20 1894—95
555 476 20 43 .
592 504 4 4 .
629 506 3 3 .
691 505 10 9 =,
750 489 93 25 178,545

353 540 9 10 »
389 511 15 44 =
420 525 140 20 1895—96.
592 540 5 4 .
629 540 4 4 .
691 541 9 9 ,
747 525 96 26 205,320

353 576 10 10 »
420 561 140 20 1896-97,
592 576 5 5 .
629 577 4 4 .
692 576 9 10 >,
748 561 95 25 231,580

269 613 56 21 Häri
341 613 52 27 ingä
408 613 150 22 kostnaderna
574 613 37 22 för
626 614 60 21 lokal
702 613 77 22 endast
795 612 34 22 för
843 613 42 21 den
896 613 53 21 hän-

197 648 69 28 delse,
283 651 33 19 att
332 649 68 21 sädan
417 651 25 19 är
458 649 104 27 upphyrd
578 649 25 21 af
617 649 74 27 privat
707 655 86 21 person.

269 684 46 22 För
331 684 153 28 utbildningen
501 684 24 22 af
540 685 75 21 lärare
626 684 35 22 för
672 685 65 21 dessa
748 684 74 22 skolor
832 685 40 21 har
883 684 65 22 äfven

196 719 77 23 blifvit
296 720 76 28 sörjdt.
405 720 44 22 Till
472 726 113 21 personer,
603 720 77 22 hvilka
695 720 59 22 varit
769 720 110 22 anställda
894 720 55 22 eller

196 756 49 21 haft
268 756 35 21 för
326 756 68 27 afsigt
416 759 33 18 att
471 756 54 22 söka
542 756 138 27 anställning
695 756 38 22 vid
749 756 198 27 abnormskolorna,

197 791 67 22 hafva
280 792 68 21 sedan
363 792 26 21 är
407 792 56 22 1892
479 792 35 22 för
530 792 138 22 studieresor
678 792 7 21 i
696 792 101 22 utlandet
807 792 24 21 af
840 792 109 21 allmänna

197 827 72 22 medel
285 827 102 28 utgifvits
404 830 79 25 30,000
499 828 70 26 mark,
586 828 82 22 hvaraf
681 829 82 20 största
779 828 65 21 delen
859 828 90 21 kommit

196 863 203 22 döfstumskolorna
421 864 98 27 tillgodo.
557 864 11 21 I
592 864 65 21 dessa
680 863 68 28 dagar
771 864 40 21 har
834 863 114 28 Styrelsen

196 899 112 22 dessutom
325 899 34 22 för
375 902 12 19 5
404 901 26 20 är
445 900 81 21 framät
542 900 97 27 anslagit
655 902 66 25 3,000
737 900 63 21 mark
815 900 85 27 ärligen
914 899 34 22 för

196 935 154 28 utbildningen
367 935 24 22 af
405 942 44 21 nya
464 936 73 21 lärare
554 935 36 22 för
606 935 201 22 döfstumskolorna
820 937 56 20 samt
890 937 57 20 2000

196 971 64 21 mark
283 971 36 22 till
341 971 172 22 reseunderstöd
533 971 36 22 för
584 971 81 28 lärare,
681 971 78 22 hvilka
773 971 69 22 redan
857 973 38 19 äro
911 971 38 21 vid

195 1007 72 21 blind-
291 1007 40 22 och
355 1007 172 22 döfstumskolor
552 1007 116 22 anställda.
705 1007 68 22 Detta
795 1007 90 21 oaktadt
908 1007 40 21 och

195 1043 72 21 ehuru
288 1043 50 21 dei
355 1043 79 27 nädiga
450 1043 151 28 kungörelsen
618 1042 25 22 af
656 1043 43 22 den
715 1045 28 19 30
757 1042 48 28 juni
823 1044 54 19 1892
894 1042 53 22 fast-

195 1079 82 20 ställda
293 1079 241 26 kompetensvillkoren
553 1079 35 21 för
598 1079 228 21 abnormskolelärare
837 1078 49 22 icke
897 1085 50 20 syn-

195 1114 101 27 nerligen
320 1115 89 26 mycket
431 1114 124 28 öfverstiga
580 1114 55 27 dem,
652 1121 46 15 som
714 1113 35 22 för
763 1113 185 23 folkskolelärare

194 1149 41 22 och
251 1150 135 21 -lärarinnor
401 1152 39 19 äro
456 1150 120 28 bestämda,
593 1156 50 16 men
659 1150 99 22 deremot
768 1149 27 22 de
805 1149 72 22 förras
888 1150 59 21 löne-

194 1184 113 23 förmäner
330 1187 38 20 äro
391 1185 135 28 ojämförligt
551 1185 178 28 fördelaktigare
751 1187 28 20 än
803 1185 27 22 de
851 1191 96 22 senares,

194 1221 67 22 räder
285 1221 38 22 det
346 1223 46 20 stor
415 1222 57 21 brist
495 1222 28 27 pä
547 1222 144 27 kompetenta
714 1221 233 27 abnormskolelärare,

194 1256 83 22 hvaraf
297 1257 67 22 bland
387 1260 68 19 annat
470 1257 50 28 följt
537 1260 33 19 att
586 1258 68 27 ingen
671 1257 56 22 enda
742 1257 123 27 lärarepost
880 1257 67 22 sedan

194 1292 27 21 är
238 1293 57 20 1892
312 1293 85 22 kunnat
411 1293 99 22 besättas
527 1293 71 22 under
614 1293 147 22 konkurrens.

267 1327 66 22 Efter
355 1330 66 25 tagen
445 1329 123 22 kännedom
592 1335 34 15 om
650 1328 127 28 Styrelsens
793 1328 105 28 åtgärder
913 1327 35 22 för

194 1363 158 23 befordrandet
375 1364 26 21 af
422 1365 301 27 dömstumundervisningen
745 1365 8 20 i
775 1364 82 27 landet,
874 1363 73 28 gällde

194 1399 39 21 det
249 1399 36 22 för
303 1400 117 22 Utskottet
435 1402 34 19 att
484 1401 80 21 utreda
579 1401 7 20 i
602 1401 93 21 hvilken
710 1400 50 21 mån
776 1400 27 21 de
819 1399 35 22 för
869 1401 78 20 närva-

193 1435 70 21 rande
285 1435 139 23 existerande
440 1435 205 23 döfstumskolorna
659 1438 39 20 äro
713 1435 136 28 tillräckliga
865 1435 34 22 för
915 1438 34 18 att

266 1483 107 18 Allmänna
386 1484 182 22 petitionsutskottets
582 1484 118 18 betänkande
713 1484 38 18 N:o
762 1484 29 18 14.
