1092 1739
809 167 11 19 5

230 237 46 13 mun
292 230 67 20 därtill
374 231 89 24 samtykt,
479 232 28 18 att
521 230 8 19 i
541 230 56 25 parti
611 230 26 24 af
648 230 58 20 minst
720 231 30 18 25
756 230 38 20 hel-
804 230 47 19 eller

233 260 28 18 50
282 259 117 25 halfflaskor
417 260 46 19 eller
477 260 8 19 i
500 260 44 19 kärl
563 265 30 14 om
608 259 59 19 minst
680 260 30 18 25
724 259 44 20 liter
780 259 28 25 pä
823 259 28 19 be-

231 288 92 25 ställning
346 288 95 24 försända
462 288 46 20 sina
528 288 149 25 tillvärkningar
700 288 30 19 till
749 287 102 25 afnämare

229 317 29 24 pä
274 317 69 20 landet.
373 317 39 19 Till
426 317 73 25 hugade
514 317 71 24 köpare
595 317 8 19 i
612 317 43 19 stad
669 317 33 19 mä
712 316 139 26 bryggeriinne-

231 346 83 23 hafvare
328 346 46 24 fritt
388 346 63 23 forsla
465 346 44 19 sina
524 346 155 24 tillvärkningar.

442 404 14 23 $
470 403 36 19 25.

303 443 59 19 Hvad
373 442 8 20 i
392 443 61 19 denna
467 443 115 25 förordning
596 444 25 18 är
634 443 90 24 stadgadt
737 449 31 13 om
783 442 68 20 handel

232 472 43 19 med
296 472 135 24 maltdrycker,
448 472 61 24 gäller
526 472 40 19 icke
581 472 119 24 svagdricka,
716 472 137 19 ästadkommet

232 506 68 19 genom
322 500 107 25 hembrygd,
445 501 42 19 med
509 500 72 20 biträde
604 500 67 20 endast
685 500 25 24 af
721 502 40 23 eget
775 500 77 24 husfolk

233 529 47 19 eller
304 529 118 24 tjänstehjon,
441 530 29 18 uti
490 530 109 24 bygynader
616 530 42 18 med
672 529 65 24 vanlig
751 528 100 25 inredning

233 558 33 24 för
274 558 164 24 hushällssysslor.
462 558 56 20 Dock
527 558 32 19 må
569 558 82 19 sålunda
660 558 124 24 förfärdigad
794 558 59 24 dryck

233 586 41 20 icke
289 586 64 20 hållas
368 587 30 19 till
412 587 44 19 salu
472 587 42 19 med
528 587 74 19 mindre
617 588 28 18 att
660 586 111 20 kommunen
785 586 67 20 därtill

234 615 74 24 Vifallit
321 616 7 18 i
343 616 35 19 den
394 616 80 24 ordning
489 622 41 13 som
541 616 8 18 i
559 616 14 23 $
589 616 12 19 3
617 622 30 13 om
661 616 138 24 maltdryckers
810 615 42 24 för-

233 644 85 25 säljning
332 644 86 25 stadgas.
448 644 154 25 Hemmabrygdt
616 644 18 20 öl
649 644 32 19 må
695 644 82 20 hvarken
792 644 8 19 i
809 644 44 19 stad

234 673 47 20 eller
295 673 26 24 på
336 673 64 20 landet
415 673 29 20 till
459 674 43 19 salu
518 673 73 20 hållas:
606 674 64 23 bryter
683 673 63 25 någon
760 673 91 23 häremot,

233 702 78 24 straffes
325 708 41 13 som
381 702 8 18 i
403 703 14 23 $
432 703 25 18 18
471 703 61 24 säges.

167 758 131 25 Helsingfors
315 759 39 19 den
371 759 11 19 6
398 758 92 20 februari
508 759 60 20 1897.

166 809 20 22 A.
202 809 21 22 0.
238 809 112 27 Blomberg.
589 809 15 22 J.
621 809 18 22 F.
656 809 95 22 Hellman.

166 849 62 22 Wald.
243 849 76 22 Wallin.
591 849 12 22 1.
620 849 28 22 W.
663 849 120 22 Vartiainen.

166 889 58 22 Ludv.
241 890 156 21 Wennerström.
587 890 56 21 Wilh.
659 889 115 28 Malmberg.
