1070 1745
394 503 200 27 Reservation.

189 575 61 22 Fullt
266 581 52 16 ense
335 575 49 21 med
399 574 116 22 Utskottet
525 580 34 15 om
569 572 105 23 behofvet
684 573 25 21 af
718 575 32 19 ett
761 575 106 20 mönster-

117 612 140 27 sanatorium,
272 610 72 22 afsedt
355 609 160 23 företrädesvis
527 610 34 21 för
573 609 140 22 obemedlade
724 609 143 27 lungsiktige,

116 647 66 22 hafva
206 646 178 23 undertecknade
407 646 50 21 icke
478 646 84 21 kunnat
583 645 50 22 dela
648 645 88 27 åsigten
752 647 33 19 att
801 645 68 26 sagda

118 683 133 22 sanatorium
267 682 147 27 ovilkorligen
430 682 70 21 måste
515 681 71 22 blifva
597 688 27 15 en
635 681 147 22 statsanstalt.
805 680 63 22 Stän-

118 719 67 22 derna
208 719 64 21 torde
295 719 19 27 ej
339 725 41 20 ega
401 718 119 27 anledning
535 719 34 20 att
584 717 132 22 härutinnan
733 717 54 21 söka
803 716 67 22 binda

117 755 147 27 Regeringen,
289 754 91 22 hvilken
404 753 58 22 efter
486 753 166 22 vederbörande
676 752 193 27 fackmyndighets

117 791 98 21 hörande
231 791 40 21 bör
287 791 75 20 kunna
372 790 60 27 välja
443 790 41 21 den
496 789 56 22 form
563 789 35 22 för
609 789 91 27 planens
711 788 158 27 realiserande,

122 833 45 15 som
187 826 69 22 finnes
272 825 216 28 ändamålsenligast.
519 825 126 22 Utskottets
662 824 104 27 farhågor
782 827 33 18 att
831 824 37 22 vid

120 864 31 20 ett
167 863 29 25 på
212 862 88 21 enskild
318 863 43 25 väg
377 861 132 21 tillkommet
525 861 133 21 sanatorium
674 860 28 22 de
717 860 153 21 obemedlades

119 898 111 21 intressen
251 897 75 22 blefve
347 897 154 21 tillbakasatta
517 903 66 21 synes
598 896 78 28 foglös,
693 896 28 21 då
736 896 69 27 riklig
821 896 49 21 sub-

119 934 90 21 vention
224 932 36 22 för
275 933 111 21 anstalten
401 932 131 22 förutsättes
542 932 40 22 och
592 932 141 27 Regeringen
744 932 127 27 härigenom

119 969 94 22 beredes
229 969 89 21 tillfalle
335 971 33 19 att
383 968 113 22 fastställa
511 969 73 21 vilkor
595 968 7 21 i
613 968 78 27 antydt
702 967 65 28 syfte.
788 967 83 22 Likaså

120 1005 62 22 torde
199 1005 50 22 skäl
266 1005 18 27 ej
301 1004 119 22 förefinnas
436 1004 35 21 till
488 1004 133 27 antagandet
632 1005 33 20 att
676 1010 26 15 en
714 1003 24 22 af
748 1003 124 22 Ständerna

120 1041 62 28 gjord
201 1041 103 21 anhållan
324 1047 34 15 om
376 1040 127 21 inrättande
523 1039 24 22 af
561 1040 191 21 statssanatorium
769 1039 55 22 eller
840 1039 31 22 al-

120 1077 108 22 ternativt
244 1076 120 22 understöd
380 1075 35 22 för
431 1083 26 15 en
474 1076 157 27 privatanstalt
646 1076 74 21 kunde
731 1076 6 21 i
749 1075 122 22 nämnvärd

121 1113 48 21 mån
188 1112 98 29 fördröja
303 1112 89 27 frågans
408 1112 94 27 lösning.
530 1111 32 22 Af
575 1111 249 22 utskottsbetänkandet
841 1111 30 28 (p.

119 1148 26 28 3)
162 1148 105 27 framgår,
284 1150 33 19 att
332 1148 52 27 plan
401 1147 35 22 för
452 1150 33 19 ett
500 1147 99 22 enskildt
614 1147 133 22 sanatorium
758 1147 113 22 allaredan

119 1183 75 23 blifvit
214 1184 109 27 uppgjord
342 1184 40 21 och
401 1185 25 20 är
446 1183 78 22 afsedd
540 1186 33 19 att
588 1183 126 27 föreläggas
729 1183 142 22 Läkaresäll-

121 1220 90 27 skapets
232 1220 110 21 allmänna
360 1221 59 20 möte
439 1219 148 22 instundande
608 1219 56 22 höst.
695 1219 77 27 Någon
789 1218 82 22 förbin-

125 1255 61 22 delse
200 1255 36 22 för
251 1255 141 27 Regeringen
408 1257 34 20 att
452 1255 91 22 invänta
554 1255 172 26 privat-initativ
738 1255 74 21 skulle
827 1253 44 22 för-

123 1291 68 27 öfrigt
207 1291 20 27 ej
243 1291 149 27 ifrågasättas.

193 1327 125 21 Utskottets
334 1326 86 28 förslag
436 1333 33 15 om
480 1326 92 27 petition
584 1326 83 22 derhän
679 1328 33 20 att
723 1326 149 27 Regeringen,

120 1362 88 22 utöfver
227 1362 107 28 åtgärder
350 1362 35 22 för
400 1362 207 27 åvägabringandet
622 1361 24 22 af
660 1363 32 20 ett
708 1364 163 19 mönstersana-

120 1398 86 27 torium,
230 1398 69 22 måtte
321 1398 50 21 med
395 1398 139 22 ekonomiskt
557 1397 120 22 understöd
695 1396 104 23 befordra
818 1403 54 20 upp-

121 1434 101 22 komsten
241 1434 28 26 på
289 1433 88 22 enskild
399 1436 44 25 väg
463 1432 26 22 af
505 1433 165 22 vårdanstalter
686 1433 34 21 för
735 1432 139 28 lungsiktiga

121 1475 53 16 anse
193 1469 23 22 vi
235 1469 19 28 ej
274 1469 71 24 heller
363 1469 109 28 lämpligt,
489 1471 54 21 enär
558 1469 140 28 Regeringen
714 1469 38 22 vid
767 1468 106 28 pröfning
