1056 1734
280 144 273 23 Petitionsbetänkande
569 143 40 22 N:o
624 143 20 21 2.
782 140 31 23 65

87 204 76 25 naden,
182 202 33 22 till
238 203 64 21 hvars
324 201 186 27 åvägabringande
534 201 40 21 den
594 200 113 27 förmögna
724 198 122 22 landsorten

88 238 78 21 mellan
183 237 163 27 ändpunkterna
361 236 73 21 säkert
450 235 55 22 skall
520 235 96 27 bidraga,
632 234 24 22 så
670 233 86 27 mycket
770 232 77 21 lättare

88 274 32 19 att
134 272 78 21 utföra.

157 306 31 21 På
208 306 68 26 grund
295 305 23 21 af
335 305 56 21 hvad
412 304 174 22 undertecknade
602 303 48 21 haft
665 305 51 19 äran
733 302 37 21 här
785 300 63 22 fram-

90 341 69 26 ställa,
174 340 22 22 få
211 341 19 20 vi
246 340 155 21 vördsammast
416 339 95 21 anhålla:

296 411 32 19 att
349 409 144 27 förordandet
512 408 28 28 af
552 406 190 23 statssubvention
756 406 37 27 för
807 405 42 21 den

226 444 83 21 mellan
328 443 47 21 Åbo
395 444 39 20 och
450 443 90 28 Nystad
554 442 128 28 föreslagna
692 442 123 27 jernvägen
830 439 21 27 ej

228 478 68 22 måtte
310 478 71 21 vinna
396 478 133 21 medverkan
545 477 29 27 af
587 476 135 22 Ständerna.

159 542 27 22 A.
202 542 24 22 O.
243 541 120 23 Törnudd.
551 540 23 22 J.
590 540 22 22 J.
628 538 152 23 Vesterlund.

160 577 59 22 Karl
234 576 78 22 Vilén.
550 574 23 23 J.
588 574 21 22 I.
625 574 150 22 Gummerus.

160 611 124 23 Johannes
300 610 85 28 Lagus.
550 609 66 22 Juho
631 608 119 22 Koivisto.

549 644 27 22 P.
592 643 82 22 Aulin.

164 714 165 22 Undertecknad
344 714 40 21 har
399 714 58 21 velat
472 714 65 21 hafva
552 713 136 27 antecknadt,
705 714 31 19 att
751 712 41 21 han
806 711 47 21 icke

92 750 90 26 deltagit
204 750 6 20 i
230 749 123 21 Utskottets
372 749 70 21 beslut
462 748 110 27 angäende
592 754 24 15 en
636 747 120 26 föreslagen
775 746 78 21 bibana

92 784 33 21 till
140 784 88 27 Nystad.

604 822 57 22 Edv.
677 822 106 22 Avellan.

163 970 163 26 (Öfversättning.)

465 1009 28 20 11.

168 1065 165 23 Undertecknad
349 1066 40 21 har
404 1066 57 21 varit
476 1072 50 15 ense
542 1065 46 21 med
605 1065 111 21 Utskottet
732 1065 79 26 derom,
827 1065 32 20 att

96 1102 69 20 staten
181 1101 66 20 borde
259 1100 114 21 medverka
384 1100 33 21 till
427 1100 172 27 jernvägsnätets
611 1099 73 22 vidare
695 1099 122 26 utveckling
828 1098 29 21 bl.

98 1142 18 14 a.
137 1141 75 21 genom
233 1136 33 20 att
284 1134 168 21 subventionera
470 1135 146 26 privatbanor,
634 1134 48 21 dem
701 1134 78 25 städer,
794 1133 64 26 bolag

99 1170 51 21 eller
170 1170 82 27 privata
268 1175 103 21 personer
387 1169 65 27 ätaga
467 1170 33 27 sig
515 1171 32 19 att
562 1169 75 27 bygga.
667 1169 73 26 Enligt
755 1168 48 21 mitt
817 1167 42 21 för-

97 1204 104 21 menande
226 1204 67 21 borde
315 1204 81 20 sädana
418 1203 154 22 subventioner
593 1203 65 21 likväl
677 1203 47 21 icke
742 1202 117 27 bortgifvas

99 1239 27 27 pä
142 1238 76 27 slump,
233 1239 47 20 med
297 1238 80 21 fästadt
393 1238 102 21 afseende
512 1238 75 21 endast
601 1238 28 27 pä
644 1238 54 21 hvad
715 1238 5 21 i
732 1237 73 27 hvarje
815 1238 44 20 sär-

99 1273 66 22 skildt
180 1273 37 21 fall
232 1273 42 20 kan
290 1279 64 21 synas
370 1273 105 27 lämpligt,
492 1274 50 19 utan
560 1272 54 22 efter
629 1279 26 14 en
671 1272 82 27 engäng
768 1271 33 21 för
817 1271 43 21 alla

101 1309 91 26 antagen
212 1313 68 20 norm,
299 1313 43 15 som
362 1313 51 15 vore
432 1307 70 26 egnad
522 1308 31 20 att
568 1309 52 25 göra
635 1306 226 26 subventiosbeloppet

98 1343 7 20 i
125 1342 42 21 alla
186 1341 105 22 särskilda
310 1341 36 21 fall
367 1341 23 21 sä
412 1341 46 22 vidt
478 1341 84 27 möjligt
579 1341 124 26 likformigt.
733 1341 31 20 Pä
779 1346 82 15 samma

99 1376 56 27 gäng
170 1376 70 21 beslut
252 1375 71 22 derför
337 1376 68 21 fattas
421 1382 35 15 om
472 1376 156 27 totalbeloppet
642 1375 24 21 af
678 1375 36 21 det
724 1375 81 26 anslag,
815 1380 44 15 som

100 1411 54 20 skall
165 1410 96 27 afskiljas
272 1410 33 21 för
318 1410 192 27 subventionering
522 1411 22 20 af
554 1411 83 26 privata
646 1410 74 25 banor,
728 1415 62 22 synes
800 1408 61 21 äfven

100 1451 51 14 vara
165 1445 47 20 skäl
228 1446 32 19 att
278 1444 66 21 fixera
363 1446 32 19 ett
410 1445 54 21 visst
480 1445 120 27 procenttal
616 1445 24 20 af
654 1445 39 20 den
705 1444 34 21 för
750 1449 56 21 resp.
819 1443 43 26 pri-

168 1495 182 22 Jernvägsutskottets
363 1495 115 18 betänkande
491 1496 35 17 N:o
538 1496 18 17 2.
782 1496 11 16 5
