1073 1750
225 169 13 19 8

191 226 94 28 förtjänt
296 227 75 28 sådan,
382 228 40 21 och
433 228 62 21 detta
511 228 80 21 endast
607 227 25 22 af
646 228 43 22 den
705 227 72 27 orsak,
793 229 34 19 att
842 227 42 22 den
895 227 54 21 min-

193 262 39 22 dre
255 262 150 23 framstående
426 262 148 28 tillfälligtvis
591 263 20 28 ej
627 263 50 22 haft
692 264 70 27 några
778 262 128 23 medtäflare
922 263 27 27 på

192 305 82 15 samma
296 299 74 27 språk,
403 298 120 29 Själfklart
538 301 33 26 är,
589 301 33 20 att
638 302 33 19 ett
687 299 79 22 sådant
782 298 167 28 förfaringssätt

193 336 19 26 ej
234 337 25 19 är
275 335 82 27 egnadt
373 337 32 20 att
420 336 80 26 bringa
516 335 89 22 landets
622 336 114 21 litteratur
751 335 35 21 till
803 335 79 27 högsta
898 335 51 27 möj-

192 371 46 27 liga
254 371 135 27 utveckling.

264 407 117 22 Utskottet
403 407 40 21 har
463 407 7 21 i
486 407 74 22 likhet
575 407 50 21 med
642 407 177 27 petitionärerna
834 406 117 27 föreslagit

193 443 130 28 utgifvande
346 443 25 22 af
391 443 121 22 understöd
537 444 80 21 endast
641 443 35 22 för
701 443 177 28 skönlitteratur,
900 449 49 15 men

193 486 27 15 en
244 479 63 28 dylik
330 480 151 27 begränsning
500 482 26 19 är
542 480 72 27 enligt
630 480 41 21 vår
687 480 68 21 tanke
771 479 20 28 ej
809 479 99 28 befogad.
939 479 11 21 I

193 515 93 22 främsta
308 517 94 20 rummet
424 515 63 22 torde
511 516 136 27 visserligen
668 515 43 22 den
727 515 114 28 egentliga
857 515 92 21 skönlit-

193 553 114 20 teraturen
321 551 53 22 böra
389 551 109 22 kommma
513 552 7 21 i
536 551 72 28 fråga,
626 557 56 22 men,
699 551 35 22 för
751 553 32 19 att
799 551 57 21 blott
871 552 79 20 nämna

192 589 34 20 ett
241 588 107 27 exempel,
357 588 82 21 räknas
456 588 43 27 god
514 587 231 28 ungdomslitteratur,
757 586 82 22 hvaraf
847 586 22 22 vi
881 586 7 22 i
898 587 52 21 vårt

192 623 51 21 land
267 625 39 20 äro
330 623 6 21 i
361 625 56 20 stort
433 623 72 28 behof,
523 624 19 27 ej
560 623 63 21 alltid
640 623 35 22 till
692 623 99 27 egentlig
807 622 142 22 skönlittera-

193 663 43 24 tur,
260 659 40 22 och
324 659 56 21 dock
399 659 68 22 borde
483 659 68 22 äfven
568 659 43 22 den
628 659 71 27 enligt
714 659 41 22 vår
770 659 69 21 tanke
864 658 86 22 komma

192 695 6 21 i
223 695 130 27 åtnjutande
376 694 25 22 af
421 695 101 27 premier.
555 696 29 21 Vi
607 695 84 22 föreslå
714 694 36 22 för
771 695 43 21 den
835 695 65 27 skull,
917 697 33 19 att

192 730 149 28 Regeringen,
365 731 66 21 innan
448 732 43 20 hon
514 731 100 22 fördelar
638 731 27 22 de
684 730 171 28 ifrågavarande
871 730 79 22 under-

193 766 85 28 stöden,
290 767 111 21 infordrar
411 767 116 21 utlåtande
541 767 7 21 i
565 767 70 22 saken
652 766 25 22 af
690 767 87 21 landets
793 766 57 22 båda
865 766 85 22 littera-

192 802 144 28 tursällskap,
353 802 40 22 och
408 802 22 22 vi
446 804 39 20 äro
501 802 148 28 öfvertygade
666 802 81 28 därom,
765 804 33 19 att
814 801 68 28 sagda
898 802 51 21 säll-

193 838 55 27 skap
265 838 50 22 icke
331 838 62 22 skola
408 838 117 22 underlåta
542 840 33 20 att
590 838 61 22 rikta
667 838 154 28 Regeringens
833 837 116 27 uppmärk-

193 874 86 22 samhet
299 874 29 27 på
343 874 38 22 det
397 874 48 27 slag
461 874 25 22 af
499 874 122 28 litteratur,
638 880 45 16 som
700 874 35 22 för
751 874 62 21 tiden
829 875 26 19 är
870 876 57 18 mest
941 873 8 21 i

192 910 69 22 behof
275 909 25 22 af
313 910 125 22 understöd.

264 946 12 21 I
292 946 119 27 anledning
427 946 25 22 af
461 946 37 22 det
509 946 146 22 förenämnda
667 946 56 27 våga
734 946 23 21 vi
768 945 113 23 vördsamt
892 945 56 21 före-

193 982 39 28 slå,
256 984 34 20 att
313 982 123 22 Ständerna
460 983 68 21 måtte
545 983 40 21 hos
602 982 62 22 Hans
681 982 126 28 Kejserliga
823 981 104 28 Majestät
942 981 8 21 i

194 1018 177 28 underdånighet
387 1019 88 21 anhålla

479 1080 32 20 att
520 1079 144 27 Regeringen,
681 1079 54 27 efter
745 1080 32 20 att
787 1078 68 27 hafva
865 1078 84 21 inhäm-

409 1116 32 20 tat
463 1115 26 21 de
512 1116 9 20 i
544 1114 75 22 landet
634 1114 140 22 existerande
789 1113 162 22 litteratursäll-

409 1150 94 27 skapens
516 1150 122 27 utlåtande,
652 1149 80 23 såvida
743 1150 120 26 anledning
874 1149 78 22 därtill

407 1187 125 26 förefinnes,
550 1186 86 27 årligen
651 1187 49 21 ville
713 1186 76 21 utdela
804 1186 68 26 4,000
885 1185 65 22 mark

409 1222 75 22 såsom
507 1221 101 28 premier
635 1221 24 22 åt
685 1221 166 28 förtjänstfulla
877 1221 74 26 skrift-

409 1259 96 21 ställare.

303 1317 21 22 H.
341 1317 106 22 Melander.
657 1317 20 22 K.
694 1318 19 21 V.
731 1316 112 22 Hellström.

304 1352 19 22 K.
340 1353 84 22 Oittinen
659 1354 15 22 J.
691 1353 123 23 Pietiläinen.
