1067 1742
220 169 15 19 4
382 167 76 23 Ständ.
475 168 47 22 Pet.
538 180 26 4 —
581 168 154 22 Petitionsbet.
751 167 38 23 N:o
804 166 20 23 2.

221 233 47 21 den
290 233 72 25 trafik,
379 240 48 15 som
451 233 156 22 öfverhufvud
629 233 46 21 kan
696 235 29 27 på
745 233 153 28 järnvägarna
912 232 8 22 i
935 233 45 21 lan-

220 268 41 21 det
284 268 146 25 förekomma,
454 268 98 22 fördelar
572 268 34 28 sig
622 268 7 20 i
645 268 60 21 olika
720 268 54 28 slag.
804 268 46 21 För
865 267 115 21 vinnande

220 302 28 21 af
271 302 72 21 bättre
366 302 111 22 öfversikt
498 303 42 21 har
562 302 40 21 vid
625 302 45 22 den
692 302 101 22 anstälda
815 302 165 21 undersöknin-

220 344 52 21 gen,
299 336 69 28 jämte
397 337 37 21 det
460 336 113 22 åtskilnad
600 336 73 29 gjorts
700 336 95 22 emellan
819 344 92 20 person-
937 336 42 21 och

220 371 133 28 godstrafik,
376 372 101 21 rörelsen
499 371 108 21 fördelats
630 371 8 21 i
660 374 34 18 tre
716 370 134 29 kategorier,
866 370 113 29 nämligen

220 407 22 25 a)
259 406 177 28 genomgående,
452 406 36 21 för
503 406 86 21 banans
605 408 52 26 eget
670 405 159 21 trafikområde
840 405 139 21 främmande

221 440 74 25 trafik,
311 440 23 28 b)
350 440 86 22 banans
452 448 58 21 egen
520 440 171 28 genomgående
699 440 127 21 lokaltrafik
838 443 56 18 samt
906 440 20 27 c)
936 440 43 20 den

220 474 76 22 lokala
317 474 97 22 trafiken
435 475 8 21 i
466 474 120 22 inskränkt
608 474 150 26 bemärkelse;
782 474 43 21 och
842 474 69 21 hafva
929 474 49 21 icke

222 509 58 21 blott
303 510 83 21 antalet
401 510 95 21 resande
512 510 43 20 och
570 509 173 29 varumängder,
759 512 55 18 utan
830 509 42 21 ock
887 515 91 21 person-

222 543 127 22 kilometer-
364 544 43 21 och
422 544 221 21 tonkilometertalen
658 543 247 29 tagits
733 539 10 37 i
754 543 151 29 betraktande,
913 543 65 21 hvar-

220 578 43 22 hos
287 578 27 21 de
336 586 78 14 vunna
436 578 60 22 talen
518 585 84 21 genom
621 578 223 28 procentberäkning
858 577 73 29 gjorts
946 578 32 20 in-

220 612 83 22 bördes
319 613 78 21 lättare
410 613 137 28 jämförliga.

286 648 33 20 Af
326 648 168 21 ofvannämnda
501 647 174 29 undersökning
682 646 140 22 beträffande
831 646 147 22 förenämnda

221 682 82 21 bandel
325 682 98 28 framgår
446 685 32 18 att
501 682 45 21 den
568 682 178 28 genomgående,
768 681 36 21 för
822 681 75 21 banan
912 681 65 21 främ-

220 716 82 21 mande
320 716 102 25 trafiken,
439 718 89 26 uppgår
542 716 35 21 till
592 716 80 21 endast
689 716 83 27 !/,—!/;
788 715 26 22 af
826 715 86 22 banans
928 715 50 21 hela

220 750 74 26 trafik,
310 751 53 21 eller
379 752 105 20 exaktare
499 751 103 28 uttryckt
612 750 34 22 till
656 752 86 25 25,64%/,
752 750 36 22 för
798 750 179 28 persontrafiken

221 785 43 21 och
287 786 91 26 31,:49/,
397 786 36 20 för
448 785 162 29 godstrafiken,
626 785 82 21 medan
722 784 86 22 banans
823 784 74 22 lokala
911 784 66 22 trafik

221 819 7 21 1
244 820 164 21 vidsträcktare
424 820 43 21 och
482 820 158 21 inskränktare
651 819 137 21 bemärkelse
799 819 178 28 sammanslagen

220 857 126 19 motsvarar
361 862 59 21 resp.
438 856 52 24 74,36
499 855 28 27 9/,
542 854 43 21 och
601 856 54 24 68,26
664 855 33 26 %/.
728 853 88 21 Härvid
832 856 24 18 är
871 853 59 21 dock
946 856 31 18 att

219 889 139 26 observeras,
373 892 32 18 att
420 889 26 22 af
458 889 66 22 dessa
539 891 54 23 25,6
601 890 28 26 9/,
644 889 170 28 genomgående
827 888 150 29 persontrafik

219 923 66 22 faller
300 925 29 26 på
344 923 144 28 Helsingfors
504 926 40 23 8,32
553 925 35 26 9/4,
603 925 30 26 pä
648 923 82 28 Hangö
746 925 39 23 3,46
793 923 35 28 9/4,
843 925 29 26 pä
888 923 34 21 S:t
936 923 40 20 Pe-

219 958 107 28 tersburg
342 958 81 28 1,81%/o,
440 959 29 27 pä
484 951 51 28 Åbo
553 959 74 26 1,48%
643 958 43 21 och
700 959 30 27 pä
745 957 88 29 Viborg
845 960 37 23 1,20
892 958 33 26 %/o,
938 958 38 20 och

219 992 73 21 skulle
312 993 85 20 säledes
413 995 16 18 t.
445 1000 33 13 ex.
494 992 36 22 för
546 1000 28 13 en
590 992 226 28 förbindningsbana,
833 999 48 14 som
896 991 20 28 ej
933 991 43 22 för-

218 1027 96 20 kortade
335 1030 75 25 vägen
428 1027 34 21 till
477 1027 152 28 Helsingfors,
644 1027 83 28 Hangö
742 1027 43 20 och
800 1015 58 44 Äbo,
874 1030 102 24 procent-

218 1060 55 22 talet
296 1061 35 21 för
357 1061 51 21 hela
436 1061 44 21 den
504 1061 170 28 genomgående
699 1061 180 28 persontrafiken
903 1061 74 28 nedgä

218 1095 35 20 till
280 1097 51 23 12,38
343 1097 27 25 %%
398 1095 54 22 eller
477 1095 96 28 ungefär
599 1095 93 22 hälften.
729 1095 52 22 Den
806 1095 170 28 genomgående

218 1129 155 28 godstrafiken
392 1129 72 22 skulle
480 1131 48 20 äter
542 1130 74 21 under
629 1130 101 28 antydda
740 1129 164 29 förutsättning
914 1129 62 28 gifva

218 1167 32 18 ett
274 1167 60 18 ännu
358 1164 173 28 oförmänligare
554 1165 94 21 resultat
663 1165 53 21 eller
732 1164 57 21 blott
804 1166 40 23 9,95
852 1165 27 26 %),
895 1163 23 22 af
933 1164 43 21 den

218 1199 71 20 totala
303 1199 165 28 godsrörelsen.

287 1233 35 21 De
344 1240 32 13 nu
395 1233 95 21 anförda
506 1233 112 25 siffrorna,
634 1240 77 14 vunna
725 1234 30 27 pä
770 1240 29 14 en
813 1232 61 29 linje,
890 1239 49 15 som
954 1233 24 21 af

218 1267 42 20 alla
275 1267 74 21 finska
364 1267 108 22 bandelar
487 1267 131 28 antagligen
633 1270 24 18 är
673 1267 43 21 den
732 1267 7 21 i
750 1267 127 21 afseendeä
885 1274 91 21 genom-

217 1301 88 28 gäende
327 1301 67 22 trafik
416 1304 58 19 mest
494 1302 114 28 gynnade,
624 1301 145 29 ädagalägga,
784 1301 60 21 huru
860 1301 116 28 obetydlig

217 1336 75 21 denna
314 1336 170 28 genomgäende
507 1336 62 21 säväl
591 1343 91 21 person-
701 1343 49 14 som
765 1335 125 29 godstrafik
906 1336 70 28 enligt

217 1371 29 20 all
262 1371 142 21 sannolikhet
420 1371 72 22 skulle
508 1371 79 21 utfalla
601 1372 29 27 pä
646 1378 28 14 en
684 1370 292 28 hufvudsakligen
881 1366 13 38 i
903 1366 77 38 vester

217 1405 44 23 och
280 1408 59 18 öster
354 1405 87 28 gående
457 1405 290 28 sammanbindningsbana,
763 1405 34 21 till
812 1405 43 21 och
870 1405 52 20 med
940 1412 36 14 om

217 1439 45 21 den
284 1447 84 14 samma
386 1439 114 29 betydligt
515 1439 131 22 förkortade
662 1439 113 22 afständet
790 1439 34 21 till
840 1439 33 21 S:t
888 1439 88 22 Peters-

216 1473 60 28 burg
296 1474 43 21 och
357 1473 95 29 Viborg.
483 1474 35 21 De
534 1474 24 21 af
572 1474 138 21 Ständernas
726 1473 204 29 Järnvägsutskott
945 1477 30 19 ta-
