1092 1739
237 159 84 23 Ständ.
337 160 54 22 Pet.
406 172 29 3 —
449 159 155 23 Motionsbet.
620 160 43 22 N:o
679 160 22 22 9.
838 162 13 20 3

92 231 148 26 Frankrike,
269 231 127 29 Ryssland
423 231 46 22 och
497 231 89 22 Italien
614 232 8 21 i
644 231 69 23 detta
733 231 119 23 afseende

92 265 140 26 innehåller
259 266 133 22 enahanda
419 265 161 29 bestämning
608 272 54 16 som
690 266 50 22 den
767 266 84 22 finska

92 301 90 25 rätten,
211 300 131 22 hvaremot
361 306 31 16 en
411 300 40 22 del
471 300 80 22 andra
569 300 102 22 länders
690 300 161 29 lagstiftning

93 334 53 22 dels
164 334 135 29 nedflyttat
317 335 111 28 gränsen
447 334 36 22 till
504 335 31 21 14
554 334 35 27 år,
610 335 53 22 dels
679 335 77 21 infört
769 335 83 22 skilda

92 369 191 29 bestämningar
301 369 38 22 för
359 368 116 23 arbetare
495 369 105 22 emellan
621 370 32 21 14
672 369 47 22 och
740 369 32 22 16
788 370 64 21 samt

93 403 91 22 mellan
214 404 32 22 16
274 404 45 21 och
349 403 32 23 18
409 404 35 21 år.
482 404 50 21 För
560 405 35 21 att
616 404 58 22 med
693 404 159 22 bestämdhet

93 438 86 22 kunna
207 438 88 28 afgöra
322 437 91 29 frågan
436 444 40 16 om
504 438 48 22 den
576 439 86 28 gräns,
682 438 33 22 då
734 438 118 29 förlängd

94 472 121 22 arbetstid
243 472 38 22 för
308 472 169 29 minderårige
505 472 115 22 arbetare
648 472 69 29 finge
744 472 108 28 inträda,

94 506 127 23 erfordras
249 506 136 22 emellertid
413 513 32 15 en
469 507 193 29 undersökning
680 513 41 16 om
739 507 113 29 lämplig-

93 541 74 22 heten
187 542 26 21 af
231 539 118 31 gällande
367 541 191 29 bestämningar
573 542 110 22 rörande
697 541 155 22 arbetstiden

93 576 39 22 för
156 582 69 23 unga
251 582 128 22 personer.
417 576 88 28 Enligt
528 576 144 28 åberopade
691 576 95 28 nådiga
804 576 48 22 för-

94 610 138 29 ordningar
251 610 50 22 kan
319 610 57 26 den,
397 616 53 16 som
469 610 56 28 fyllt
545 611 30 21 15
596 617 57 15 men
672 611 21 28 ej
718 610 31 22 18
764 610 35 26 år,
812 616 40 16 an-

94 645 97 22 vändas
210 645 8 22 i
236 644 142 22 handtverk
397 645 92 21 mellan
508 645 107 22 klockan
634 646 15 21 5
667 645 33 28 på
713 651 139 23 morgonen

94 680 45 21 och
167 679 15 22 9
211 686 40 15 om
273 679 110 25 aftonen,
403 679 60 22 eller
481 679 81 22 under
581 686 31 15 en
631 679 36 22 tid
687 679 25 22 af
731 679 67 22 ända
817 679 36 22 till

94 715 88 20 sexton
201 714 106 25 timmar,
327 713 90 22 medan
436 714 8 21 i
463 714 112 22 fabriker
588 714 47 22 och
648 714 205 28 fabriksmässigt

94 748 83 22 drifna
207 748 182 29 handteringar
420 748 116 23 arbetare
567 748 25 23 af
620 748 111 22 nämnda
760 748 93 22 ålders-

93 783 116 28 kategori
229 783 26 21 få
275 783 130 22 användas
425 783 76 28 högst
519 783 94 28 fjorton
632 783 100 22 timmar
750 789 41 15 om
810 782 42 23 da-

94 823 56 22 gen,
179 817 55 22 däri
260 817 169 22 inberäknadt
447 819 81 20 raster
547 824 40 15 om
606 817 151 22 tillsamman
776 817 76 22 minst

92 851 44 22 två
154 851 106 22 timmar.
292 851 53 22 Hos
365 851 144 23 Ständerna
527 852 47 22 har
588 852 128 22 anmärkts
730 851 120 22 hurusom

93 886 49 21 den
169 886 43 21 vid
237 886 142 22 handtverk
406 886 46 22 och
472 887 53 21 icke
544 886 204 29 fabriksmässigt
767 886 84 22 drifna

92 920 183 29 handteringar
302 920 97 22 tillåtna
427 921 104 28 dagliga
559 921 169 22 arbetstidens
746 920 105 29 längd
836 916 20 38 i

93 955 117 28 förening
240 955 56 22 med
327 955 131 22 saknaden
490 955 25 22 af
544 955 235 29 lagbestämningar
810 961 41 15 an-

93 989 98 28 gående
211 989 166 22 arbetsraster
395 989 86 22 kunde
500 990 113 21 medföra
632 989 86 22 vådan
733 989 25 22 af
770 989 81 22 öfver-

94 1024 184 29 ansträngning
296 1024 39 22 för
353 1030 68 23 unge
441 1024 123 22 arbetare.

162 1058 11 22 I
193 1059 136 28 anledning
348 1058 74 22 häraf
434 1059 78 22 hafva
527 1058 143 23 Ständerna
684 1059 82 22 ansett
778 1058 74 22 önsk-

92 1092 46 29 ligt
166 1094 35 21 att
228 1093 135 28 utredning
391 1093 197 22 införskaffades
608 1093 96 26 därom,
723 1092 128 23 huruvida

94 1127 112 28 antydda
234 1127 95 22 olikhet
355 1127 7 22 i
390 1127 192 29 lagstiftningen
610 1127 110 22 rörande
740 1127 112 22 arbete
839 1123 17 37 i

93 1161 112 22 fabriker
233 1162 46 21 och
297 1161 143 23 handtverk
459 1162 52 22 ledt
529 1162 37 22 till
584 1168 57 15 men
660 1162 39 22 för
718 1161 134 22 handtver-

94 1195 171 23 keriarbetare
292 1196 81 22 under
403 1196 31 22 18
464 1197 28 21 år
515 1196 45 22 och
580 1203 40 15 om
640 1196 155 22 arbetstiden
814 1195 38 22 för

94 1229 56 22 dem
178 1230 146 23 erfordrade
352 1231 181 28 begränsning.
571 1231 130 28 Därjämte
726 1236 76 23 synes
822 1236 30 15 en

94 1270 68 16 mera
191 1265 110 28 enhetlig
328 1265 46 22 och
401 1265 161 29 öfversiktlig
583 1265 225 28 sammanfattning
828 1263 25 22 af

94 1298 151 23 hithörande
277 1299 161 29 stadganden
466 1306 62 15 vara
556 1299 163 29 erforderlig;
750 1299 47 22 och
827 1298 25 22 få

96 1332 143 23 Ständerna
267 1333 74 29 förty,
366 1333 57 22 med
453 1334 136 28 anledning
608 1333 26 22 af
652 1335 35 20 ett
705 1333 68 22 inom
792 1333 61 22 Bor-

94 1367 163 28 gareståndet
275 1368 8 21 i
303 1369 83 21 ämnet
405 1368 143 22 framstäldt
564 1368 213 28 motionsförslag,
792 1367 62 22 hvil-

94 1401 42 23 ket
162 1401 79 23 likväl
262 1402 54 22 icke
334 1402 99 22 kunnat
453 1403 82 21 såsom
554 1402 92 22 sådant
665 1402 26 22 af
710 1401 143 23 Ständerna

94 1436 125 27 omfattas,
239 1437 185 28 underdånigst
443 1437 113 22 anhålla:
