1067 1734
111 208 41 18 hos
174 207 53 20 barn
249 207 87 20 kräfver
350 212 28 14 en
393 207 46 19 helt
454 212 73 15 annan
542 208 40 19 och
597 206 151 25 långvarigare
763 207 59 25 vård,
836 209 28 18 än

111 234 41 19 den
176 239 48 14 som
247 233 13 20 å
281 234 89 23 vanliga
392 234 92 23 sjukhus
506 234 42 19 kan
564 233 166 25 ifrågakomma.
758 234 27 19 Vi
800 234 65 19 hafva

111 261 47 19 icke
182 261 32 19 ett
236 261 55 19 enda
311 261 98 24 sjukhus,
425 261 37 19 där
477 261 96 24 egentlig
588 260 107 21 barnvård
710 266 50 15 vore
775 261 89 20 förenad

111 288 50 19 med
185 287 80 20 vården
288 287 24 20 af
332 287 182 24 barnsjukdomar
533 288 39 19 och
588 288 36 19 det
638 290 24 17 är
674 288 46 24 just
734 288 67 25 detta,
816 293 48 14 som

112 316 23 17 är
158 315 24 19 af
202 315 70 19 nöden
289 314 33 20 för
337 314 53 19 barn
406 314 116 20 behäftade
537 315 49 19 med
602 315 164 20 ofvannämnda
781 315 83 24 sjukdo-

111 346 54 15 mar.
194 341 80 24 Dylika
295 340 59 21 vård-
376 341 41 20 och
437 341 149 20 kuranstalter
600 344 37 17 äro
652 342 34 19 till
700 342 33 19 sin
750 343 64 18 natur
829 342 35 19 all-

112 368 60 19 deles
188 368 58 20 olika
260 367 53 20 våra
328 368 89 24 vanliga
432 368 98 25 sjukhus,
542 369 87 19 hvarför
639 369 114 19 desamma
763 369 40 19 ock
813 369 51 19 böra

112 395 94 20 inrättas
228 395 56 20 efter
302 395 47 19 helt
364 395 58 19 olika
436 395 59 19 mall.
524 395 30 20 De
569 395 52 20 böra
635 395 94 20 inrättas
744 395 30 25 så,
790 396 33 19 att
838 401 26 14 en

112 422 143 24 omsorgsfull
277 421 121 20 barnavård
420 421 38 25 går
480 422 57 19 hand
558 423 6 18 i
579 423 57 19 hand
651 423 50 18 med
716 427 26 15 en
758 421 27 26 på
799 423 66 23 riktig

112 449 98 24 psykisk,
232 449 79 19 dietisk
334 449 40 19 och
398 449 136 24 terapeutisk
557 449 73 20 metod
655 449 96 24 grundad
774 449 89 20 skötsel.

112 475 81 20 Försök
213 475 27 25 på
261 476 61 19 detta
343 475 94 25 område,
453 475 75 20 såsom
549 477 15 18 t.
586 481 34 15 ex.
640 475 12 20 å
668 477 39 18 den
723 476 50 19 med
788 476 76 20 doktor

112 503 122 20 Barnardos
264 503 105 19 barnhem
392 491 103 31 förenade
519 503 153 20 kuranstalten
697 503 6 19 i
727 503 96 24 London,
852 503 12 19 å

112 529 117 20 Schwartz
253 529 115 20 enahanda
386 529 143 25 inrättning
524 525 15 34 i
554 530 113 25 Liverpool
691 535 28 15 m.
742 535 28 14 m.
799 530 65 19 hafva

112 555 74 22 såsom
201 557 75 24 kändt,
290 557 64 24 gifvit
368 557 26 19 de
408 558 168 22 gynsammaste
591 557 99 20 resultat.

184 583 30 20 På
233 583 69 24 grund
324 583 22 20 af
365 583 66 20 ofvan
452 583 90 20 anförda
557 584 48 19 skäl
620 583 67 25 vågar
700 585 36 23 jag
752 584 112 19 vördsamt

111 609 89 26 föreslå,
222 611 34 19 att
277 610 119 20 ständerna
419 610 49 19 ville
491 611 75 19 förena
588 611 34 24 sig
637 616 35 15 om
688 616 26 14 en
730 610 134 25 underdånig

111 637 93 24 petition
220 638 7 18 i
242 637 58 24 syfte

398 664 30 19 att
447 664 121 24 regeringen
582 663 61 21 måtte
660 663 13 21 ä
686 664 8 20 i
708 664 157 24 klimatologiskt

327 691 92 25 afseende
440 690 101 25 lämpliga
562 692 52 18 orter
634 692 8 18 i
663 691 69 19 landet
748 691 77 19 inrätta
840 692 25 18 ett

328 718 70 24 nödigt
418 718 58 19 antal
493 716 59 21 värd-
571 718 35 20 och
620 718 139 20 kuranstalter
770 718 34 25 för
818 716 46 21 små

328 745 59 24 barn,
409 744 83 20 lidande
514 745 26 25 af
554 745 91 24 rachitis,
660 744 101 26 skrofulos
776 745 35 19 och
825 745 37 24 epi-

328 772 55 24 lepsi.

184 825 144 24 Helsingfors,
344 825 40 19 den
400 826 13 18 4
428 826 102 19 Februari
545 826 57 19 1897.

397 879 19 21 A.
433 878 20 22 0.
471 879 109 27 Blomberg.
