1078 1742
546 196 142 20 Bondeständet
703 195 37 21 N:o
757 196 19 19 5.

263 431 50 19 Till
327 431 153 21 hedervärda
494 431 193 21 Bondeständet.

161 482 47 20 Den
222 482 44 25 sak,
282 482 33 20 för
329 483 86 20 hvilken
429 483 21 20 vi
464 490 28 14 nu
506 484 54 26 väga
574 484 81 20 anhälla
670 491 33 13 om
718 482 129 22 hedervärda

93 511 95 20 ständets
202 512 132 24 medvärkan,
350 515 23 17 är
387 512 123 26 visserligen
525 512 24 20 af
561 512 83 26 mycket
657 512 58 20 lokal
729 512 117 20 beskaffen-

93 540 42 24 het,
150 546 47 14 men
211 540 27 20 dä
260 540 40 20 alla
322 543 56 17 orter
392 541 8 19 i
414 542 46 18 värt
475 541 49 20 land
538 541 55 20 inför
607 542 190 26 representationen
812 544 35 16 äro

93 568 44 20 lika
151 569 86 26 viktiga,
253 569 60 21 deras
328 570 34 19 väl
376 569 24 21 af
411 570 43 20 lika
470 572 43 18 stor
526 570 114 26 betydelse,
655 571 54 25 väga
723 570 21 20 vi
759 570 47 20 med
819 569 29 20 all

95 596 97 21 säkerhet
207 598 85 26 hoppas,
308 601 31 17 att
353 599 37 19 vär
404 598 88 26 petition
507 600 87 25 ädrager
609 599 33 26 sig
657 600 65 19 sådan
736 598 109 27 uppmärk-

95 626 86 24 samhet,
197 633 43 13 som
254 627 41 20 den
310 627 46 20 med
370 629 57 18 rätta
440 630 24 17 är
477 628 57 20 värd.
564 628 12 19 I
591 628 27 20 24
636 628 11 26 &
662 628 24 20 af
701 628 148 25 förordningen

95 656 106 24 angående
221 656 141 25 maltdrycker
384 656 92 26 stadgas,
495 659 31 17 att
543 656 67 26 ,hvad
625 657 38 19 här
677 656 62 21 ofvan
754 660 23 16 är
792 656 56 20 stad-

94 684 51 25 gadt
160 691 33 13 om
208 685 48 19 stad
269 685 66 25 gäller
350 685 39 19 ock
404 692 32 12 om
450 685 98 26 köping*.
574 685 91 20 Sälunda
674 685 43 20 kan
726 686 7 19 i
742 686 51 19 vära
802 684 47 27 fyra

95 712 102 26 köpingar
211 716 85 23 öppnas,
312 714 23 20 sä
348 714 75 25 mänga
445 714 187 26 ölutskänkningar
649 714 38 20 och
701 714 149 26 försäljningar

96 741 23 20 af
131 742 146 26 maltdrycker,
293 749 44 13 som
347 742 116 26 köpingens
472 743 174 26 röstberättigade
656 743 133 20 medlemmar
799 743 50 19 eller

96 770 48 20 dess
159 770 127 27 förvaltning
300 771 84 20 tilläter.
410 771 49 20 Med
474 772 48 20 stöd
531 772 62 20 häraf
601 772 66 20 finnes
678 772 33 20 för
720 772 129 20 närvarande

96 799 166 27 utskänkningar
277 800 74 20 endast
365 800 8 20 i
388 800 54 24 Salo,
458 807 47 13 men
519 801 109 20 därstädes
642 801 38 20 har
690 801 36 19 det
736 800 67 20 hittils
813 807 36 13 va-

96 830 28 19 rit
139 829 94 26 omöjligt
247 832 32 17 att
292 829 23 20 få
330 829 46 20 dem
396 830 95 25 stängda,
506 830 33 19 till
554 836 26 14 en
595 830 33 19 del
643 829 23 20 af
679 830 41 20 den
735 829 68 25 orsak,
819 832 32 17 att

96 858 34 20 till
143 858 116 27 köpingens
274 858 107 25 kassa,
357 854 24 35 sä
396 858 60 26 länge
472 858 60 21 dessa
552 858 79 21 tillåtas
645 858 24 20 af
682 858 60 21 deras
757 858 93 21 innehaf-

96 894 55 18 vare,
166 887 33 20 för
213 887 127 26 rättigheten
354 887 95 26 erlägges
465 888 61 23 6,000
542 887 65 24 mark,
622 887 85 20 hvilken
722 894 79 13 summa
818 887 33 20 för

97 919 30 17 ett
142 917 24 19 sä
180 916 46 20 litet
249 916 98 20 samhälle
370 923 44 13 som
436 915 47 20 Salo
498 919 61 23 utgör
574 923 26 13 en
614 916 131 26 tämmeligen
761 919 44 17 stor
819 916 31 19 in-

97 945 76 24 komst,
187 945 33 20 till
235 952 25 13 en
276 945 33 20 del
324 945 61 20 äfven
400 945 76 24 därför,
492 947 31 18 att
538 945 76 26 själfva
629 951 88 20 egarena
732 945 23 19 af
763 945 88 26 brygge-

97 974 68 19 rierna
187 974 46 19 med
256 974 45 19 sina
323 976 67 17 röster
404 973 42 20 fätt
460 974 86 19 invärka
561 975 27 24 pä
602 974 57 19 detta
675 973 75 24 beslut,
766 974 86 19 hvilken

97 1003 102 20 invärkan
220 1003 26 25 pä
262 1009 51 19 egen
335 1002 38 20 sak
395 1002 65 26 enligt
478 1002 35 26 lag
527 1003 7 19 i
549 1003 70 24 andra,
635 1003 57 19 detta
706 1002 146 20 motsvarande

97 1031 38 20 fall
150 1031 19 26 ej
185 1035 23 16 är
222 1031 88 20 tillåten.
342 1031 11 19 I
368 1031 26 20 de
410 1038 36 13 sex
462 1031 191 27 ölutskänkningar,
669 1038 44 13 som
728 1031 7 19 i
753 1031 47 20 Salo
815 1038 37 13 un-

99 1060 36 19 der
150 1060 25 19 de
191 1067 71 13 senare
277 1061 49 18 åren
348 1059 72 20 hållits
435 1063 74 23 öppna,
525 1060 63 26 säljes
603 1060 84 26 årligen,
704 1060 65 25 enligt
783 1060 69 26 lägsta

98 1089 121 25 beräkning,
236 1089 19 19 öl
269 1088 34 20 för
317 1089 142 19 hundratusen
480 1089 65 24 mark,
570 1089 85 20 hvilken
669 1089 184 25 penningesumma

99 1119 80 18 ensamt
193 1117 23 20 af
228 1117 117 26 köpingens
360 1124 53 19 egna
428 1117 38 20 och
481 1117 120 26 omnäjdens
611 1117 125 20 innevånare
744 1117 108 20 förstöres.

99 1146 39 19 Att
152 1149 31 17 ett
197 1146 68 26 dylikt
286 1145 130 21 förhållande
438 1146 57 20 leder
508 1146 34 19 till
560 1146 65 20 skada
639 1146 33 20 för
685 1146 96 20 traktens
796 1145 58 20 såväl

100 1175 133 20 ekonomiska
250 1181 43 14 som
308 1174 151 21 intellektuella
472 1174 114 25 förkofran,
602 1178 23 17 är
639 1175 40 19 lätt
693 1177 31 17 att
738 1175 51 20 inse.
812 1175 42 19 Vid

100 1206 71 17 senast
185 1203 108 26 företagna
308 1203 129 26 omröstning
451 1203 8 20 i
474 1203 64 20 saken
547 1203 102 26 framgick
658 1203 63 24 klart,
732 1205 31 18 att
773 1203 80 20 befolk-

99 1232 88 26 ningens
203 1232 67 20 flertal
284 1232 64 19 redan
364 1232 51 25 själf
428 1232 70 24 insett,
514 1235 32 17 att
560 1233 58 19 detta
631 1231 181 21 missförhållande
821 1231 34 20 till

100 1261 55 20 hvad
170 1261 44 26 pris
229 1267 43 14 som
287 1261 56 20 hälst
358 1261 64 20 borde
437 1263 72 22 rättas,
523 1267 47 14 men
580 1261 32 24 de,
623 1261 70 20 hvilka
704 1260 76 26 själfva
791 1261 64 25 draga

100 1289 121 20 ekonomisk
235 1289 67 20 fördel
317 1289 23 20 af
354 1290 39 19 den
408 1290 120 19 nuvarande
543 1290 120 25 ordningen,
671 1289 95 26 afgjorde
780 1296 75 19 genom

101 1319 45 19 sina
160 1320 67 18 röster
241 1318 81 25 frågan.

170 1347 71 20 Under
256 1347 77 20 sådana
348 1347 144 20 förhållanden
507 1347 39 20 och
560 1347 27 20 då
602 1347 37 20 här
653 1345 131 21 framställda
795 1347 60 20 miss-

101 1375 143 20 förhållanden
258 1379 36 16 äro
308 1376 103 19 beroende
427 1375 65 25 däraf,
508 1378 31 17 att
554 1375 133 27 köpingarna,
703 1375 56 20 hvad
773 1375 84 26 försälj-

100 1405 77 25 ningen
191 1404 24 20 af
226 1404 141 25 maltdrycker
380 1404 136 25 vidkommer,
524 1408 35 16 äro
570 1404 153 19 underkastade
733 1411 78 12 samma
821 1405 36 19 be-

102 1433 127 26 stämningar
244 1439 44 14 som
303 1433 103 24 städerna,
422 1433 74 20 medan
511 1433 25 20 de
551 1433 98 23 däremot,
664 1433 56 19 hvad
732 1432 125 26 försäljning
