1056 1731
802 156 13 21 5

83 227 69 26 gande
175 227 23 18 af
218 226 160 26 metallurgiska
400 225 48 20 och'
464 226 66 20 andra
552 226 91 19 fabriker
659 226 48 19 med
723 226 64 26 riklig
801 225 43 20 till-

83 254 59 27 gång
163 254 27 27 på
212 254 110 25 råämnen;
346 255 41 19 den
409 255 124 19 befordrade
552 255 148 26 bebyggande,
716 255 73 26 odling
804 254 40 21 och

84 284 86 25 allsidig
194 283 121 26 utveckling
340 284 22 19 af
385 283 26 20 de
435 283 132 20 vidsträckta
590 283 109 20 trakterna
721 283 58 20 invid
801 283 42 20 Ou-

84 312 109 25 lankajoki
214 312 40 20 och
276 312 126 26 Tuntsajoki
425 312 72 23 elfvar,
519 312 74 19 hvilka
610 319 29 12 nu
655 313 36 18 äro
707 312 137 25 fullständiga

84 341 133 20 vildmarker.
248 340 44 21 Och
314 339 26 21 då
363 347 48 13 man
433 341 57 19 ännu
511 340 73 21 såsom
599 341 64 19 ofvan
678 341 86 19 nämnts
779 341 65 19 fäster

84 369 212 26 uppmärksamheten
313 369 78 23 dervid,
407 371 31 18 att
453 368 162 27 ifrågavarande
627 369 55 20 bana
694 369 69 20 skulle
773 375 71 20 gagna

84 399 48 19 icke
154 399 53 19 blott
228 399 26 18 de
276 400 61 21 orter,
358 404 79 19 genom
456 398 73 19 hvilka
551 399 40 18 den
609 398 87 20 komme
715 400 30 17 att
761 398 82 26 dragas,

85 429 51 18 utan
159 427 61 20 äfven
241 433 77 20 genom
342 425 26 27 på
390 425 150 27 mångahanda
555 428 43 19 sätt
613 427 102 25 utvidgad
731 428 56 18 samt
801 427 43 19 till-

85 457 91 25 tagande
191 456 63 19 trafik
269 455 40 20 och
321 455 126 26 produktion
462 455 49 20 hela
521 455 47 20 vårt
577 456 57 23 land,
645 456 60 19 torde
715 455 73 20 tvifvel
797 455 47 20 icke

86 484 75 27 uppstå
183 485 129 20 beträffande
334 485 41 18 den
399 485 123 25 föreslagna
547 485 80 19 banans
653 484 130 26 behöflighet
804 484 40 20 och

85 514 133 24 rentabilitet,
239 513 124 27 isynnerhet
384 520 35 13 om
441 513 40 20 den
502 514 84 26 bygges
608 514 57 19 ända
685 513 33 19 till
734 514 40 19 den
789 514 55 19 före-

86 542 76 26 slagna
184 543 92 26 punkten
299 541 13 21 å
334 542 62 20 Hvita
417 542 84 20 hafvets
523 543 56 20 kust.
615 542 161 26 Otvifvelaktigt
795 548 49 14 vore

86 572 69 19 denna
175 572 55 19 bana
248 571 193 26 inkomstgifvande
463 572 62 19 äfven
545 577 35 14 om
595 572 41 18 den
652 571 77 25 droges
745 571 52 19 blott
812 571 33 19 till

86 601 91 25 gränsen
193 600 90 20 emellan
298 600 90 19 Finland
403 600 42 19 och
460 600 114 26 Ryssland,
590 606 49 13 men
655 598 26 21 då
694 600 51 19 dess
755 600 89 19 utsträc-

86 629 68 19 kande
175 629 56 19 ända
250 628 33 20 till
302 628 64 20 Hvita
385 628 83 20 hafvets
488 629 51 19 kust
558 629 69 19 skulle
647 628 32 20 till
697 628 71 20 finska
783 628 61 20 sidan

86 658 66 26 draga
166 658 89 19 trafiken
270 657 46 20 från
332 658 63 19 dessa
409 658 80 19 trakter
504 659 41 18 och
561 658 67 19 delvis
644 658 62 18 äfven
721 656 47 20 från
777 657 68 19 ishaf-

86 688 40 22 vet,
142 685 64 27 vågar
222 686 37 26 jag
274 686 86 26 hoppas,
373 688 30 17 att
416 686 35 20 det
461 686 132 20 hedervärda
603 685 89 21 Ståndet
704 686 36 19 vid
750 686 94 19 behand-

86 714 72 27 lingen
176 716 24 18 af
215 714 74 27 frågan
306 715 48 19 icke
369 714 65 20 måtte
449 715 71 19 lemna
536 715 69 19 denna
620 714 159 26 omständighet
793 717 51 17 utan

86 744 104 20 afseende.

154 801 49 19 Med
218 801 47 19 stöd
281 801 22 19 af
316 800 56 20 hvad
385 801 39 25 jag
439 801 63 19 ofvan
518 800 115 20 framhållit
648 801 60 19 utber
718 800 39 26 jag
769 800 45 26 mig
823 799 21 20 få

87 828 83 24 föreslå,
186 831 30 17 att
233 829 129 20 hedervärda
377 828 159 21 Bondeståndet
551 830 68 19 tillika
635 830 48 18 med
699 829 68 26 öfriga
782 828 62 20 stånd

85 857 65 21 måtte
165 858 72 20 förena
252 858 34 26 sig
300 864 35 14 om
351 864 25 14 en
392 857 133 27 underdånig
540 858 88 26 petition
643 858 33 19 till
691 858 59 19 Hans
758 857 86 27 Kejser-

84 886 44 26 liga
143 886 99 26 Majestät
257 887 81 19 derom:

291 945 31 19 att
336 943 63 21 Hans
411 943 126 27 Kejserliga
547 943 105 26 Majestät
663 944 8 19 i
682 943 69 21 nåder
763 943 81 20 täcktes

222 971 114 28 anbefalla
355 971 160 22 verkställande
534 972 31 27 af
579 971 85 22 teknisk
679 971 165 27 undersökning

218 1001 44 26 för
277 1001 121 27 byggandet
413 1001 31 27 af
453 1007 25 14 en
487 1001 94 27 jernväg
590 1001 60 27 från
667 1000 116 27 Uleåborgs
795 1000 49 21 stad

221 1035 76 21 genom
312 1029 115 27 Kiiminki,
440 1029 139 28 Pudasjärvi
589 1029 39 21 och
640 1029 139 21 Taivalkoski
787 1028 57 21 kom-

222 1065 76 13 muner
316 1059 34 20 till
370 1057 114 21 Kuusamo
503 1058 70 27 kyrka
592 1057 39 21 och
649 1058 102 27 derifrån
769 1057 75 20 vidare

221 1093 53 14 norr
292 1093 34 14 om
348 1086 117 27 Tavujärvi
483 1087 38 20 och
537 1086 110 27 Pääjärvi
662 1089 56 18 samt
733 1086 63 21 söder
811 1092 34 14 om

222 1115 132 26 Koutajärvi
376 1115 35 21 till
433 1116 133 27 mynningen
589 1115 30 27 af
635 1115 121 28 Koutajoki
777 1115 36 26 elf
831 1115 14 19 å

222 1143 68 21 Hvita
305 1143 86 28 hafvets
405 1143 58 26 kust,
476 1144 113 27 äfvensom
599 1144 143 27 uppgörande
755 1143 25 28 af
787 1143 57 28 full-

222 1173 98 27 ständigt
336 1172 193 28 kostnadsförslag
545 1173 70 20 innan
631 1173 27 20 år
673 1173 70 25 1900;

292 1203 32 18 att
339 1201 65 20 Hans
417 1201 126 28 Kejserliga
559 1201 106 27 Majestät
679 1201 9 20 i
699 1201 68 20 nåder
780 1201 63 20 måtte

219 1229 119 28 förelägga
358 1230 261 21 nästsammanträdande
633 1229 95 22 Ständer
743 1229 101 27 proposi-

223 1258 44 20 tion
283 1265 32 13 om
332 1258 112 27 byggande
460 1259 30 26 af
501 1258 91 21 berörda
608 1258 63 25 bana,
687 1261 57 18 samt
755 1260 31 18 att
797 1257 47 20 lan-

222 1286 45 21 dets
290 1287 117 27 höglojliga
431 1287 97 20 Ständer
545 1294 30 13 nu
593 1287 66 20 måtte
677 1288 78 19 anvisa
777 1286 68 21 medel

226 1315 36 20 för
278 1315 137 21 bestridande
431 1315 31 28 af
474 1316 25 20 de
515 1316 48 21 med
579 1315 92 21 berörda
683 1315 162 26 undersökning

219 1343 111 27 förenade
345 1344 123 21 kostnader.

154 1390 138 27 Helsingfors,
309 1392 39 19 den
365 1391 13 19 8
394 1391 101 20 Februari
513 1391 60 20 1897.

578 1430 18 23 P.
613 1430 59 23 Aulin.

441 1464 130 22 Representant
583 1464 27 18 för
622 1464 53 18 Kemi
687 1464 89 22 domsaga.
