1056 1734
295 135 274 24 Petitionsbetänkande
581 136 41 22 N:o
639 136 19 22 2.
798 136 22 22 11

92 193 33 21 för
148 193 112 27 byggande
280 193 23 21 af
321 193 40 21 den
381 193 56 21 inom
454 193 93 21 Finland
563 193 93 21 fallande
673 193 90 21 andelen
779 192 24 21 af
816 192 37 21 ba-

93 234 49 15 nan.
172 227 50 22 Men
238 228 48 21 med
303 227 118 21 detsamma
437 227 70 21 banan
518 227 108 21 förlorade
637 227 32 21 sin
681 226 172 22 internationella

93 262 109 26 karaktär,
221 262 123 21 minskades
364 262 136 26 naturligtvis
517 262 64 21 äfven
601 262 50 21 dess
671 262 109 26 betydelse
796 261 6 21 i
818 262 36 20 vä-

93 296 79 27 sentlig
186 297 59 26 grad.
277 296 45 21 Och
337 302 34 15 om
388 296 70 26 nägon
473 296 96 28 jernväg,
585 296 68 21 mäste
670 296 33 20 väl
721 296 69 21 denna
805 295 48 21 med

93 330 99 22 afseende
208 330 13 22 å
236 330 59 22 såväl
317 330 125 27 folkmängd
467 337 47 16 som:
537 331 72 27 odling
632 330 115 23 betecknas
767 336 44 15 som
827 336 26 14 en

93 365 169 21 ödemarksbana
277 365 7 21 i
300 365 73 21 ordets
392 366 58 20 rätta
471 365 142 21 bemärkelse.
644 365 54 21 Dei
715 364 102 22 närheten
833 364 23 21 af

94 400 40 20 den
150 399 122 27 föreslagna
290 399 116 27 jernvägen
426 399 93 28 belägna
534 400 156 20 kommunerna
705 399 66 21 bebos
787 398 67 26 enligt

92 434 154 26 petitionärens
258 440 52 20 egen
323 434 83 26 uppgift
418 434 23 21 af
452 435 77 20 endast
536 434 79 26 25,000
622 440 109 20 personer,
741 439 45 15 som
795 434 59 20 dess-

93 470 58 20 utom
167 470 37 19 äro
220 468 88 27 spridda
322 468 28 27 på
365 474 26 15 en
407 468 158 22 vidsträcktare
579 468 65 27 areal,
655 470 28 19 än
697 468 23 21 de
726 467 87 24 mindre
824 467 30 21 lä-

93 508 41 16 nen
146 503 6 21 i
164 502 72 22 landet
248 504 83 25 utgöra.
357 502 114 22 Utskottet
481 502 69 22 finner
561 502 91 27 derföre,
665 504 33 21 att
708 502 62 23 äfven
780 502 74 26 hvarje

94 537 158 27 undersökning
272 537 33 21 för
324 543 24 15 en
368 537 67 21 sådan
453 537 92 27 jernväg
560 544 45 14 som
622 536 165 28 ifrågavarande
803 542 51 15 vore

93 571 131 27 fullkomligt
239 570 131 28 öfverflödig.
393 566 122 28 Ärtionden
531 572 68 21 måste
613 572 138 26 naturligtvis
762 570 92 28 förflyta,

94 606 64 21 innan
182 612 47 15 man
253 606 71 20 kunde
346 606 74 21 skrida
444 606 33 21 till
502 606 80 22 banans
602 606 181 26 förverkligande,
800 605 54 21 huru

94 640 64 22 svåra
176 640 248 21 lefnadsförhällandena
440 640 6 21 i
463 641 64 21 dessa
545 640 74 28 nejder
635 642 26 19 än
678 640 35 21 mä
727 646 58 15 vara.
815 639 39 21 Pe-

95 675 116 21 titionären
231 674 101 22 hänvisar
356 674 126 27 visserligen
502 675 33 21 till
551 675 26 21 de
593 675 6 21 i
615 674 85 22 trakten
717 675 23 21 af
753 674 41 21 den
809 673 48 21 utaf

94 709 78 21 honom
188 708 121 27 föreslagna
329 709 65 21 linien
413 709 176 22 förekommande
609 709 46 21 rika
676 708 180 27 malmtillgångar

94 743 39 21 och
150 745 58 19 stora
226 743 59 21 såväl
305 744 81 20 kronan
407 750 46 15 som
470 744 98 21 enskilda
583 744 109 26 tillhöriga
707 744 84 26 skogar,
807 748 48 16 men

95 780 83 19 ensamt
193 778 33 20 för
242 778 32 26 sig
289 778 71 21 kunna
376 778 64 21 dessa
455 778 187 22 naturrikedomar
655 778 18 27 ej
684 778 87 26 betinga
782 783 25 15 en
819 777 36 27 dy-

95 812 30 21 lik
140 812 84 26 nordlig
244 812 96 26 jernväg.
371 812 84 22 Hittills
478 812 132 22 verkställda
631 812 184 26 undersökningar
834 811 23 21 af

95 847 39 21 här
156 846 91 27 belägna
269 846 204 28 malmfyndigheter
496 847 64 22 hafva
578 847 47 22 icke
640 847 56 21 visat
711 847 65 26 något
790 852 64 21 gynn-

96 884 54 19 samt
174 881 95 22 resultat.
300 881 45 22 Och
368 881 56 22 hvad
447 882 91 26 specielt
561 881 102 22 beträffar
687 881 25 22 de
735 880 121 27 åberopade

95 918 59 19 stora
176 915 114 28 skogarna,
313 915 84 22 hvilkas
417 916 120 27 produkter
552 923 75 20 genom
644 916 54 21 brist
712 916 28 27 på
756 915 101 27 lämpliga

96 950 208 22 kommunikationer
326 950 70 21 skulle
416 951 28 26 gå
463 950 116 27 förlorade,
599 957 63 14 anser
681 950 112 21 Utskottet
807 949 48 22 dem

96 985 47 21 icke
166 984 64 22 hafva
252 985 41 21 den
316 985 23 20 af
360 985 146 26 petitionären
529 985 101 21 tillmätta
652 985 109 26 betydelse
780 984 34 21 för
829 989 26 16 en

93 1019 101 26 jernvägs
210 1019 134 27 anläggning.
375 1019 97 21 Trakten
493 1021 191 25 genomströmmas
699 1019 23 21 af
737 1020 33 20 ett
782 1017 75 23 talrikt

95 1053 58 22 antal
169 1053 74 27 floder,
260 1053 72 22 hvilka
348 1053 70 21 tillåta
434 1053 172 27 virkesflottning
621 1053 59 22 såväl
695 1053 33 21 till
744 1051 113 23 Bottniska

95 1088 64 21 viken
175 1094 44 15 som
236 1088 33 21 till
285 1087 147 27 Hvitahafvet,
449 1088 40 21 och
505 1088 42 21 blir
563 1089 33 21 väl
611 1089 115 25 vattenväg
740 1087 34 22 för
784 1085 72 23 stock-

95 1123 110 26 transport
221 1123 6 20 i
244 1123 74 26 hvarje
333 1122 39 21 fall
388 1123 41 20 den
445 1122 168 28 förmånligaste.
671 1141 2 3 a

164 1157 42 22 Det
230 1156 67 22 finnes
320 1157 46 21 icke
390 1157 98 26 ringaste
507 1157 74 21 tvifvel
602 1157 82 26 derom,
699 1158 31 19 att
745 1156 40 21 den
801 1155 56 22 före-

95 1191 76 26 slagna
184 1191 118 27 jernvägen
323 1191 84 22 komme
423 1194 33 18 att
472 1191 34 22 för
520 1191 33 21 sin
569 1191 124 26 trafikering
709 1190 98 22 erfordra
821 1190 36 21 be-

95 1225 83 28 tydliga
193 1225 100 22 tillskott.

163 1259 112 22 Utskottet
290 1260 32 21 fär
338 1260 27 27 pä
381 1260 64 21 dessa
461 1261 95 26 grunder
571 1243 109 38 vördsamt
695 1244 88 37 föreslå:

302 1314 33 19 att
359 1312 132 21 Ständerna
513 1312 52 21 ville
587 1312 73 21 lemna
682 1310 175 29 ifrågavarande

232 1347 96 28 petition
342 1349 59 18 utan
417 1347 112 27 afseende.

164 1483 180 22 Jernvägsutskottets
358 1483 114 18 betänkande
485 1483 37 18 N:o
535 1483 17 18 2.
