1073 1736
309 171 281 23 Petitionsbetänkande
606 171 43 22 N:o
665 170 37 24 13.
852 170 12 21 9

104 234 63 22 heter
182 235 45 21 och
242 234 139 28 tjänstemän
397 234 66 22 skola
479 234 79 21 affatta
574 234 65 21 såväl
651 233 214 27 ämbetsbokföring

104 269 44 21 och
164 269 72 26 öfriga
251 268 295 27 förrättningshandlingar,
562 268 80 21 hvilka
658 268 50 21 icke
719 270 40 19 äro
771 268 93 20 afsedda

104 305 32 18 att
155 303 33 20 till
208 303 104 21 enskilda
332 303 108 26 sakegare
456 303 110 26 utfärdas,
583 309 51 14 som
650 302 44 21 ock
710 301 155 22 ämbetsskrif-

104 337 73 21 velser
188 337 34 21 till
235 337 72 21 andra
318 337 160 27 myndigheter
491 337 44 21 och
548 337 140 27 tjänstemän
701 336 31 27 på
742 336 38 21 det
788 336 76 27 språk,

104 371 76 22 finska
201 372 54 21 eller
277 371 104 26 svenska,
402 371 73 21 hvarå
495 371 146 28 protokollen
660 371 40 21 vid
715 371 28 20 de
760 371 105 20 kommu-

104 406 53 21 nala
177 405 205 27 förhandlingarna
402 405 68 27 föras,
487 412 54 14 men
556 408 39 24 att,
615 405 3 21 i
635 405 110 21 händelse
761 404 104 27 myndig-

104 440 50 21 hets
173 441 54 20 eller
247 439 150 28 tjänstemans
421 439 241 22 ämbetsvärksamhet
685 439 107 21 omfattar
811 439 53 20 flere

104 474 140 21 kommuner
259 474 52 21 med
327 474 62 21 olika
405 474 239 28 förhandlingsspråk,
660 474 38 21 det
719 473 46 27 må,
788 473 42 20 där
845 472 18 28 ej

104 508 135 21 förenämda
265 508 90 21 skrifter
379 509 53 20 röra
456 509 100 20 särskild
572 509 121 25 kommun,
709 508 127 21 ankomma
852 507 12 20 å

104 543 164 27 myndigheten
283 543 53 20 eller
351 542 186 27 tjänstemannen
554 545 32 18 att
601 543 55 26 själf
669 543 84 25 afgöra,
770 541 95 21 hvilket-

105 576 54 21 dera
175 577 93 27 språket
283 577 58 20 skall
357 576 8 20 i
377 576 80 27 hvarje
469 576 39 21 fall
519 577 126 26 begagnas;
659 579 32 18 att
704 576 78 27 öfriga,
795 576 69 26 högre

105 611 98 20 ämbets-
219 611 43 20 och
279 610 143 28 tjänstemän!
438 613 61 18 samt
517 611 166 27 myndigheter,
703 611 102 26 styrelse-
821 610 44 21 och

106 645 146 21 ämbetsvärk
267 650 40 21 ega
325 645 7 20 i
354 645 136 20 förenämda
517 645 106 21 afseende
640 645 81 27 själfva
736 645 129 20 bestämma

106 685 39 15 om
166 679 39 21 det
224 685 43 15 ena
287 679 53 20 eller
355 679 73 21 andra
445 679 104 27 språkets
563 679 164 25 användande;
749 681 32 18 att
796 678 7 21 i
819 679 46 20 äm-

105 713 134 21 betsdiarier
254 713 121 21 hvartdera
395 713 93 28 språket
508 714 58 20 skall
582 713 115 27 begagnas
713 713 104 26 sålunda,
834 715 31 18 att

106 747 39 21 vid
167 747 79 28 hvarje
274 747 107 22 särskildt
409 747 84 21 ärende
517 747 147 22 skrifvelsens
687 748 54 20 eller
761 747 104 26 inlagans

106 781 70 28 språk
204 783 25 19 är
255 781 174 22 bestämmande
459 782 35 21 för
519 781 197 27 anteckningarna
746 781 7 20 i
778 781 87 26 diariet,

107 818 59 19 samt
182 818 32 19 att
229 816 62 20 hvad
306 816 69 21 ofvan
391 817 26 19 är
433 816 66 26 sagdt
515 816 118 26 angående
647 815 109 28 språket
751 811 12 36 i
769 815 96 21 ämbets-

104 850 131 21 skrifvelser
255 850 44 20 och
319 849 83 21 diarier
415 849 89 27 jämväl
521 850 58 20 skall
595 849 39 21 vid
650 850 157 20 domstolarne
822 849 42 21 till-

104 884 97 27 lämpas.

174 987 125 21 Resultatet
311 987 24 21 af
343 987 38 21 det
390 987 133 27 betydande
533 988 84 26 arbete,
626 994 51 14 som
686 987 98 21 sålunda
792 986 73 21 under

104 1022 78 27 loppet
190 1022 26 20 af
223 1022 28 20 de
263 1023 88 19 senaste
361 1022 155 20 decennierna
527 1022 81 20 utförts
619 1022 30 27 på
660 1021 205 28 språklagstiftnin-

104 1061 55 21 gens
175 1055 101 27 område,
292 1055 63 21 torde
367 1055 81 21 kunna
459 1056 8 20 i
478 1056 92 21 korthet
582 1055 175 22 sammanfattas
768 1055 97 26 därhän,

104 1091 33 19 att
147 1089 90 21 landets
253 1089 97 21 svenska
366 1090 44 21 och
421 1090 78 21 finska
509 1090 135 26 befolkning
654 1097 97 13 numera
761 1091 40 19 äro
813 1089 52 21 med

104 1123 107 22 afseende
227 1124 14 21 å
256 1124 66 21 deras
338 1124 70 27 språk
423 1124 8 20 i
447 1124 91 27 princip
554 1124 97 27 rättsligt
666 1124 114 21 likstälda.
798 1123 67 21 Hvad

104 1159 64 19 ännu
184 1157 7 21 i
208 1158 75 20 denna
308 1158 149 26 likställighet
472 1158 96 21 faktiskt
582 1158 82 21 brister
680 1158 35 21 för
729 1158 45 21 den
789 1158 76 20 finska

104 1192 164 26 befolkningen
291 1193 26 19 är
337 1192 70 26 enligt
426 1192 128 21 Utskottets
572 1192 69 21 tanke
657 1195 32 18 att
704 1199 67 15 anses
788 1192 77 21 säsom

104 1228 131 25 temporära
259 1226 123 26 undantag,
393 1226 117 21 beroende
527 1227 159 26 förnämligast
697 1227 72 27 därpä
781 1229 31 18 att
822 1227 43 20 hos

104 1266 38 15 oss
166 1260 140 21 fortfarande
328 1260 75 21 finnes
426 1263 32 18 ett
478 1260 50 22 icke
549 1261 64 27 ringa
631 1262 62 20 antal
709 1262 98 20 ämbets-
822 1261 44 21 och

104 1294 147 27 tjänstemän,
272 1301 50 14 som
343 1294 18 28 ej
383 1294 146 27 fullständigt
546 1295 114 21 beherska
675 1296 76 20 finska
767 1295 99 27 språket,

104 1328 135 27 isynnerhet
259 1328 30 21 då
309 1328 37 21 det
365 1328 71 27 gäller
455 1331 34 19 att
504 1329 107 21 använda
627 1329 128 21 detsamma
771 1329 7 21 i
794 1328 72 27 skrift,

104 1362 45 21 och
172 1362 25 20 af
218 1362 79 21 hvilka
319 1362 28 21 de
369 1362 65 21 flesta
457 1363 87 21 inträdt
566 1363 30 27 på
618 1363 249 27 tjänstemannabanan

104 1396 74 21 under
194 1403 28 14 en
238 1396 39 27 tid,
293 1396 30 21 då
338 1396 104 27 förmåga
459 1399 33 19 att
507 1397 126 27 skriftligen
649 1398 116 20 behandla
781 1396 86 22 nämda

105 1430 71 27 språk
196 1432 63 19 ännu
278 1437 41 14 var
334 1431 97 26 sällsynt
450 1431 46 20 och
511 1431 51 21 icke
577 1431 105 28 utgjorde
695 1431 76 21 vilkor
785 1432 36 20 för
835 1437 33 14 er-

104 1463 110 22 hållande
229 1465 26 20 af
268 1464 131 27 statstjänst.
