1067 1734
331 155 239 23 Petitionsbetänkande
587 155 35 23 N:o
640 156 22 21 9.
859 156 12 20 3

120 227 79 21 erhälla
221 228 33 20 sin
274 227 52 21 fulla
347 226 135 29 tillämpning
504 234 46 14 som
573 229 31 19 ett
626 226 155 29 lagstadgande
802 227 8 20 i
830 226 42 22 den

120 262 55 22 anda
195 263 165 28 petitionärerne
381 262 51 26 afse,
452 262 72 21 kunde
540 262 86 21 komma
642 265 33 18 att
690 262 69 22 blifva
774 262 56 22 blott
845 270 27 14 en

120 298 44 22 död
187 298 88 22 bokstaf
294 298 8 21 i
323 298 52 21 brist
398 297 28 29 pä
448 297 102 23 tänkbart
570 297 111 22 korrektiv
701 301 46 19 mot
767 298 105 21 öfverträ-

121 334 76 22 delser.

192 369 67 22 Hand
273 370 8 20 i
291 369 57 21 hand
358 368 49 22 med
418 369 216 29 petitionsförslagets
646 368 158 23 ofvanberörda
815 369 57 29 syfte

120 405 38 29 gär
177 404 106 30 yrkandet
302 404 29 29 pä
350 404 155 29 inskränkning
520 406 8 20 i
544 405 58 21 vissa
618 404 38 22 fall
673 405 22 21 af
710 404 161 30 bryggeriernas

121 442 185 28 försäljningsrätt,
327 441 51 21 eller
397 440 38 22 vid
455 440 99 22 tillfällen
575 440 28 22 dä
623 442 68 20 större
711 440 162 29 folksamlingar

122 477 22 21 af
166 484 26 14 en
214 477 51 21 eller
287 484 68 14 annan
377 476 64 22 orsak
461 477 59 21 inom
541 476 124 29 respektive
687 476 126 22 kommuner
834 484 39 21 ega

122 521 52 13 rum.
205 512 70 22 Bland
291 512 79 22 sädana
385 512 99 22 tillfällen
499 514 79 20 nämna
593 513 166 28 petitionärerne
771 512 102 22 särskildt

122 548 27 22 de
164 548 66 29 dagar
245 548 28 22 dä
288 548 87 29 uppbäd
391 548 49 21 sker
454 548 23 21 af
494 548 153 28 värnepligtigt
657 548 110 28 manskap,
778 548 28 21 dä
818 556 54 21 upp-

122 584 52 22 börd
196 584 23 21 af
238 584 77 21 krono-
335 584 40 22 och
392 584 136 21 kommunala
546 584 114 28 utskylder
675 584 126 22 verkställes
819 586 55 19 samt

122 623 58 26 torg-
195 620 41 21 och
255 620 26 21 de
297 620 68 22 första
379 620 219 28 rättegängsdagarna
613 620 23 21 af
652 620 12 20 å
680 622 60 19 orten
755 620 118 21 infallande

122 656 87 28 lagtima
224 656 129 29 häradsting.
376 656 77 28 Nägon
468 658 97 19 närmare
581 656 130 28 motivering
726 656 23 21 af
764 656 60 21 detta
839 664 35 20 yr-

122 692 71 21 kande
211 691 116 22 äterfinnes
343 692 48 21 icke
406 692 8 21 i
430 692 213 28 petitionsförslaget,
658 692 89 21 hvarför
762 691 111 27 utskottet,

123 735 46 14 som
185 728 64 21 äfven
265 728 8 20 i
288 727 69 22 denna
372 728 36 21 del
424 728 78 21 skänkt
518 727 119 22 detsamma
653 728 38 20 sitt
703 727 123 27 understöd,
837 734 36 14 an-

124 766 42 18 sett
181 764 33 28 sig
229 763 52 22 böra
295 763 104 29 redogöra
413 763 35 21 för
463 764 34 20 sin
513 763 135 29 ständpunkt
663 763 134 21 härutinnan.

195 799 138 29 Riktigheten
351 799 23 21 af
390 802 70 18 satsen
479 800 133 28 »exemplets
627 799 61 21 makt
703 800 23 20 är
742 802 57 18 stor»
817 800 58 20 visar

124 835 33 28 sig
176 834 102 29 tydligast
297 836 8 20 i
324 835 61 29 fråga
403 842 35 14 om
456 835 38 21 det
510 836 74 27 dåliga
600 835 114 29 exemplet,
729 834 94 22 särdeles
839 842 35 14 om

124 871 59 21 detta
198 871 127 21 framträder
340 871 57 21 inför
412 871 78 28 sedligt
506 879 91 20 omogna
613 871 114 22 individer.
757 870 47 23 Vid
819 878 55 14 sam-

124 906 149 27 mankomster,
294 906 79 22 sädana
393 914 45 14 som
457 907 65 21 ofvan
542 906 98 29 antydas,
655 907 73 21 tillhör
743 906 94 22 flertalet
852 906 23 21 af

124 942 27 21 de
170 942 133 22 närvarande
323 943 41 21 den
383 943 112 26 folkklass,
518 943 59 21 inom
601 942 89 22 hvilken
711 942 68 29 sedlig
799 942 76 29 stadga

123 979 8 20 i
152 979 154 21 nämnvärdare
328 978 53 29 grad
400 979 48 21 icke
469 978 60 22 alltid
552 979 42 21 kan
614 979 134 21 förutsättas.
778 978 50 21 Och
848 985 26 14 en

123 1014 34 21 rik
179 1015 120 21 erfarenhet
318 1014 48 21 frän
387 1014 74 29 dylika
482 1014 100 21 tillfällen
604 1015 55 21 talar
678 1015 8 20 i
706 1014 77 29 sjelfva
799 1013 76 23 verket

124 1051 37 20 sitt
181 1050 138 29 oförtydbara
339 1050 65 29 spräk
424 1058 33 13 om
478 1049 38 22 det
537 1050 71 28 däliga
625 1050 118 29 exemplets
758 1051 54 20 lätta
827 1051 48 21 vin-

124 1086 75 28 ningar
221 1086 65 21 bland
309 1086 57 26 dem,
389 1094 45 13 som
462 1086 23 21 af
511 1086 145 28 hvarjehanda
683 1086 86 21 orsaker
791 1085 84 22 infinna

124 1122 33 28 sig
176 1121 39 22 vid
234 1122 95 29 antydda
349 1121 196 22 sammankomster.
576 1122 48 21 Har
643 1121 38 22 det
700 1122 83 28 lyckats
804 1121 70 28 nägon

124 1157 52 22 eller
198 1157 65 29 några
286 1161 31 18 att
341 1158 77 21 dervid
441 1157 49 22 från
515 1161 31 18 ett
572 1157 124 29 närbeläget
722 1157 99 29 bryggeri
843 1157 33 21 ät

124 1193 86 22 komma
225 1201 26 14 en
267 1193 118 22 berusande
406 1193 73 29 dryck,
502 1201 50 14 vare
574 1194 33 28 sig
627 1194 21 20 öl
668 1193 52 22 eller
739 1196 78 26 porter,
833 1192 43 21 töf-

124 1237 39 14 var
181 1229 37 22 det
232 1230 8 21 i
255 1230 72 28 regeln
345 1229 48 22 icke
409 1229 62 29 länge
486 1230 66 21 innan
569 1229 108 29 exemplet
693 1229 62 28 följes
771 1229 23 21 af
809 1228 67 21 andra

124 1265 41 21 och
181 1265 45 21 äter
241 1265 23 21 af
279 1265 71 28 andra,
366 1265 55 21 intill
435 1265 50 22 dess
498 1265 49 22 hela
558 1265 75 21 skaror
644 1265 22 21 af
676 1273 46 13 mer
732 1265 51 21 eller
793 1263 83 22 mindre

124 1300 97 22 druckna
242 1308 101 21 personer
366 1301 72 21 kunna
460 1301 114 28 iakttagas,
597 1303 60 19 snart
679 1300 69 29 sagdt,
770 1299 106 22 hvarthän

124 1344 49 14 man
194 1338 27 19 än
241 1336 81 22 vänder
343 1336 91 22 blicken.
465 1337 50 20 Mot
536 1336 81 21 sädana
635 1335 202 22 missförhällanden
853 1337 24 19 är

124 1372 38 21 det
177 1379 46 14 som
238 1372 103 29 förslaget
355 1372 74 21 blifvit
444 1372 82 21 riktadt
542 1372 40 21 och
598 1372 33 21 till
647 1371 136 29 afhjelpande
794 1371 23 22 af
827 1370 49 22 dem

124 1407 40 22 bör
184 1408 66 28 enligt
271 1407 114 22 utskottets
402 1407 140 22 förmenande
557 1407 99 29 gällande
672 1408 35 28 lag
723 1407 94 28 undergä
832 1407 45 21 för-

125 1443 96 29 ändring.

196 1485 206 18 Ekonomiutskottets
416 1485 127 18 betänkande
556 1484 38 19 N:o
608 1485 18 18 8.
