1070 1745
206 168 12 17 2
358 165 76 22 Ständ.
451 167 45 20 Pet.
515 180 10 2 —
557 167 156 21 Petitionsbet.
730 166 38 22 N:o
786 165 31 22 11.

206 231 138 21 föreskrifva
364 231 151 29 obligatorisk
531 231 248 29 brandstodsförening
794 231 118 22 häradsvis
927 231 36 22 för

206 265 46 22 alla
267 266 134 28 lägenheter
416 267 29 28 på
460 266 85 28 landet,
563 267 50 20 med
629 267 120 28 undantag
765 266 25 21 af
797 266 166 21 frälsesäterier

206 300 44 21 och
266 300 136 29 ladugårdar
417 303 59 19 samt
491 301 123 28 prestebol.

275 329 77 27 Äfven
369 343 36 13 om
421 343 53 13 man
489 335 40 22 vid
545 335 123 22 stiftandet
684 335 25 22 af
726 336 53 21 1734
790 335 35 21 års
836 335 40 28 lag
886 335 77 21 kunde

206 371 91 26 antaga,
313 371 34 20 att
362 369 44 22 den
422 370 104 21 enskilde
543 370 100 21 saknade
659 370 73 28 nödig
747 369 108 22 omtanke
871 369 42 21 och
927 371 36 20 ut-

206 407 46 24 väg
268 405 33 20 att
316 404 112 29 betrygga
451 405 36 28 sig
507 407 48 19 mot
570 405 110 21 förluster
695 411 85 22 genom
795 403 110 22 eldskada
920 403 42 22 och

205 437 64 29 förty
284 438 56 21 fann
355 438 39 22 det
408 446 54 14 vara
478 447 29 13 en
522 441 88 19 statens
626 438 60 29 plikt
702 441 34 19 att
752 445 82 22 genom
851 437 112 29 obligato-

206 472 64 21 riska
291 473 87 28 lagbud
400 473 129 29 förebygga
547 474 149 21 hemmanens
716 473 100 22 ödesmål
833 473 42 21 och
891 475 72 19 större

206 507 144 28 rubbningar
373 507 8 22 i
401 508 150 28 jordegarens
567 508 106 21 ekonomi
689 515 84 22 genom
789 507 88 28 vådeld,
894 507 69 22 hafva

206 541 68 22 dessa
289 542 194 29 förutsättningar
498 543 73 21 under
586 543 103 21 tidernas
700 543 55 28 lopp
768 541 90 22 alltmer
868 541 95 22 förlorat

206 576 42 21 sitt
263 576 165 29 berättigande.
458 577 139 28 Eftergifter
618 577 8 21 i
648 577 65 21 dessa
733 576 147 22 föreskrifter
894 576 69 21 hafva

206 611 44 21 ock
266 611 71 21 redan
352 611 70 28 tidigt
438 614 39 25 egt
492 619 57 14 rum.
571 611 133 22 Socknarne
719 611 9 21 i
744 618 86 14 samma
844 610 71 21 härad
925 611 38 21 be-

206 645 127 28 rättigades
356 646 118 28 nämligen
496 653 84 21 genom
603 647 85 28 Kongl.
709 645 158 22 resolutionen
888 645 44 21 den
950 647 12 20 9

206 680 127 21 December
350 681 60 27 1766,
428 683 34 19 att
477 681 58 21 hvar
549 681 36 21 för
597 681 35 28 sig
644 680 202 23 öfverenskomma
856 679 43 22 och
908 679 55 22 fast-

206 714 69 21 ställa
297 715 44 20 den
364 715 208 29 brandstodshjälp,
596 715 110 22 hvarmed
722 715 28 21 de
764 715 9 21 i
790 714 108 27 socknen,
914 721 48 14 som

206 749 93 21 komme
314 751 34 19 att
362 749 48 22 lida
424 750 150 27 brandskada,
591 750 75 21 skulle
681 749 159 27 understödas,
856 750 60 19 samt
929 750 34 19 att

206 783 37 22 för
255 783 56 22 slikt
322 784 106 21 ändamål
440 785 71 21 samla
522 785 42 21 och
575 785 86 20 inrätta
672 784 105 21 enskilda
786 783 84 22 kassor.
882 783 81 21 Denna

206 818 113 28 rättighet
340 819 139 21 utsträcktes
503 827 84 20 genom
609 819 86 28 Kongl.
715 818 160 27 förklaringen
890 817 44 22 den
951 818 9 20 1

206 852 102 28 Augusti
325 854 61 26 1770,
402 853 37 21 till
455 854 44 20 alla
515 854 62 21 delar
593 854 25 20 af
626 854 67 27 riket,
705 853 99 21 hvarhos
815 852 45 21 den
870 851 91 28 socken,

206 894 50 14 som
275 886 59 22 hade
354 887 77 28 ingått
446 888 99 21 särskild
560 887 248 28 brandstodsförening
823 886 56 22 eller
893 886 70 21 inrät-

206 923 35 19 tat
256 921 217 29 försäkringskassa,
484 922 142 22 förklarades
638 930 53 14 vara
701 921 109 23 frikallad
820 921 52 21 från
880 920 83 22 brand-

206 955 129 29 stodshjälp
354 956 37 21 till
410 956 169 22 innevånarene
598 957 7 21 i
622 956 71 22 andra
708 956 98 22 socknar
820 955 64 21 inom
899 954 64 22 hära-

206 990 46 21 det.
273 991 88 21 Genom
377 991 166 28 förordningen
559 992 43 21 den
618 993 14 20 4
646 991 67 28 April
731 992 55 21 1864
801 990 41 21 har
852 989 111 28 slutligen

206 1025 279 28 hemmansinnehafvare,
502 1033 49 14 som
566 1026 76 28 ingått
657 1026 8 21 i
676 1025 39 22 det
726 1025 37 21 till
773 1024 132 28 försäkring
915 1025 48 20 mot

206 1059 112 22 eldskada
338 1060 26 21 af
381 1060 136 29 byggnader
533 1061 42 21 och
591 1060 148 29 lösegendom
757 1060 29 28 på
800 1059 79 21 landet
894 1059 69 20 inrät-

206 1094 54 21 tade
276 1094 115 21 allmänna
406 1095 73 28 bolag,
491 1095 115 22 frikallats
617 1095 52 21 från
680 1094 166 29 skyldigheten
856 1095 34 19 att
901 1093 62 21 inom

205 1129 98 21 häradet
318 1129 55 21 eller
389 1129 102 21 socknen
504 1129 75 22 betala
590 1129 131 28 brandstod,
732 1128 130 29 hvarjämte
872 1127 91 22 härads-

206 1163 58 21 eller
279 1163 333 29 socknebrandstodsförening
627 1163 137 28 berättigats
780 1164 41 25 att,
837 1162 3 21 i
853 1161 110 22 händelse

206 1199 34 19 ett
263 1199 73 20 större
358 1198 63 21 antal
444 1198 105 29 delegare
565 1198 102 21 därifrån
683 1197 119 28 öfvergått
817 1197 37 20 till
869 1196 39 21 det
923 1196 40 21 all-

206 1235 85 18 männa
306 1232 238 29 brandstodsbolaget,
561 1233 96 28 upplösa
671 1233 42 28 sig,
725 1232 97 22 såframt
832 1231 98 21 flertalet
940 1231 26 21 af

205 1266 147 22 återstående
368 1267 105 28 dolegare
489 1271 24 18 är
529 1267 78 22 därom
623 1275 61 14 ense.

275 1301 54 21 Men
354 1301 72 21 ehuru
449 1302 106 28 gällande
579 1301 144 29 stadganden
742 1301 8 21 i
770 1302 79 20 ämnet
868 1300 95 21 sålunda

205 1334 72 22 redan
300 1342 31 14 nu
352 1335 118 29 medgifva
485 1336 141 28 upplösning
642 1336 24 21 af
680 1336 27 20 de
723 1335 77 29 gamla
815 1334 90 22 härads-
921 1334 42 22 och

205 1369 253 29 sockneföreningarna
472 1372 59 19 samt
547 1370 83 22 bereda
646 1370 91 21 enskild
753 1369 105 28 delegare
874 1368 8 21 i
892 1368 71 22 sådan

205 1403 116 29 förening,
337 1404 122 28 möjlighet
475 1407 34 19 att
523 1405 74 21 under
612 1405 61 21 vissa
682 1404 77 22 vilkor
768 1403 94 21 utträda
872 1410 28 14 ur
910 1403 53 21 den-

205 1446 88 13 samma
308 1440 56 20 utan
379 1439 136 28 skyldighet
529 1441 34 19 att
579 1440 55 27 ingå
649 1440 74 20 såsom
739 1438 100 22 medlem
847 1433 12 38 i
855 1437 59 21 det
923 1438 40 21 all-

207 1476 84 18 männa
307 1473 98 28 bolaget,
422 1477 38 18 äro
477 1474 92 21 härmed
585 1474 72 21 likväl
673 1472 110 23 förenade
798 1473 25 20 så
833 1471 130 29 betydande
