1095 1745
234 181 26 20 16
424 181 263 23 Motionsbetänkande
702 182 45 22 N:o
763 181 38 22 10.

439 245 116 28 ingångna
582 246 130 27 föreningar
734 246 50 21 eller
806 245 108 22 särskilda
936 246 56 27 före-

438 280 86 27 skrifter
546 280 151 27 härförinnan
721 281 79 26 erlagts
822 280 19 27 ej
863 280 86 21 mindre
969 281 27 26 af

439 315 108 26 bergverk,
564 315 57 20 bruk
635 315 41 20 och
692 315 71 20 andra
777 314 126 21 industriela
917 315 75 20 inrätt-

439 349 87 27 ningar,
546 350 29 19 än
592 349 28 27 af
632 349 189 21 landihandlande
837 349 40 20 och
891 355 103 21 personer

439 385 53 19 utan
514 383 46 28 fast
578 384 110 27 egendom,
704 383 72 22 sävidt
791 383 100 21 nämnda
907 383 87 28 afgifter

439 417 46 21 icke
507 417 79 21 kunna
609 418 108 27 hänföras
740 417 33 21 till
786 417 25 21 de
827 417 8 21 i
851 417 12 21 7
879 417 39 21 och
935 418 13 20 8
962 417 31 27 $$

439 452 28 26 af
477 451 158 28 förordningen
653 451 138 21 omnämnda
806 451 127 27 förmäner
924 447 12 36 ;

510 486 114 27 äfvensom
649 488 33 18 att
705 486 34 20 det
767 486 96 20 sälunda
893 486 99 20 erhällna

439 520 171 27 medelbeloppet,
627 520 7 20 i
645 520 222 28 öfverensstämmelse
879 520 50 20 med
937 520 56 27 före-

439 554 117 27 skrifterna
580 554 7 21 i
608 555 14 20 4
638 554 40 21 och
697 555 26 20 10
739 553 31 28 $$
786 554 27 27 af
825 554 68 27 sagda
909 554 83 27 förord-

440 589 53 26 ning
515 589 59 20 skall
590 589 95 27 fördelas
698 590 31 26 pä
745 588 193 28 fastighetsegarne
953 589 39 20 och

439 623 170 27 församlingens
631 624 49 19 eller
696 624 129 27 pastoratets
844 623 71 27 öfriga
931 623 62 20 invä-

439 664 59 17 nare,
521 664 46 13 som
586 659 75 19 sexton
681 658 37 20 års
733 657 61 21 ålder
810 657 97 27 uppnått,
919 657 76 27 jämnt

441 691 49 20 eller
505 691 52 27 efter
573 691 113 27 indelning
703 691 6 21 i
729 692 88 23 klasser,
827 691 95 20 hvarvid
927 687 12 36 i
950 691 45 20 sist-

441 726 99 20 nämnda
563 726 42 27 fall
627 726 100 27 afseende
738 726 91 27 jämväl
843 726 38 20 må
896 726 68 27 fästas
980 726 13 20 å

440 760 25 20 de
481 759 7 21 i
502 759 15 28 $
533 761 13 19 4
558 760 149 27 omförmälda
728 759 151 28 inrättningar
893 760 41 20 och
947 767 47 20 per-

439 801 64 13 soner
528 794 37 20 vid
596 794 56 20 tiden
678 795 35 26 för
740 793 134 28 regleringen
898 794 95 27 päförda

441 829 146 20 kommunala
604 829 114 26 utskylder.

511 863 11 19 I
536 862 26 20 de
576 862 165 27 församlingar,
759 862 42 20 där
816 861 132 27 regleringen
964 869 30 13 re-

440 896 43 20 dan
504 896 121 27 försiggätt,
648 903 50 13 men
717 896 46 21 icke
779 897 62 19 ännu
859 896 58 20 trädt
925 892 9 36 i
954 896 40 20 till-

442 930 121 27 lämpning,
573 931 43 24 må,
625 930 70 21 därest
707 930 150 28 omförmälda
865 930 129 27 förfarande

441 964 36 20 vid
498 964 133 27 regleringen
656 964 45 21 icke
718 964 117 27 iakttagits,
853 964 31 27 på
899 964 94 27 försam-

441 998 83 28 lingens
546 999 50 19 eller
611 999 168 27 presterskapets
795 999 77 19 därom
893 998 59 20 inom
968 1000 28 18 ett

440 1033 26 20 år
489 1033 95 27 härefter
606 1033 76 27 gjorda
702 1033 118 23 anhållan,
836 1032 71 21 sådan
918 1033 76 26 jämk-

442 1067 54 27 ning
512 1067 27 27 af
550 1067 133 27 regleringen
701 1068 133 24 verkställas,
850 1074 47 13 som
913 1067 27 27 af
948 1073 45 14 om-

441 1101 176 27 ständigheterna
630 1102 109 27 påkallas.

306 1232 9 20 I
339 1232 216 27 slutbehandlingen
578 1233 26 20 af
623 1233 60 20 detta
707 1233 85 20 ärende
815 1232 70 21 hafva
903 1232 92 27 deltagit

232 1265 155 22 ordföranden
416 1274 46 13 von
487 1267 79 26 Pfaler,
590 1267 154 21 ledamöterne
771 1266 130 27 Stjernvall,
924 1267 71 20 Furu-

232 1300 79 26 hjelm,
333 1307 20 14 v.
371 1301 126 26 Frenckell,
513 1302 81 25 Walle,
611 1302 24 19 K.
652 1301 24 21 A.
694 1301 151 25 Schroderus,
862 1301 15 20 I.
890 1301 23 20 R.
931 1301 64 20 Fors-

232 1340 63 20 man,
313 1334 122 27 Grönroos,
452 1335 24 21 L.
493 1335 126 27 Runeberg,
635 1335 110 26 Koivisto,
761 1334 180 21 Tammelander
952 1335 43 20 och

233 1368 85 27 Pöysti.

306 1402 150 28 Helsingfors,
479 1403 25 21 af
525 1403 55 27 Lag-
596 1403 43 21 och
655 1403 237 26 Ekonomiutskottet,
909 1402 44 21 den
968 1403 28 20 24

233 1436 45 27 Maj
299 1438 60 20 1897.

304 1527 46 23 Lag-
363 1529 33 17 och
409 1529 183 18 Ekonomiutskottets
604 1529 113 18 betänkande
729 1530 38 17 N:o
781 1529 30 18 16.
