1070 1742
271 188 63 19 Bland
350 188 26 19 de
391 193 103 19 personer,
511 193 45 14 som
571 187 64 19 under
651 188 49 19 åren
717 187 146 19 1892—1896
875 187 75 20 erhöllo

200 218 52 19 vård
275 217 12 19 å
308 218 103 19 allmänna
432 217 117 25 sjukhusets
565 217 104 25 poliklinik
684 218 7 18 i
707 217 133 25 Helsingfors,
857 217 93 25 utgjorde

201 248 31 22 9,6
256 249 83 23 procent
362 247 24 19 af
404 247 191 25 tuberkelpatienter
615 247 40 24 (bil.
672 247 41 25 IV),
730 248 12 18 å
757 247 193 25 barnafdelningens

202 277 103 25 poliklinik
328 278 31 22 4,2
384 279 82 23 procent
485 278 38 18 och
544 278 12 18 å
572 278 103 18 allmänna
690 277 115 25 sjukhusets
822 277 128 25 afdelningar

201 308 30 21 4,7
254 310 88 22 procent.
374 307 91 20 Särskild
480 307 181 25 uppmärksamhet
676 307 98 25 förtjänar
789 307 160 25 lifförsäkrings-

201 337 137 25 aktiebolaget
354 337 79 19 Suomis
445 337 208 25 dödlighetsstatistik,
665 338 49 18 enär
725 337 39 19 den
774 337 78 19 utvisar
868 337 82 19 hvilken

201 367 112 25 betänkligt
332 369 41 17 stor
388 369 83 23 procent
487 367 23 19 af
527 367 75 19 antalet
617 367 119 19 försäkrade
752 366 63 20 aflidit
829 367 55 19 inom
897 367 53 25 jäm-

201 397 108 19 förelsevis
324 397 46 19 kort
385 397 28 19 tid
430 397 51 19 efter
497 397 34 19 det
547 397 25 19 de
588 397 108 25 undergått
711 396 186 26 läkarebesiktning
913 396 36 20 och

201 427 73 19 därvid
297 427 68 19 såsom
389 427 65 19 friska
477 427 101 25 godkänts
601 427 29 19 till
653 427 123 25 försäkring.
807 427 70 19 Under
901 427 49 19 åren

203 457 147 19 1890—1896
366 457 64 19 hafva
445 458 103 24 nämligen
565 457 43 19 248
625 457 198 25 försäkringstagare
840 456 62 20 aflidit
913 457 37 19 och

201 486 24 20 af
239 487 47 19 dem
301 486 63 20 hafva
381 487 27 19 58
425 487 49 19 eller
490 487 46 22 23,1
552 487 42 19 dött
609 487 7 19 i
632 486 173 26 lungtuberkulos.

273 517 69 25 Några
365 517 47 19 data
435 517 45 19 från
504 516 114 20 Stockholm
641 517 34 19 må
690 516 118 26 ytterligare
823 516 125 20 framhållas.

203 546 70 20 Under
288 547 48 19 åren
355 547 145 19 1871—1895
517 547 53 19 hade
585 547 60 19 hvart
660 547 72 24 sjunde
748 546 85 20 dödsfall
845 546 43 24 där,
900 546 49 20 lika-

201 582 44 14 som
267 576 191 26 öfverhufvudtaget
478 576 62 20 äfven
561 577 138 22 annorstädes,
717 576 30 20 sin
763 576 61 20 orsak
839 576 7 20 i
861 577 88 24 lungsot,

201 612 47 14 men
272 606 59 20 bland
355 606 73 20 aflidne
450 612 96 20 personer
563 607 86 19 emellan
668 607 26 19 10
710 607 37 19 och
763 607 28 19 40
807 606 23 20 år
846 612 37 14 var
899 606 51 20 hvar

201 636 66 25 tredje
283 638 27 18 ett
326 636 50 20 offer
392 636 31 20 för
438 636 149 20 tuberkulosen.

261 666 43 20 Och
319 666 6 20 i
342 667 50 19 huru
408 667 40 25 hög
464 666 50 26 grad
530 672 48 14 man
593 666 7 20 i
616 666 109 20 allmänhet
736 667 23 19 är
770 668 61 18 utsatt
841 666 32 20 för
884 666 66 20 tuber-

200 696 121 20 kelbacillen
342 696 91 25 framgår
454 696 59 20 bland
530 698 62 18 annat
607 696 34 20 vid
656 696 143 25 liköppningar
817 696 12 19 å
845 702 105 19 personer,

200 731 45 14 som
262 726 62 19 aflidit
339 726 7 19 i
362 726 65 20 andra
442 726 124 24 sjukdomar,
584 727 49 19 enär
645 726 33 20 det
688 726 71 19 därvid
770 726 84 19 kommit
864 726 7 19 i
882 726 67 25 dagen

199 757 29 18 att
244 756 122 19 åtminstone
384 762 25 13 en
425 756 99 25 tredjedel
541 756 23 19 af
578 756 39 20 alla
633 756 123 23 människor,
773 756 42 19 ofta
831 762 40 19 nog
887 756 62 19 äfven

199 785 78 20 hälften
293 786 49 19 eller
358 792 64 17 mera,
438 786 67 25 någon
522 786 56 25 gång
593 786 53 19 varit
661 786 6 19 i
684 786 44 19 fara
744 787 28 18 att
782 786 64 19 blifva
857 786 50 19 offer
918 785 32 20 för

199 815 184 24 tuberkelbacillen,
408 816 63 19 ehuru
496 816 102 25 kroppens
620 816 206 24 motståndsförmåga
841 816 53 19 varit
909 821 41 19 nog

199 845 78 25 kraftig
293 848 29 17 att
337 846 78 19 kväfva
430 846 194 24 sjukdomsorsaken
639 846 62 19 innan
717 845 67 20 denna
800 846 79 19 erhållit
889 845 62 19 altför

199 875 41 20 fast
255 875 89 20 fotfäste.

269 905 96 26 Tidigare
388 906 76 25 ansågs
484 906 108 25 lungsoten
612 911 51 14 vara
684 911 25 14 en
725 905 75 26 obotlig
816 905 37 20 och
869 905 32 20 för
916 905 34 20 det

199 937 66 18 mesta
281 941 74 19 genom
371 935 35 20 arf
414 936 135 25 uppkommen
560 935 99 26 sjukdom.
686 936 45 19 Men
743 935 62 20 sedan
817 941 47 14 man
876 941 72 19 genom

199 965 104 25 professor
326 965 69 20 Kochs
411 966 26 25 på
452 966 64 19 våren
534 966 56 19 1882
607 965 64 20 första
687 966 82 25 gången
785 965 165 25 offentliggjorda

199 995 166 20 erfarenhetsrön
385 995 84 20 kommit
490 996 29 19 till
535 995 79 20 klarhet
630 995 70 20 därom
716 997 28 18 att
759 995 87 25 lungsot,
863 995 86 19 likasom

199 1025 62 19 äfven
286 1025 63 20 andra
369 1025 216 25 tuberkelsjukdomar,
605 1025 73 20 alstras
695 1025 22 20 af
730 1031 26 14 en
772 1025 88 19 särskild
875 1025 74 19 mikro-

199 1055 105 24 organism
320 1057 53 18 samt
393 1057 28 18 att
437 1055 119 25 sjukdomen
572 1055 86 20 sålunda
673 1055 65 20 tillhör
754 1055 25 19 de
795 1055 153 22 smittosamma,

199 1085 29 19 till
250 1085 38 19 och
312 1085 47 19 med
382 1085 29 19 tili
431 1085 24 19 de
471 1085 45 20 icke
532 1085 87 25 obotliga
635 1085 156 25 sjukdomarnas
807 1085 60 22 antal,
884 1085 24 18 sä
923 1085 26 18 ha

199 1114 89 20 öfveralt
303 1115 5 19 i
325 1115 165 19 kulturjänderna
506 1115 58 19 såväl
580 1115 45 19 från
641 1115 25 19 de
682 1115 101 19 enskildes
799 1120 44 14 som
859 1114 89 25 regerin-

200 1150 76 19 garnes
293 1145 43 19 sida
352 1145 97 24 vidtagits
466 1145 24 19 do
506 1145 121 24 kraftigaste
643 1145 95 24 ätgärder
754 1145 31 19 för
801 1144 111 19 hindrande
928 1143 24 20 af

199 1174 131 25 sjukdomens
347 1175 105 24 spridning
470 1175 37 19 och
523 1175 32 19 för
571 1175 25 19 de
611 1175 70 24 sjukes
697 1174 106 25 räddning.

268 1204 33 19 Att
317 1204 33 19 det
361 1204 18 25 ej
392 1205 64 19 häller
468 1205 7 19 i
488 1205 86 19 Finland
586 1205 22 18 är
619 1204 43 20 skäl
674 1206 29 18 att
712 1204 47 19 med
769 1204 121 19 händerna
879 1199 13 35 i
902 1203 47 20 kors

198 1234 36 19 äse
250 1234 154 20 tuberkulosens
416 1234 186 19 förstörelsearbete
613 1234 82 19 bevisas
706 1234 23 19 af
738 1233 146 20 ofvanstäende
895 1233 53 20 data.

268 1263 82 26 Frågan
373 1265 64 24 gäller
453 1265 85 18 sålunda
554 1264 71 19 endast
641 1265 60 18 sättet
716 1264 26 25 pä
758 1263 77 20 hvilket
850 1269 46 13 man
913 1263 36 19 hör

197 1293 72 20 skrida
285 1293 27 20 tili
330 1293 76 20 värket.
429 1294 39 19 Bör
483 1299 48 14 man
547 1294 132 20 oftersträfva
689 1295 25 18 de
725 1295 70 23 sjukes
805 1293 146 20 återställande

197 1321 31 21 till
250 1323 78 23 hälsan,
349 1324 50 19 eller
419 1324 36 19 bör
473 1329 47 14 man
536 1323 73 20 främst
624 1323 51 20 söka
690 1323 112 20 motarbeta
817 1323 132 25 sjukdomens

197 1352 128 25 Ofverföring
349 1353 45 20 från
418 1353 25 20 de
466 1353 60 25 sjuka
549 1353 28 20 till
601 1353 25 20 de
647 1353 78 20 friska?
756 1353 67 25 Enligt
838 1353 42 19 min
896 1352 53 19 åsikt

198 1382 62 19 borde
276 1383 7 18 i
299 1382 60 25 fräga
380 1389 33 13 om
434 1385 76 18 statens
531 1383 142 20 mellankomst
688 1383 135 24 meningarna
837 1383 46 19 icke
898 1387 52 14 vara

197 1412 74 19 delade
287 1413 70 18 därom
374 1415 28 16 att
418 1413 126 25 skyddandet
560 1413 23 19 af
596 1413 25 19 de
637 1413 65 19 friska
717 1413 61 19 borde
789 1413 70 19 ställas
869 1412 7 19 i
888 1412 61 19 främ-

197 1443 32 18 sta
245 1444 93 17 rummet.
362 1443 47 19 Men
425 1443 31 19 för
472 1445 28 17 att
515 1443 63 19 vinna
594 1443 55 19 detta
665 1443 93 25 syftcmäl
775 1443 23 18 är
813 1443 34 18 det
863 1442 86 19 ovilkor-
