1056 1736
223 148 13 21 2

192 218 80 20 teknisk
288 220 146 24 undersökning
450 220 22 20 af
486 219 64 21 banan
567 219 36 21 och
620 219 62 21 vände
698 221 29 23 sig
740 219 45 21 med
796 220 55 20 detta
862 220 89 25 uppdrag

192 247 31 19 till
248 248 115 24 ingeniören
381 248 87 21 Herman
482 249 106 24 Norrmén,
604 250 80 18 hvilken
700 249 117 20 utarbetade
833 249 118 19 alternativa

191 276 78 24 förslag
285 277 30 19 till
330 277 152 24 ifrågavarande
497 279 90 23 jernväg,
604 278 33 19 det
652 284 38 13 ena
704 278 63 19 under
778 278 143 23 förutsättning
931 278 21 19 af

193 305 145 25 normalspårig
354 306 57 24 bana,
427 307 33 19 det
476 307 62 19 andra
553 306 31 20 för
600 312 22 14 en
637 307 117 24 smalspårig
764 306 51 20 bana
826 305 42 20 af
860 301 12 34 1
880 310 70 16 meters

191 333 102 25 spårvidd.
324 334 74 20 Genom
414 337 30 18 att
458 335 46 20 leda
517 335 65 20 banan
594 341 47 14 norr
656 341 31 14 om
702 335 133 24 strandvägen
848 335 30 19 till
889 335 61 20 Fred-

191 362 107 24 rikshamn,
314 363 36 20 der
364 365 106 23 terrängen
486 367 22 17 är
522 365 88 24 jemnare
626 367 25 17 än
667 365 55 23 längs
740 365 37 18 den
793 364 86 24 sträcka,
896 365 53 23 inge-

190 391 70 20 niören
282 392 108 25 Smedberg
412 393 85 24 tidigare
520 394 47 23 valt,
592 393 101 20 äfvensom
706 399 70 18 genom
792 393 124 24 tillämpning
930 393 22 20 af

190 420 91 20 starkare
304 421 108 24 stigniogar
432 422 37 19 och
488 423 76 18 mindre
583 422 178 24 krökningsradier
780 424 24 17 än
824 422 24 19 de
863 422 34 19 vid
912 422 37 19 den

191 449 84 24 tidigare
291 451 173 24 undersökningen
484 451 97 23 använda,
598 454 50 16 samt
662 457 71 18 genom
748 451 155 24 möjligbefunna
919 456 30 14 re-

190 477 107 20 duktioner
311 479 7 18 i
334 479 50 24 följd
400 479 21 20 af
434 480 55 24 lägre
505 481 41 23 pris
562 480 12 19 &
589 480 61 19 railer
666 486 24 13 m.
706 485 18 14 m
747 479 96 24 lyckades
861 479 88 24 ingeniö-

189 512 35 14 ren
240 507 96 20 Norrmén
353 508 109 25 nedbringa
477 509 196 24 kostnadsförslaget
691 509 32 19 för
738 508 145 25 normalspårig
899 509 50 19 bana

189 535 22 20 af
225 535 55 26 14,35
295 536 115 20 kilometers
426 538 59 23 längd
501 537 30 19 till
548 537 92 24 770,000
655 538 63 23 mark,
737 537 49 19 eller
800 537 78 23 53,600
894 537 55 20 mark

189 570 37 18 per
252 564 151 27 bankilometer,
434 569 50 16 samt
507 566 31 19 för
561 566 34 19 det
616 566 130 25 smalspåriga
769 566 128 19 alternativet
919 566 30 19 till

190 592 92 25 650,000
297 594 55 19 mark
367 594 48 19 eller
430 593 78 25 45,000
524 595 56 19 mark
596 601 35 18 per
646 595 111 20 kilometer.

260 623 9 18 I
292 621 103 21 förväntan
412 623 25 24 på
450 624 83 23 jernväg
548 624 37 19 har
600 624 70 19 staden
686 624 68 19 vidare
770 623 65 20 iklädt
850 624 29 23 sig
895 625 54 17 stora

190 650 110 21 kostnader
323 651 31 20 för
369 652 149 20 förbättrandet
536 652 22 20 af
572 653 43 19 sina
630 652 204 20 hamnförhällanden.
865 652 83 19 Stadens

188 681 54 23 yttre
258 680 56 19 bamn
330 680 36 19 har
374 681 60 20 redan
446 681 85 24 tidigare
544 687 70 18 genom
627 681 105 24 rymlighet
740 681 37 20 och
786 681 47 24 djup
842 683 107 17 motsvarat

188 708 40 20 alla
244 708 113 25 fordringar
373 709 31 20 för
419 716 23 13 en
459 710 97 25 betydligt
571 711 106 18 utvecklad
694 710 78 26 sjöfart,
787 710 7 19 i
811 710 33 19 det
858 709 40 20 150
908 709 39 20 far-

188 740 34 21 tyg
242 737 22 20 af
283 738 52 19 ända
356 738 30 19 till
409 737 27 21 26
452 739 39 20 fots
514 739 124 24 djupgående
654 745 58 13 anses
729 739 101 24 samtidigt
846 739 35 18 der
896 738 52 19 finna

188 772 43 13 rum
246 766 38 20 och
300 767 70 24 skydd.
400 767 95 20 Deremot
510 768 58 19 hafva
584 769 24 18 de
624 769 42 18 inre
680 767 211 20 hamnförhållandena
902 767 45 19 tidi-

188 801 46 18 gare
250 796 52 19 varit
316 795 58 24 högst
386 796 204 24 otillfredsställande,
603 797 95 19 särskildt
718 797 6 19 i
744 796 94 20 afseende
851 796 12 19 å
873 796 73 24 djupet.

188 824 10 19 I
220 823 50 25 följd
292 824 59 20 häraf
370 825 37 20 har
429 826 70 19 staden
520 826 45 19 låtit
587 826 126 25 uppmuddra
730 825 90 19 farleden
834 823 45 21 från
895 828 52 21 yttre

187 853 85 19 hamnen
286 853 60 23 jemte
362 859 23 13 en
401 854 70 24 rymlig
486 854 66 20 bassin
568 855 7 18 i
591 854 93 19 hamnens
699 855 44 18 inre
754 854 32 19 del
800 854 37 18 och
851 853 26 25 på
890 854 58 18 dessa

188 881 82 20 arbeten
287 882 43 19 med
346 882 67 19 dertill
428 882 89 20 hörande
533 883 149 24 kajbyggnader
697 883 81 23 nedlagt
789 882 56 20 öfver
858 882 89 24 100,000

187 910 63 20 mark.
288 910 30 20 Då
338 910 68 20 härtill
425 911 88 20 kommer
528 913 30 18 att
572 912 48 23 godt
636 913 95 23 utrymme
747 911 37 19 och
800 911 80 24 lämplig
895 911 52 24 plats

188 938 32 20 för
242 938 74 26 upplag
338 939 22 19 af
382 942 92 18 trävaror
493 940 62 20 finnes
570 940 7 19 i
593 940 114 20 omedelbar
722 940 72 19 närhet
811 939 22 20 af
847 940 37 18 den
901 945 45 19 pro-

186 968 106 23 jekterade
308 968 107 24 jernvägen
431 969 12 19 &
458 970 94 18 stranden
568 969 60 19 söder
643 974 31 14 om
690 969 78 23 staden,
780 969 57 19 torde
848 968 97 20 hamnför-

188 996 120 20 hällandena
324 1003 80 13 numera
420 1000 100 17 motsvara
535 997 107 25 sjöfartens
657 997 67 21 behof.

256 1025 116 20 Enellertid
394 1025 95 25 lyckades
512 1027 18 24 ej
546 1026 62 19 heller
628 1027 37 18 den
681 1027 32 18 vid
731 1025 56 20 1894
802 1025 33 20 ärs
851 1024 95 25 landtdag

186 1053 77 25 ingifna
284 1055 84 24 petition
390 1060 31 14 om
440 1061 24 13 en
482 1055 74 19 bibana
571 1055 43 19 frän
630 1054 102 20 Tavastila
747 1054 29 19 till
792 1054 154 19 Fredrikshamn

186 1083 60 19 vinna
272 1082 94 21 afseende
391 1083 21 20 af
441 1084 113 20 ständerna.
594 1083 198 24 Jernvägsutskottet
810 1083 91 19 framhöll
916 1085 30 17 att

186 1111 80 20 landets
291 1111 31 20 för
346 1112 236 25 jernvägsanläggningar
603 1113 113 23 disponibla
739 1112 65 19 medel
827 1112 22 19 så
869 1113 77 22 strängt

186 1143 57 21 togos
264 1141 8 18 i
292 1141 88 23 anspråk
402 1141 31 19 för
448 1142 63 18 andra
526 1141 173 24 betydelsefullare
721 1140 173 25 jernvägsföretag
917 1142 29 17 att

186 1168 121 20 statsverket
326 1169 44 20 icke
388 1169 66 19 kunde
471 1169 65 20 utföra
551 1170 6 18 i
573 1169 143 24 frågavarande
734 1169 78 19 bibana.
843 1168 57 20 Dock
915 1170 30 18 ut-

186 1197 67 20 talade
269 1198 98 19 utskottet
382 1198 137 24 önskligheten
536 1198 57 20 deraf
607 1200 29 17 att
651 1198 64 20 banan
731 1198 61 19 måtte
806 1197 29 19 fås
847 1197 30 19 till
888 1197 57 19 stånd

185 1226 65 20 såsom
266 1226 144 25 privatföretag
426 1227 37 19 och
478 1226 91 20 framböll
584 1227 69 19 härvid
669 1228 30 18 att
714 1232 24 14 en
754 1226 74 19 bibana
844 1226 29 18 till
883 1225 62 19 Fred-

185 1254 101 20 rikshamn
308 1254 62 21 borde
394 1255 66 20 kunna
483 1256 89 24 påräkna
592 1261 23 13 en
631 1255 44 20 icke
690 1255 84 19 alldeles
790 1255 57 23 ringa
863 1254 82 24 rörelse,

185 1284 31 19 att
230 1284 65 19 finska
310 1284 133 20 kadettkåren
459 1285 101 19 äfvensom
576 1285 37 19 den
628 1284 8 19 i
651 1284 70 19 staden
733 1284 92 23 förlagda
839 1284 60 23 ryska
909 1284 36 18 mi-

184 1312 72 20 litären
282 1312 112 24 säkerligen
420 1313 64 19 skulle
506 1312 77 20 tillföra
606 1313 62 19 banan
692 1318 24 14 en
731 1312 146 24 jemförelsevis
895 1311 50 25 liflig

184 1340 192 25 passageraretrafik
398 1341 37 20 och
461 1343 30 18 att
512 1341 58 20 äfven
592 1342 63 23 någon
675 1340 111 25 godstrafik
800 1340 37 20 här
853 1346 46 13 vore
916 1342 29 18 att

184 1371 83 23 emotse,
283 1370 25 19 då
323 1369 155 21 Fredrikshamn
494 1370 84 24 tidigare
594 1370 43 19 haft
647 1375 23 14 en
682 1370 45 19 icke
740 1370 102 23 obetydlig
853 1368 91 20 handels-

184 1398 83 26 rörelse,
290 1398 79 20 hvilken
385 1404 69 18 genom
468 1399 109 24 jernvägen
592 1398 6 20 i
614 1399 64 23 någon
694 1398 45 20 mån
754 1398 44 20 åter
813 1398 66 19 kunde
895 1403 48 19 upp-

183 1426 65 20 lifvas.
278 1426 104 20 Utskottet
398 1428 87 23 föreslog
498 1427 68 20 derför
581 1433 24 13 en
616 1427 123 24 underdänig
750 1426 93 20 anhållan
857 1426 22 19 af
891 1429 52 17 stän-

183 1455 62 20 derna
261 1457 30 18 att
305 1455 6 20 i
326 1455 96 20 händelse
437 1456 60 19 innan
513 1455 113 25 påföljande
641 1455 96 24 landtdag
752 1455 119 19 koncession
887 1455 12 19 å
910 1455 33 19 ba-
