1075 1739
205 164 26 19 14
391 163 278 23 Petitionsbetänkande
684 164 44 23 N:o
744 164 38 22 34.

416 237 144 27 fullständigt
587 237 160 27 finskspräkigt
776 237 104 22 klassiskt
905 238 50 21 eller

419 273 137 26 reallyceum.

274 380 61 19 Hvad
352 380 25 20 de
393 380 31 20 till
440 387 94 19 gruppen
551 381 18 25 c)
585 381 100 19 hänförda
701 381 35 19 två
753 381 200 25 petitionsmemoria-

202 415 32 20 len
252 417 70 24 angår,
338 416 71 20 hvilka
423 417 101 19 resultera
536 417 5 19 i
553 423 24 13 en
593 417 95 19 anhållan
703 419 30 17 att
747 417 131 25 Regeringen
889 418 62 19 måtte

201 451 46 20 från
264 452 186 20 nästinstundande
469 453 46 19 höst
538 453 114 19 successivt
667 453 77 19 inrätta
764 459 25 13 en
810 453 91 26 reallinje
917 453 35 20 vid

202 487 25 20 de
247 487 46 26 fyra
314 489 74 25 högsta
408 489 107 20 klasserna
535 489 23 20 af
576 489 67 19 finska
663 489 103 19 klassiska
784 489 80 25 lyceum
880 489 6 19 i
901 483 50 32 Åbo,

202 523 37 20 har
254 524 108 20 Utskottet
378 524 6 19 i
401 525 79 25 princip
499 525 49 25 byst
567 532 76 12 samma
659 525 54 19 åsikt
729 531 43 13 som
788 525 114 20 Ständerna
918 525 35 19 vid

202 563 82 16 senaste
300 560 99 26 landtdag
415 561 65 19 under
496 561 152 25 behandlingen
665 561 23 19 af
701 560 71 26 dylika
787 560 110 26 petitioner
912 568 40 13 om-

201 595 84 26 fattade,
305 597 101 24 nämligen
428 599 31 17 att
474 597 26 19 de
516 596 45 20 med
579 597 46 19 stöd
641 595 25 21 af
679 596 146 25 förordningen
841 597 23 18 af
872 597 39 19 den
922 597 27 19 23

201 632 83 25 augusti
301 633 56 19 1883
380 633 26 25 på
422 639 24 13 en
468 633 33 19 del
516 632 103 20 klassiska
634 633 79 25 lyceers
730 632 83 20 II—TIV
828 633 79 19 klasser
922 633 30 19 in-

200 668 82 19 rättade
297 668 199 25 realafdelningarna
513 669 44 19 icke
575 671 34 16 äro
620 668 179 25 ändamålsenliga.
825 668 66 20 Dessa
902 669 49 19 real-

200 703 133 26 afdelningar,
353 704 81 19 hvilkas
454 704 86 27 uppgift,
558 705 6 18 i
580 704 65 19 likhet
665 704 46 19 med
732 704 26 19 de
774 704 124 26 fyrklassiga
913 705 39 19 ele-

200 740 193 25 mentarskolornas,
421 743 23 16 är
470 743 30 17 att
525 741 30 18 till
582 740 107 25 praktiska
713 740 237 20 verksamhetsomräden

200 775 107 21 förbereda
323 776 73 25 elever,
413 783 43 13 som
471 777 45 19 icke
532 776 64 20 önska
612 776 81 19 inträda
709 777 26 24 pä
751 775 39 20 den
806 776 58 19 lärda
877 777 72 24 banan,

199 815 35 16 äro
258 812 42 19 lika
322 812 44 19 litet
390 819 43 13 som
454 813 87 19 nämnda
561 812 179 19 elementarskolor
756 812 6 19 i
780 812 61 19 ständ
857 815 30 16 att
901 813 50 25 fylla

200 847 31 20 sin
255 848 86 25 uppgift,
366 848 84 20 emedan
476 849 49 24 inga
547 848 74 19 kurser
641 848 85 19 afslutas
742 849 27 24 pä
784 848 106 25 lyceernas
905 848 46 26 fyra

199 883 66 20 första
287 884 85 19 klasser.
404 885 41 19 För
469 884 91 26 antydda
584 884 105 19 ändamäls
713 883 103 20 ernäende
836 891 61 18 synes
916 884 35 20 det

199 919 70 20 därför
284 927 50 12 vara
350 921 81 19 absolut
446 920 73 25 nödigt
533 923 30 17 att
575 920 64 25 sagda
650 919 174 26 realafdelningar
834 920 116 19 utsträckas

199 955 123 20 åtminstone
345 956 32 19 till
398 957 40 19 den
462 957 60 19 femte
545 957 82 18 klassen
644 959 53 16 samt
713 956 101 19 kurserna
830 956 75 19 ordnas
921 957 28 22 sä,

198 994 31 17 att
249 991 26 20 de
290 995 104 17 motsvara
410 992 25 20 de
450 993 36 19 vid
502 993 64 24 nägra
582 992 112 25 reallyceer
710 992 165 19 förekommande
890 991 60 20 afslu-

198 1027 47 20 tade
262 1028 178 19 mellanskolorna.

271 1063 68 20 Sällan
368 1067 24 16 är
421 1064 35 19 det
480 1064 79 25 möjligt
581 1067 32 16 att
638 1064 63 19 redan
726 1065 23 18 sä
772 1063 62 25 tidigt
857 1070 42 12 som
925 1063 26 19 dä

197 1099 74 19 barnet
287 1099 68 25 börjar
371 1099 31 19 sin
419 1100 107 25 skolgäng,
548 1100 72 25 afgöra
641 1099 102 19 huruvida
769 1098 112 20 detsamma
896 1099 54 19 kom-

197 1141 43 13 mer
260 1137 31 17 att
314 1135 43 19 visa
376 1135 112 25 begäfning
512 1136 37 18 och
576 1136 41 24 häg
643 1135 31 19 för
693 1134 156 26 vetenskapliga
870 1134 77 20 studier

197 1170 49 20 eller
263 1178 31 12 om
311 1171 34 19 det
361 1171 38 19 har
415 1174 65 16 större
496 1171 99 19 fallenhet
605 1171 31 19 för
647 1170 95 26 praktisk
757 1170 137 20 verksamhet.
917 1170 31 20 De

197 1206 74 25 elever,
293 1214 42 12 som
351 1206 6 19 i
374 1209 30 17 ett
425 1207 98 19 klassiskt
543 1207 80 25 lyceum
639 1206 53 25 välja
709 1206 39 20 den
767 1206 56 19 reala
837 1206 68 25 linjen,
921 1206 28 19 bli

195 1242 64 20 likväl
275 1242 118 26 härigenom
410 1244 26 24 pä
451 1242 86 20 förhand
553 1242 107 20 bestämda
677 1242 32 19 för
724 1248 26 13 en
766 1242 64 19 sådan
846 1242 103 19 verksam-

195 1278 36 19 het
253 1278 49 20 eller
323 1278 37 20 ock
383 1279 58 19 skola
463 1279 25 19 de
508 1279 27 19 ha
556 1278 117 26 betydande
694 1278 128 25 svårigheter
838 1280 31 17 att
884 1277 63 20 öfver-

195 1314 69 25 vinna,
281 1322 32 12 om
329 1314 25 20 de
370 1315 65 19 önska
451 1314 94 20 fortsätta
563 1314 45 20 sina
625 1314 85 20 studier.
743 1314 38 19 Att
797 1313 95 20 fortsätta
907 1316 42 17 stu-

195 1350 72 19 dierna
283 1350 44 20 från
343 1350 66 26 fjärde
426 1350 81 20 klassen
523 1350 91 20 framåt
608 1345 12 35 i
625 1357 76 13 samma
712 1350 58 19 skola
784 1352 23 17 är
817 1349 131 25 naturligtvis

194 1386 98 25 omöjligt,
314 1386 25 19 då
359 1386 71 20 eleven
451 1388 27 24 på
498 1386 38 20 den
553 1386 56 20 reala
625 1386 132 25 afdelningen
775 1386 45 19 icke
836 1385 40 19 läst
890 1385 57 19 latin.

194 1422 47 19 Han
259 1425 22 15 är
298 1422 86 19 sålunda
402 1425 92 23 tvungen
510 1425 31 16 att
557 1422 84 25 öfvergå
657 1422 30 19 till
704 1424 30 16 ett
749 1421 132 25 fullständigt
897 1421 50 19 real-

193 1458 81 25 lyceum
293 1458 8 18 i
320 1458 67 24 någon
404 1465 68 12 annan
488 1458 52 19 stad.
572 1458 48 19 Men
637 1457 59 20 äfven
713 1464 24 12 en
754 1456 64 20 sådan
835 1456 112 26 öfvergång

267 1504 107 18 Allmänna
386 1504 179 23 petitionsutskottets
578 1504 116 18 betänkande
707 1504 37 18 N:o
757 1504 29 17 21.
