1075 1750
247 166 76 22 Ständ.
340 167 46 21 Pet.
402 180 28 2 —
445 167 154 23 Petitionsbet.
615 167 37 22 N:o
668 166 35 23 29.
821 170 13 24 3

100 232 144 28 regleringen
263 232 22 22 af
303 232 248 22 läkareförhållandena
567 234 29 27 på
611 233 76 21 landet
703 232 108 22 särskildt
826 232 31 20 af-

100 267 83 21 seende
197 267 71 21 borde
284 267 70 22 fästas
365 267 40 22 vid
415 268 174 28 ifrågavarande
600 268 105 28 nordliga
716 266 141 22 landsdelars

99 301 70 22 behof
184 302 23 21 af
224 302 140 26 läkarevård,
386 310 52 14 men
458 302 74 22 denna
547 300 113 31 reglering
675 302 51 22 icke
744 302 46 21 kan
805 301 52 21 defi-

100 336 68 22 nitivt
181 336 132 22 verkställas
330 336 69 22 innan
409 344 32 21 ny
452 336 136 29 förordning
599 337 96 21 rörande
707 336 151 22 helsovården

99 372 30 27 på
138 370 78 23 landet
231 371 118 26 utfärdats,
365 371 70 22 hafva
451 372 127 21 Ständerna
593 372 60 22 varit
667 372 23 21 af
701 372 44 21 den
756 371 59 22 åsikt
826 373 32 19 att

100 406 66 21 dessa
177 406 24 21 af
215 408 96 20 naturen
326 406 132 22 vanlottade
468 407 97 21 trakters
577 406 171 29 önskningsmål
758 406 8 21 i
777 406 82 28 antydt

100 440 129 23 hänseende
244 441 71 22 redan
330 441 96 29 tidigare
441 441 71 22 borde
528 449 82 21 genom
627 441 113 29 tillfälliga
753 440 105 29 åtgärder

100 475 139 28 tillgodoses.

169 511 34 20 På
218 511 75 28 grund
308 511 23 21 af
347 511 37 21 det
400 511 96 22 anförda
512 511 23 21 få
551 511 128 22 Ständerna
692 510 167 29 underdånigst

101 545 98 21 anhålla:

375 600 33 20 att
429 599 71 21 Eders
521 599 121 28 Kejserliga
658 598 104 29 Majestät
776 598 36 22 vid
826 605 32 15 re-

308 634 178 28 organisationen
512 634 27 28 af
559 634 154 22 läkarevärden
733 634 32 27 pä
786 633 74 22 landet

309 668 63 22 mätte
400 669 59 27 fästa
483 669 94 22 särskilä
606 668 189 28 uppmärksamhet
823 668 37 22 vid

312 702 113 30 Uleåborgs
448 704 49 22 läns
511 704 9 21 i
535 704 58 22 detta
615 704 99 27 afseende
736 706 52 19 mest
807 710 52 15 van-

310 737 78 23 lottade
404 738 60 22 delar
479 738 44 28 och,
539 738 73 23 innan
623 738 40 22 den
675 738 111 28 definitiva
796 738 63 28 regle-

307 772 79 29 ringen
408 774 140 27 genomföres,
571 773 87 29 vidtaga
681 773 103 29 behöfliga
805 773 54 21 inte-

308 807 156 29 rimsätgärder
493 808 35 28 för
553 808 172 28 tillgodoseendet
749 808 28 28 af
799 808 60 21 dessa

309 842 91 22 trakters
415 842 65 28 Vehof
491 843 27 28 af
530 842 133 22 läkarevärd.

170 893 109 21 Finlands
296 893 97 23 Ständer
409 894 130 22 framhärda
555 897 41 19 etc.

170 940 151 29 Helsingfors,
339 940 44 22 den
398 943 28 19 22
442 941 47 28 Maj
509 943 62 19 1897.
