1070 1745
234 144 11 12 2

204 213 50 12 vara
268 207 27 25 på
309 213 46 13 resa
371 207 26 20 30
413 207 12 19 å
441 207 26 19 40
483 207 64 25 dagar
562 207 32 19 för
609 209 31 18 att
655 209 93 24 uppgöra
762 207 72 25 planer
849 207 32 19 till
896 206 65 20 odlin-

204 242 44 18 gar,
272 235 22 20 så
317 235 67 20 skulle
401 235 41 20 han
458 235 118 26 antagligen
591 235 81 26 åtnöjas
687 235 46 20 med
749 237 30 18 ett
793 235 75 20 arvode
884 235 23 20 af
921 236 40 19 400

204 263 66 25 mark,
286 263 49 21 eller
351 265 41 19 800
407 264 58 19 mark
480 264 33 20 för
528 265 36 19 två
578 264 124 26 rådgifvare.

273 292 32 20 Då
329 293 281 25 ,Hushållningssällskapet
623 293 8 19 i
645 293 116 25 Uleåborgs
783 292 46 20 län"
851 292 45 20 icke
912 298 49 19 eger

204 320 119 27 öfverlopps
345 321 67 20 medel
433 321 33 20 för
488 323 30 18 att
534 321 68 20 aflöna
617 322 77 19 sådana
708 321 124 26 rådgifvare,
848 322 64 25 vågar
924 321 37 25 jag

204 349 119 26 ödmjukast
338 350 89 24 anhålla,
443 352 31 17 att
488 351 128 19 hedervärda
631 350 87 20 Ståndet
732 350 49 20 ville
795 349 72 20 förena
882 350 33 25 sig
929 356 31 13 om

410 409 35 24 att,
461 408 21 19 åt
498 407 281 26 ,Hushällningssällskapet
773 403 12 35 i
796 407 103 25 Uleåborgs
914 407 43 20 län"

341 437 26 22 af
379 436 99 20 allmänna
493 437 60 19 medel
569 437 105 19 tillsvidare
689 437 60 19 skulle
763 436 79 24 beviljas
852 437 42 18 800
904 435 57 20 mark

341 464 74 25 årligen
439 465 28 19 till
484 465 100 24 aflönande
600 465 24 24 af
639 467 68 18 tvenne
723 464 149 20 ambulatoriska
886 464 73 25 rådgif-

339 499 46 13 vare
401 494 8 18 i
423 494 116 24 kärrodling.

272 550 133 26 Helsingfors
421 550 39 20 den
476 551 12 20 3
504 550 91 21 februari
612 551 60 20 1897.

664 608 41 22 Joh.
721 608 102 27 Haanpää.

562 641 131 23 Representant
705 641 27 18 för
744 641 80 22 Piippola
836 641 89 17 kommun.

518 1117 141 23 RÄTTELSE:

212 1163 32 18 sid.
260 1165 14 20 1,
288 1165 9 16 7
309 1169 13 12 r.
335 1169 16 12 n.
365 1162 44 19 står:
422 1163 161 22 boskapsskötseln;
596 1162 34 18 läs:
643 1161 139 23 skogsskötseln.

311 1443 103 25 Helsingfors,
424 1452 81 16 Tidnings-
515 1452 12 13 &
536 1452 185 17 Tryckeriaktiebolagets
731 1443 71 25 tryckeri,
812 1452 39 12 1897.
