1073 1734
298 166 279 23 Petitionsbetänkande
592 166 46 23 N:o
653 166 39 23 25.
830 173 16 21 9

116 235 87 25 socken,
225 236 50 20 med
290 241 28 15 20
332 236 13 20 å
362 242 27 20 30
403 236 22 20 hl
440 243 40 20 per
494 236 87 25 mantal,
597 236 76 21 städse
687 237 56 20 visat
760 239 31 17 ett
806 236 69 26 något

116 270 67 26 högre
206 270 102 20 medeltal
330 270 27 20 än
380 272 58 19 inom
457 270 119 21 sistnämda
594 270 134 21 kommuner.
758 270 39 21 Alt
812 270 60 20 detta

116 304 64 26 tyder
200 305 7 19 i
229 305 32 19 sin
282 304 48 20 mån
350 304 75 27 därpå,
448 308 33 18 att
502 304 161 21 förhållandena
684 306 7 19 i
707 304 166 21 Muonionniska.

116 338 37 20 äro
169 341 47 18 rent
231 338 149 27 lappländska.

185 372 75 22 Under
281 372 63 21 dessa
360 372 147 22 förhållanden
522 373 79 27 drager
615 380 28 14 nu
655 372 197 27 jordbesittningen
866 373 7 20 i

116 407 166 21 Muonionniska
304 407 66 27 enligt
394 411 10 22 5
428 407 12 27 8
461 409 7 19 i
488 408 79 26 nådiga
582 407 154 27 förordningen
751 407 24 20 af
787 407 42 20 den
847 406 29 21 16:

114 441 36 26 juli
176 441 59 25 1886,
258 448 47 13 som
328 445 73 17 senast
422 442 77 21 ordnat
518 441 129 22 hithörande
667 441 155 25 förhällanden,
846 447 28 14 en

116 475 64 25 skatt,
197 482 47 14 som
261 475 136 28 uppkommit
412 483 80 20 genom
507 479 32 18 att
555 476 42 20 den
612 475 62 21 forna
686 475 129 27 jordeboks-
830 475 44 20 och

116 509 168 22 mantalsräntan
303 509 131 22 förvandlats
454 510 32 21 till
506 509 119 22 rubelskatt
641 510 94 25 sälunda,
753 513 31 18 att
799 509 74 26 hvarje

116 543 44 22 helt
185 543 80 22 mantal
286 544 68 21 sedan
379 545 54 26 1890
455 544 40 21 fätt
516 546 34 25 sig
572 544 88 27 päfördt
685 544 26 20 16
733 543 139 22 skatterubel.

117 577 90 22 Skatten
230 579 62 26 utgår
314 579 54 20 efter
391 579 112 20 enahanda
524 579 125 26 beräkning,
669 585 48 14 som
738 578 33 21 för
786 578 86 27 öfrigt
860 573 15 36 i

117 612 121 27 Uleåborgs
254 613 40 24 län,
310 613 88 20 hvarest
413 613 58 20 dock
486 617 60 17 utom
561 614 6 19 i
583 613 38 20 det
634 613 61 20 forna
707 612 86 21 Torneå
805 612 69 21 härad

116 647 28 26 på
160 647 102 21 mantalet
278 647 79 27 belöpa
372 649 33 25 sig
419 653 26 20 30
455 647 139 22 skatterubel.
617 647 90 21 Således
718 647 63 27 utgör
791 646 85 21 skatte-

116 681 73 20 rubeln
207 681 103 27 tjugufem
325 681 47 21 liter
388 682 103 26 spanmäl,
507 683 32 20 tio
554 682 48 21 liter
617 681 61 21 hafre
693 684 56 18 samt
768 687 6 14 1
794 680 36 21 mk
844 686 29 20 44

117 717 64 25 penni
196 717 6 19 i
218 717 123 26 penningar,
358 715 66 28 enligt
441 717 53 25 1883
510 717 34 20 års
559 715 261 28 medelmarkegångspris
836 715 38 20 be-

117 749 91 22 räknadt
222 750 32 21 till
268 750 156 27 sammanlagdt
440 750 55 21 Fmk
512 755 18 21 5:
545 756 27 14 22
588 757 40 20 per
643 749 86 26 mantal,
746 753 31 18 ett
789 749 83 27 belopp

117 790 47 14 som
186 783 67 28 enligt
276 785 50 25 1895
348 785 34 20 års
398 784 293 27 markegångsförhållanden
706 784 91 27 nedgått
812 783 32 21 till
858 789 18 20 4

116 817 36 21 mk
174 817 29 26 64
223 825 21 20 p.
266 825 38 20 per
322 818 86 21 mantal.
438 818 53 21 Som
506 818 166 21 Muonionniska
687 818 82 21 socken
784 817 90 28 utgöres

117 852 24 21 af
153 852 63 28 8/4,
232 853 79 21 mantal
326 853 50 21 med
391 853 140 21 tillsammans
549 859 39 21 129
599 852 134 22 skatterubel
744 852 58 28 83!/;
812 852 59 27 kop.,

116 887 74 27 utgick
204 887 85 21 således
304 887 70 21 denna
390 887 58 22 skatt
463 888 23 20 år
504 888 51 26 1895
573 888 50 20 med
639 891 32 17 ett
686 888 82 26 belopp
784 886 23 22 af
818 886 55 21 Fmk

116 920 48 21 612:
186 926 27 21 23
236 921 45 21 från
303 921 49 21 hela
374 921 102 21 socknen.
510 922 57 21 Från
589 922 136 20 densammas
747 921 126 27 lägenheter

118 955 98 27 erlägges
237 956 110 21 dessutom
368 956 144 21 kronotionde
527 956 32 22 till
573 956 83 28 belopp
672 957 23 20 år
713 956 51 26 1895
782 955 23 21 af
818 962 56 14 sam-

119 990 141 20 manräknadt
277 995 31 21 17,
324 991 26 25 98
367 990 27 20 hl.
408 990 67 26 hafre,
488 990 82 22 hvilket
588 990 54 22 efter
659 990 69 27 sagda
742 991 24 19 år
773 990 101 26 gällande

118 1024 186 27 markegångspris
327 1024 13 21 å
362 1025 55 20 Fmk
432 1031 19 20 9:
468 1031 28 20 04
511 1032 26 20 pr
552 1025 22 20 hl
589 1026 139 20 motsvarade
743 1028 32 18 ett
789 1024 83 27 belopp

118 1058 22 20 af
160 1058 55 20 Fmk
238 1058 44 21 162:
306 1063 25 22 53
350 1058 45 22 från
410 1059 49 20 hela
474 1060 103 20 socknen.
607 1060 55 20 Hela
675 1060 137 26 jordskatten
828 1058 44 21 från

117 1092 95 21 socknen
234 1092 62 28 utgör
318 1093 55 21 altså
396 1093 55 21 Fmk
472 1098 48 22 774:
543 1093 28 27 76
591 1094 51 20 eller
663 1094 55 20 Fmk
738 1098 34 23 95:
790 1094 27 25 48
834 1100 39 20 per

116 1127 86 25 mantal,
227 1130 31 18 ett
280 1127 81 28 belopp
384 1135 48 13 som
454 1128 33 21 för
510 1132 73 17 ortens
603 1129 147 21 förhållanden
769 1129 23 20 är
807 1128 66 27 högst

116 1161 131 27 betydande,
269 1169 48 14 men
332 1163 99 20 framstår
446 1169 48 14 som
509 1163 56 20 ännu
579 1170 59 13 mera
653 1163 112 27 tyngande
780 1170 36 13 om
831 1162 42 21 för-

116 1195 126 22 hållandena
265 1197 6 20 i
293 1197 149 26 angränsande
464 1197 127 21 kommuner
613 1201 63 23 tages
699 1197 31 22 till
747 1197 125 21 måttstock.

116 1230 73 27 Enligt
211 1230 170 27 beräkningarna
402 1231 33 20 för
454 1232 23 20 år
502 1232 51 26 1895
571 1231 61 21 öfver
647 1231 146 28 lappskatten,
810 1232 63 26 utgår

116 1264 70 21 denna
201 1265 49 20 med
266 1268 32 18 ett
312 1265 82 27 belopp
410 1265 25 20 af
446 1265 78 22 endast
539 1265 55 21 Fmk
610 1267 32 25 38:
657 1271 29 21 40
701 1266 46 21 från
762 1265 110 26 mantalet,

116 1298 81 21 hvilket
212 1299 32 20 för
259 1299 165 21 Muonionniska
439 1300 81 20 socken
536 1301 6 20 i
558 1300 49 21 dess
624 1300 73 21 helhet
712 1300 67 21 skulle
795 1300 77 27 utgöra

116 1332 54 21 Fmk
194 1338 45 21 311:
262 1337 32 22 57.
324 1333 88 28 Lägger
426 1341 50 14 man
495 1341 27 14 nu
540 1334 71 21 härtill
626 1335 246 26 mantalspenningarna,

116 1366 71 21 hvilka
209 1367 23 20 år
257 1368 50 26 1895
332 1368 84 21 erlades
436 1368 23 21 af
477 1374 42 21 219
538 1369 49 20 män
603 1369 42 20 och
662 1369 39 20 188
716 1369 91 20 kvinnor
822 1368 51 21 med

116 1401 187 22 sammanräknadt
318 1401 42 21 626
376 1402 65 25 mark,
457 1415 28 3 —
502 1410 26 13 en
543 1403 64 25 skatt,
624 1403 46 21 från
685 1403 86 21 hvilken
786 1403 86 20 innevå-

115 1442 78 14 narene
215 1437 7 19 i
244 1436 108 27 egentliga
375 1437 316 27 Lappmarksförsamlingarna
713 1437 67 27 enligt
802 1441 9 22 5
834 1436 12 27 $
866 1437 6 20 i

115 1469 59 27 Kejs.
196 1470 104 21 Förordn.
324 1477 35 14 om
382 1471 27 20 de
432 1471 122 26 personella
575 1471 146 27 utskylderna,
744 1471 25 21 af
787 1472 42 20 den
845 1476 28 15 20

184 1516 130 16 Statsutskott-ts
327 1517 103 16 betänkande
442 1517 35 16 N:o
486 1521 19 16 3.
