1089 1745
330 158 215 23 Motionsbetänkande
559 159 34 23 N:o
609 158 20 22 2.
846 159 12 19 3

104 221 198 28 lagförändringen
324 221 111 28 inrymma
456 221 162 22 kommunerna
641 227 28 16 en
689 221 97 22 särskild
801 219 58 29 pröf-

104 255 117 29 ningsrätt,
237 255 138 22 beträffande
398 255 137 29 rättigheten
557 255 35 22 till
608 255 133 28 försäljning
756 255 26 22 af
795 261 65 21 svag-

105 290 76 22 dricka
203 297 54 15 vore
280 291 70 28 enligt
372 290 121 24 utskottets
509 291 147 21 förmenande
671 290 48 22 helt
734 290 42 22 och
791 289 70 22 hållet

105 325 133 28 opåkalladt.
268 325 50 22 Men
341 325 109 28 åtgärden
473 325 73 22 skulle
566 325 131 22 derutöfver
712 324 101 22 medföra
828 325 33 20 ett

104 359 68 29 högst
186 359 111 22 kännbart
311 359 95 29 ingrepp
421 359 7 22 i
444 359 189 29 näringsfriheten
649 359 42 22 och
701 359 45 22 kan
757 359 67 22 äfven
834 364 27 16 ur

106 394 72 22 denna
194 394 114 28 synpunkt
322 393 50 22 icke
387 393 122 23 försvaras.
535 394 44 22 För
594 395 33 21 att
642 394 80 28 belysa
733 394 62 21 detta
805 392 56 22 tillå-

105 430 35 20 ter
155 428 35 28 sig
204 428 110 22 utskottet
336 428 86 27 anföra,
437 430 33 20 att
485 428 12 22 å
513 430 66 25 orter,
595 428 92 22 hvarest
703 426 158 30 skogsafverk-

105 463 80 28 ningar
207 462 106 29 försiggå,
335 463 133 22 industriela
483 463 165 28 anläggningar
663 463 39 22 äro
717 462 72 22 under
803 461 58 22 utfö-

105 497 70 22 rande
195 497 56 22 eller
270 503 62 16 mera
346 497 140 22 omfattande
501 497 179 29 odlingsföretag
695 497 58 28 pågå
767 496 51 22 med
834 502 28 15 en

107 532 160 28 arbetsstyrka,
282 532 68 22 hvars
372 532 130 23 numeriska
524 533 85 22 storlek
629 532 45 22 kan
689 531 125 28 öfverstiga
828 530 34 22 till

107 567 42 22 och
164 567 50 22 med
231 568 88 21 ettusen
334 573 114 22 personer,
465 567 156 29 svagdrickan,
637 567 73 22 såsom
726 573 28 15 en
764 565 98 23 nödvän-

107 601 170 29 dighetsartikel
297 601 35 22 för
354 601 72 28 dessa,
442 602 67 29 utgör
532 602 93 22 föremål
641 601 36 22 för
691 607 28 16 en
734 599 128 30 betydande

107 636 145 28 tillverkning
275 636 42 22 och
335 635 134 30 försäljning
485 638 57 21 samt
557 637 142 28 följaktligen
715 636 68 22 äfven
798 635 64 22 skän-

107 671 41 22 ker
163 671 43 22 den
220 671 56 22 nära
286 670 191 29 arbetsplatserna
488 671 88 22 bosatta
586 671 161 28 befolkningen
758 677 28 15 en
796 669 68 29 högst

108 705 112 22 värdefull
235 705 71 28 utväg
320 705 33 22 till
370 705 110 28 förtjenst.

176 739 36 23 Dä
226 740 125 22 emellertid
366 740 93 28 upplyst
474 741 75 21 blifvit
563 742 32 21 att
610 740 71 29 nägra
694 740 122 22 domstolar
825 739 39 22 vid

108 775 170 28 handläggning
292 775 26 21 af
330 775 44 22 ätal
397 777 47 20 mot
466 782 114 21 personer,
596 781 48 17 som
659 775 108 28 angifvits
782 774 34 22 för
831 775 33 20 att

108 809 69 22 hafva
192 809 34 22 till
242 809 48 22 salu
305 809 63 22 hällit
378 809 127 23 berusande
517 810 141 28 svagdricka,
670 810 83 21 frikänt
763 809 44 22 den
817 809 47 27 lag-

109 843 64 22 förde
188 844 42 21 och
246 843 76 28 dylika
336 844 128 28 prejudikat
478 845 81 22 verkat
573 844 180 29 uppmuntrande
768 843 29 29 pä
807 843 57 27 dem,

108 878 77 22 hvilka
200 878 77 22 drifvit
292 878 43 22 den
350 878 88 22 ätalade
454 879 117 28 näringen,
586 880 58 21 samt
654 878 103 22 bemälde
769 878 95 22 domsto-

109 913 45 21 lars
169 912 128 22 förfarande
312 912 41 22 bör
367 913 134 23 tillskrifvas
517 920 28 16 en
561 914 110 22 måhända
685 913 50 22 icke
751 913 52 21 fullt
815 912 50 28 tyd-

109 947 32 29 lig
156 947 119 29 affattning
290 947 26 22 af
327 947 174 29 ifrågavarande
516 949 13 27 $
545 951 27 19 25
588 948 25 22 af
626 948 162 28 förordningen
798 947 43 22 den
852 950 12 19 2

109 982 64 28 April
196 984 62 25 1883,
273 982 41 22 har
335 982 111 22 utskottet
464 984 75 21 ansett
554 983 99 28 önskligt
668 984 33 20 att
716 984 32 20 ett
763 982 102 28 förtydli-

109 1016 74 28 gande
198 1016 81 29 tillägg
294 1016 47 23 deri
356 1016 69 23 mätte
441 1017 68 29 göras
524 1018 7 22 i
547 1018 51 22 dess
614 1018 55 22 sista
684 1016 97 29 mening.

178 1050 47 23 Och
245 1051 70 28 jemte
330 1051 38 22 det
383 1052 111 22 utskottet
509 1052 136 22 äterhemtar
660 1052 28 21 de
703 1051 26 22 af
741 1051 125 22 detsamma

109 1085 95 22 anförda
226 1085 49 23 skäl
297 1087 46 21 mot
362 1086 165 28 godkännande
543 1086 26 22 af
581 1086 212 28 motionsförslagen
809 1087 57 21 samt

110 1119 60 29 förty
185 1120 115 22 vördsamt
314 1120 140 22 hemställer:

316 1190 32 20 att
361 1189 147 28 förevarande
522 1189 173 29 motionsförslag
709 1189 44 21 icke
765 1188 66 22 mätte
841 1188 28 28 af

247 1223 127 23 Ständerna
388 1224 111 27 omfattas,

111 1286 34 22 får
159 1276 110 33 utskottet
284 1287 71 22 tillika
370 1286 117 23 vördsamt
502 1287 90 22 föreslå:

316 1357 32 20 att
363 1355 129 22 Ständerna
506 1356 9 21 i
531 1355 120 28 anledning
667 1356 28 27 af
707 1355 25 22 de
741 1355 75 22 väckta
826 1361 42 15 mo-

248 1389 101 23 tionerna
364 1389 66 22 måtte
446 1391 84 27 antaga
545 1391 57 20 sumt
616 1389 33 22 till
664 1389 66 22 Hans
744 1389 125 28 Kejserliga

247 1424 117 27 Majestäts
384 1424 164 28 godkännande
563 1423 134 28 öfverlemna
711 1423 99 28 följande
824 1423 44 28 för-

247 1458 47 28 slag
309 1458 33 21 till

178 1499 192 20 Ekonomiutskottets
385 1499 118 20 betänkande
518 1499 37 20 N:o
572 1500 18 21 5.
