1075 1742
196 199 34 19 för
248 200 118 24 utredning
383 200 24 20 af
424 199 141 25 tvistefrågor
585 205 49 14 vore
650 200 6 19 i
672 200 66 19 behof
755 199 24 19 af
792 199 158 24 upplysningar

197 231 25 14 ur
243 226 65 20 dessa
329 225 116 25 urkunder,
465 226 78 20 kunde
557 227 141 23 naturligtvis
718 232 27 14 en
765 226 80 20 enkom
860 226 7 18 i
881 226 68 19 arkiv-

197 252 98 24 göromål
315 254 154 19 hemmastadd
489 254 133 24 tjensteman
638 254 6 19 i
660 253 147 20 Statsarkivet
822 252 127 24 lämpligare

197 279 27 25 gå
239 280 80 20 honom
335 281 108 19 tillhanda
458 280 49 20 med
522 280 159 24 upplysningar
696 281 59 19 samt
769 280 82 19 äskade
865 279 84 19 afskrif-

196 308 33 18 ter
248 308 28 18 än
296 308 113 19 sökanden
429 308 52 24 själf
498 312 78 19 genom
598 309 33 18 att
646 308 88 18 bläddra
749 307 6 19 i
770 306 179 25 kyrko-arkivens

196 334 74 24 gamla
281 334 140 25 -handlingar,
437 335 52 19 eller
500 334 159 20 vederbörande
670 335 66 23 prest,
747 334 40 19 hos
799 334 86 19 hvilken
897 338 51 14 man

196 361 19 23 ej
231 361 42 19 kan
290 361 119 20 förutsätta
425 362 72 19 härför
512 361 80 24 nödiga
605 362 144 23 fackinsigter
763 361 40 19 och
819 360 130 20 erfarenhet.

269 388 9 13 T
297 389 39 13 och
352 388 34 14 för
400 388 133 17 mativering
548 388 23 18 af
584 388 72 19 denna
670 387 62 21 fråga
746 388 65 19 beder
823 388 37 22 jag
874 388 39 18 här
927 386 22 20 få

196 417 77 17 anföra
294 420 69 19 några
385 420 125 15 statIstiska
533 422 105 18 Upppiliei
662 424 20 11 Ul
704 424 33 11 vu
756 426 21 8 ai
798 426 99 8 uuvuiva
917 428 30 4 tan

196 440 149 26 Domkapitlet
360 442 7 19 i
382 442 76 25 Borgå,
473 442 91 20 Pastorn
581 442 66 20 Adolf
659 442 103 23 Neovius,
773 441 94 24 utgifvet
877 440 72 20 värde-

195 468 51 20 fullt
269 469 74 19 arbete
369 469 140 24 ,Kyrkornas
531 469 6 19 i
559 468 70 24 Borgä
650 470 50 18 stift
715 467 233 25 inventariipersedlar,

196 495 106 20 bibliotek
316 497 40 19 och
372 496 81 24 arkiv*,
469 496 74 24 tryckt
557 495 24 20 är
596 496 58 20 1893.
683 496 10 19 I
708 496 96 19 nämnda
819 495 52 19 verk
885 494 64 20 fram-

195 521 71 21 hällas
287 523 109 19 särskilda
411 524 68 23 enligt
493 524 47 18 min
555 522 59 20 äsikt
628 522 136 26 upplysande
779 522 38 20 fall
833 522 22 20 af
869 526 79 19 genom

195 548 116 21 eldsvädor
325 550 144 20 framkallade
484 550 200 24 olyckshändelser,
699 550 23 19 af
734 549 74 20 hvilka
819 548 79 25 kyrkor
908 548 41 20 och

194 575 140 25 prestgärdar
355 577 61 19 inom
439 576 70 25 Borgä
530 577 55 24 stift,
607 577 47 19 häri
673 576 146 20 inberäknade
837 576 65 19 äfven
922 575 25 19 de

194 602 48 20 frän
257 603 61 20 detta
332 604 51 19 stift
397 609 92 15 numera
508 604 33 20 till
560 604 84 24 Kuopio
660 604 39 20 och
714 603 102 25 Nyslotts
831 602 54 24 stift,
900 601 48 20 frän

194 630 73 19 äldsta
286 630 55 20 tider
361 631 33 19 till
409 632 40 18 och
464 631 49 19 med
529 631 36 19 det
580 630 29 25 är,
624 630 28 20 dä
666 630 97 20 nämnda
777 630 74 20 arbete
866 630 82 22 utkom,

194 656 111 21 drabbats.
333 658 70 19 Häraf
415 657 104 25 framgär,
533 659 34 19 att
581 658 36 19 det
632 658 107 19 inträffat:

267 684 27 20 40
312 685 46 24 fall,
373 684 28 20 dä
416 685 84 24 kyrkan
515 686 103 18 förstörts
633 685 52 19 eller
700 684 46 20 helt
760 684 41 20 och
816 682 67 21 hållet
897 688 50 19 upp-

194 710 92 20 brännts
300 712 24 19 af
337 711 92 24 fiender;

269 738 26 19 30
309 738 45 25 fall,
369 738 28 20 dä
411 739 84 24 kyrkan
511 739 133 19 nedbrunnit
658 739 105 24 antingen
779 738 6 20 i
799 738 52 24 följd
861 738 24 19 af
893 737 56 20 väda

197 764 53 19 eller
265 766 82 19 antänd
363 766 24 18 af
400 766 94 24 blixten;

270 792 25 19 25
310 792 44 24 fall,
370 791 27 21 dä
411 792 168 24 kyrko-arkiven
593 792 104 20 förstörts
712 797 80 19 genom
807 791 87 25 vädeld;

267 818 26 20 20
307 819 45 25 fall,
369 818 28 20 dä
416 818 112 26 prestgärd
548 820 133 19 nedbrunnit
700 820 23 19 af
740 819 115 20 enähanda
873 819 73 23 orsak;

268 846 24 18 19
302 846 45 24 fall,
358 846 27 19 dä
396 846 229 24 kyrkoherdeboställe
636 846 136 25 uppbrännts
782 846 53 19 eller
844 846 103 19 förstörts

194 871 24 19 af
230 871 94 25 fiender;

266 899 25 19 12
310 899 45 24 fall,
376 905 35 14 om
432 899 74 20 hvilka
525 900 36 19 det
576 900 104 19 särskildt
694 902 100 22 nämnes,
809 900 34 19 att
857 899 89 20 arkiven

193 925 137 24 uppbrännts
345 926 53 19 eller
412 927 103 19 förstörts
530 927 24 20 af
566 927 92 24 fiender;
674 928 59 19 samt

264 953 14 18 4
292 953 44 24 fall,
352 952 27 20 dä
393 953 85 24 kyrkan
493 954 103 19 förstörts
610 959 80 18 genom
705 953 137 20 mordbrand.

265 979 104 20 Förutom
385 980 64 19 dessa
465 981 37 18 vill
515 981 37 24 jag
564 980 104 25 päminna
678 986 36 14 om
725 979 118 21 eldsvädan
855 978 24 21 är
889 979 58 24 1894,

193 1005 145 24 hvarigenom
352 1007 106 24 Helsinge
473 1008 93 19 sockens
582 1007 139 25 kyrko-arkiv
736 1007 69 20 delvis
820 1006 127 21 förstördes.

194 1031 133 26 Oräkneliga
346 1035 38 18 äro
399 1034 26 19 de
440 1034 45 25 fall,
500 1035 64 19 äfven
579 1033 49 21 frän
643 1035 89 19 senaste
747 1034 38 25 tid,
800 1033 28 20 dä
842 1038 58 19 man,
915 1032 32 20 sä-

194 1063 48 15 som
259 1060 15 19 t.
290 1065 34 14 ex.
339 1061 7 18 i
361 1060 80 20 Jockas
456 1061 40 20 och
511 1061 121 24 Pielisjärvi
643 1062 106 19 socknars
759 1060 144 25 prestgärdar,
911 1060 36 19 vid

193 1085 133 21 inträffande
342 1087 103 20 eldsvåda
459 1088 50 19 med
524 1089 71 23 knapp
610 1088 42 20 nöd
668 1088 42 19 fått
725 1088 168 24 kyrkv-arkiven
904 1087 43 19 ber-

193 1112 62 23 gade.
285 1113 44 20 Och
350 1114 79 19 talrika
448 1115 38 19 fall
505 1115 75 20 kunna
598 1115 125 24 uppräknas
739 1115 65 20 äfven
819 1113 49 20 från
883 1113 64 20 dessa

192 1139 61 25 tider,
275 1139 27 20 dä
324 1141 90 20 arkiven
436 1142 45 19 helt
501 1142 39 19 och
560 1141 68 20 hållet
647 1142 104 20 förstörts
770 1147 80 18 genom
865 1140 82 20 vädeld.

192 1165 41 25 Jag
249 1167 38 19 vill
302 1167 57 20 blott
375 1167 74 20 säsom
464 1169 100 24 exempel
578 1168 116 21 framhälla
708 1169 105 24 följande:

264 1213 30 18 Ar
314 1213 53 19 1848
386 1213 111 20 nedbrann
517 1215 163 24 kyrko-arkivet
694 1215 7 18 i
716 1214 124 24 Petäjävesi
855 1213 92 22 socken
936 1209 16 35 ;

312 1239 59 25 1851,
391 1240 141 24 prestgärden
552 1242 40 19 och
610 1241 85 20 arkivet
709 1241 7 20 i
731 1240 109 25 Pelkjärvi
855 1240 92 23 socken;

315 1267 59 24 1856,
393 1267 141 24 prestgärden
550 1269 40 19 och
605 1268 85 19 arkivet
705 1268 6 20 i
726 1267 113 24 Rautjärvi
855 1267 92 23 socken;

317 1293 58 25 1872,
392 1294 84 26 kyrkan
491 1295 7 19 i
513 1295 149 20 nästnämnda
676 1295 142 23 församling
808 1289 13 35 ;

314 1321 59 24 1881,
389 1320 141 26 prestgärden
546 1323 40 18 och
601 1322 85 19 arkivet
696 1322 7 19 i
714 1321 129 24 Pihtipudas
855 1321 93 22 socken
936 1316 15 34 ;

313 1348 59 25 1884,
387 1348 84 26 kyrkan
487 1349 6 19 i
509 1349 126 19 Enonkoski
650 1348 142 24 församling
785 1344 12 34 ;

313 1375 58 24 1887,
387 1375 84 24 kyrkan
487 1376 7 19 i
508 1375 119 20 Heinävesi
642 1375 142 24 församling;

270 1417 10 10 n
313 1401 58 26 1894,
387 1402 84 27 kyrkan
487 1403 7 18 i
509 1402 103 24 Helsinge
628 1402 81 19 socken
724 1402 77 19 delvis.

269 1441 70 19 Dessa
353 1441 66 20 ofvan
435 1441 139 24 uppräknade
588 1441 38 20 fall
641 1441 61 19 torde
716 1431 67 29 redan
798 1445 48 15 mer
860 1442 27 17 än
903 1441 45 23 tyd-

192 1467 44 24 ligt
256 1468 45 19 tala
319 1468 34 19 för
368 1468 176 19 önskvärdheten
559 1468 28 24 af,
602 1468 34 19 att
650 1467 106 24 antingen
771 1468 26 19 de
813 1467 135 24 handlingar,

271 1253 11 146 ITIS:
