1073 1731
195 156 14 20 4
384 154 276 23 Petitionsbetänkande
676 154 44 22 N:o
733 153 37 23 24.

196 227 199 22 kronomarkernas
418 227 128 27 belastning
564 227 49 22 med
630 227 24 22 så
670 227 87 21 kallade
774 227 102 21 servitut.
908 226 40 21 Om

196 263 159 27 befolkningen
371 263 84 22 tillätes
471 265 32 19 att
519 262 130 28 afgiftsfritt
659 263 114 26 uppsamla
784 261 78 28 renlaf,
874 262 74 21 skulle

196 299 72 21 denna
291 299 106 22 tillåtelse
419 299 70 27 enligt
511 299 193 27 Forststyrelsens
723 299 89 26 mening
827 300 63 19 snart
904 304 44 21 nog

195 334 87 22 komma
297 337 33 19 att
344 335 116 21 betraktas
476 341 45 15 som
538 341 28 15 en
581 335 115 27 rättighet,
713 335 40 21 och
769 335 7 20 i
790 334 106 22 händelse
907 333 39 22 laf-

194 370 79 22 täkten
297 371 7 20 i
327 377 27 15 en
375 371 90 21 framtid
480 371 75 22 blefve
571 371 111 26 hinderlig
698 370 34 22 för
748 369 198 23 kronomarkernas

196 406 92 27 skötsel,
312 407 73 21 kunde
401 407 85 21 kronan
501 407 94 21 sålunda
610 406 70 23 blifva
696 409 98 24 tvungen
810 409 34 18 att
859 405 88 26 friköpa

195 441 34 28 sig
254 441 50 22 från
327 442 170 28 befolkningens
516 443 135 26 häfdvunna,
668 449 34 15 om
718 443 40 20 ock
774 441 172 28 ursprungligen

195 477 121 28 obefogade
332 479 102 26 anspråk.

266 514 12 21 I
301 514 71 22 likhet
394 515 49 21 med
467 515 180 26 Forststyrelsen
670 515 41 20 har
734 514 116 21 Utskottet
865 515 80 25 ansett,

195 551 33 19 att
251 549 13 21 å
283 549 187 22 kronomarkerna
486 550 150 27 uppspirande
652 550 111 27 telningar
779 550 53 21 böra
848 549 97 27 skyddas

196 587 44 19 mot
264 586 71 27 ohägn
358 588 57 19 samt
437 588 33 20 att
494 586 78 27 hvarje
595 587 55 21 sken
673 586 25 21 af
711 586 65 21 dessa
792 585 100 22 markers
909 585 35 21 be-

194 621 99 27 lastning
316 622 48 21 med
388 622 95 21 servitut
505 623 40 20 bör
560 622 115 21 undvikas.
709 622 117 21 Utskottet
841 621 40 21 har
897 621 48 20 där-

194 656 35 22 för
244 658 114 21 betraktat
374 658 37 22 det
427 664 45 16 som
489 664 27 16 en
531 658 105 28 själfklar
647 658 47 27 sak,
706 660 33 19 att
749 657 83 22 laftäkt
842 657 12 21 å
866 657 78 21 krono-

194 693 89 22 marker
298 693 119 22 framdeles
433 694 62 22 såväl
512 700 46 16 som
574 694 71 22 hittils
661 694 40 21 bör
716 694 23 21 få
755 694 41 20 ske
807 693 78 21 endast
895 692 49 22 med

193 729 166 22 vederbörande
384 730 201 27 forsttjänstemans
609 730 107 21 tillåtelse
739 730 40 20 och
804 729 70 27 enligt
888 729 56 21 hans

194 765 148 27 anvisningar.
364 766 45 21 För
424 766 141 22 bevakandet
577 765 25 22 af
612 766 27 21 de
650 766 117 26 intressen,
780 765 77 21 hvilka
867 764 75 22 Forst-

194 801 112 27 styrelsen
321 802 8 20 i
345 802 61 21 detta
421 802 157 26 sammanhang
594 802 79 21 främst
689 802 59 21 velat
764 801 123 27 tillgodose,
905 801 39 21 har

192 836 118 22 Utskottet
332 837 98 21 däremot
454 840 73 18 ansett
544 837 37 21 det
596 836 134 28 fullkomligt
745 837 116 27 likgiltigt,
878 837 66 20 huru-

193 872 51 21 vida
260 872 43 22 den
319 873 24 21 af
356 872 235 28 forsttjänstemännen
607 873 104 22 utöfvade
727 873 125 21 kontrollen
864 875 26 19 är
900 872 43 22 för-

193 908 89 22 bunden
298 908 48 22 med
363 915 26 15 en
406 909 99 27 uppbörd
521 909 25 21 af
560 908 90 28 afgifter
666 909 56 21 eller
738 909 26 27 ej.

265 944 35 21 Då
322 944 93 22 sålunda
438 945 71 27 enligt
529 945 127 21 Utskottets
673 944 88 28 mening
777 944 51 27 inga
844 944 100 27 vägande

193 980 50 21 skäl
255 980 35 21 för
300 980 226 27 laftäktsafgifternas
537 980 155 22 bibehållande
703 980 120 22 föreburits
834 980 25 21 af
867 980 76 22 Forst-

192 1016 118 27 styrelsen,
335 1016 40 21 har
394 1016 115 22 Utskottet
531 1017 61 21 velat
614 1017 89 27 föreslå,
728 1019 32 19 att
784 1016 78 22 nämda
878 1016 66 28 afgift

192 1052 70 21 måtte
285 1052 104 22 bortfalla
411 1053 58 21 inom
492 1053 167 27 Lappmarkens
682 1053 76 27 härad,
778 1052 40 22 där
835 1052 108 22 laftäkten

191 1089 67 26 utgör
282 1090 32 19 ett
329 1087 112 23 lifsvilkor
457 1088 34 22 för
507 1089 164 27 befolkningen,
688 1089 40 21 och
745 1089 41 21 den
804 1089 70 21 hittils
891 1095 52 20 upp-

192 1124 71 21 burna
286 1123 93 28 afgiften
404 1137 27 2 —
454 1127 27 19 25
505 1125 68 26 penni
596 1125 35 21 för
655 1125 69 22 lasset
743 1137 29 3 —
788 1131 66 20 synes
870 1120 74 26 hafva

191 1159 69 22 känts
276 1160 85 26 ganska
376 1160 127 27 tryckande.
530 1161 46 21 För
591 1161 120 26 åtgärdens
727 1160 167 22 inskränkande
910 1160 34 21 till

191 1194 156 27 Lappmarken
364 1196 57 21 talar
437 1196 41 21 den
495 1196 191 27 omständigheten
703 1198 33 19 att
752 1196 37 21 det
805 1196 7 21 i
825 1196 119 27 skogshus-

192 1230 142 27 hållningens
350 1231 95 22 intresse
461 1231 49 22 icke
526 1234 26 19 är
568 1232 49 21 skäl
634 1234 32 19 att
677 1232 103 21 befordra
790 1231 154 22 renskötselns

191 1266 137 27 utbredning
343 1269 45 19 mot
403 1267 112 27 sydligare
531 1267 93 27 trakter,
640 1268 40 21 där
688 1267 116 22 renlafven
815 1267 50 22 icke
875 1269 70 20 växer

192 1301 25 21 så
241 1301 74 28 frodig
336 1303 56 21 eller
415 1302 147 23 förekommer
584 1304 7 21 i
608 1303 68 22 sådan
692 1303 87 27 mängd,
797 1305 33 19 att
845 1303 98 27 renhjor-

192 1337 70 22 darna
282 1338 74 22 kunde
375 1338 98 23 utfodras
490 1339 79 22 endast
585 1339 96 27 därmed,
698 1339 91 22 hvarför
805 1345 49 15 man
870 1339 74 22 blefve

190 1374 101 26 tvungen
306 1376 34 19 att
355 1374 100 27 tillgripa
473 1375 137 28 granlafven,
628 1375 34 22 för
676 1376 66 21 hvars
754 1375 129 22 erhållande
894 1375 50 21 träd

191 1409 71 22 måste
278 1409 71 22 fällas.

264 1445 122 27 Angående
401 1452 27 15 en
445 1447 113 21 eventuelt
574 1447 95 27 behöflig
682 1447 115 27 reglering
808 1445 24 22 af
840 1446 104 22 laftäkts-

265 1493 108 18 Allmänna
385 1493 185 19 Petitionsutskottets
584 1495 116 17 betänkande
713 1494 37 18 N:o
763 1494 28 18 15.
