1073 1748
231 181 13 20 6

202 251 38 21 vid
267 251 112 22 klassiska
404 252 81 27 lyceer,
512 251 115 22 förefaller
651 251 38 22 det
711 257 36 16 oss
767 251 134 27 naturligast
921 253 33 19 att

202 287 65 22 dessa
282 287 96 28 tjänster
393 287 73 22 skulle
482 287 49 22 med
547 287 106 22 afseende
669 288 14 21 å
694 287 169 28 dispensfrågan
873 287 80 22 under-

202 323 77 22 kastas
300 323 27 22 de
345 323 36 22 för
397 323 68 22 andra
481 323 95 22 lektors-
592 323 40 22 och
649 323 184 28 kollegatjänster
849 323 103 27 gällande

203 359 200 27 bestämningarna.
434 359 11 21 I
467 359 73 22 denna
562 359 61 22 åsikt
647 359 89 27 styrkas
752 359 23 22 vi
791 359 66 22 äfven
873 359 24 21 af
911 359 42 21 den

202 395 199 27 omständigheten,
421 397 40 25 att,
477 395 50 22 med
543 395 104 22 afseende
663 395 14 22 å
693 395 37 22 det
745 395 91 27 slutliga
851 395 102 27 afgöran-

204 431 38 21 det
257 431 14 21 å
286 431 79 27 högsta
381 433 34 20 ort
431 431 26 22 af
473 433 90 20 senaste
586 431 118 28 landtdags
725 431 92 27 petition
841 431 7 21 i
872 437 82 15 samma

202 465 71 28 fråga,
298 467 89 27 mycket
407 467 64 28 ringa
494 467 58 27 hopp
572 467 65 22 torde
651 467 120 22 förefinnas
787 469 32 19 att
835 473 30 15 nu
880 466 23 22 få
917 467 37 21 till

202 502 66 21 stånd
283 503 70 27 några
369 509 59 16 mera
444 503 135 22 omfattande
594 503 161 28 förändringar.

274 538 77 23 Under
367 539 82 22 sådana
465 539 190 27 omständigheter
671 539 56 28 våga
739 539 22 22 vi
771 539 114 22 vördsamt
895 538 57 22 före-

201 573 34 22 slå
251 576 33 19 att
300 574 124 22 Ständerna
439 575 54 22 ville
508 575 78 22 förena
602 575 35 27 sig
652 582 34 15 om
703 581 26 16 en
745 575 92 27 petition
853 575 75 21 därom

488 637 32 20 att
542 636 83 21 kvinna
648 636 115 26 beviljades
783 637 46 20 rätt
851 637 32 20 att
898 637 55 20 utan

416 671 79 22 hinder
515 672 29 26 af
560 673 38 20 sitt
619 672 43 21 kön
677 672 53 21 söka
745 673 60 20 samt
820 671 53 27 efter
888 671 66 22 skick-

417 707 64 28 lighet
504 708 38 21 och
563 708 109 27 förtjänst
694 708 69 21 vinna
786 707 120 27 befordran
921 708 33 21 till

417 743 173 27 lektorstjänster
620 743 37 22 vid
689 743 90 27 kvinligt
806 744 147 21 seminarium

416 781 59 20 samt
491 779 264 26 arvodesläraretjänster
770 780 8 20 i
793 779 104 26 teckning,
910 779 43 21 kal-

417 815 73 26 ligrafi
513 815 38 22 och
566 814 57 28 säng
639 815 37 22 vid
691 815 70 26 lyceer
777 815 37 21 och
830 815 123 21 elementar-

417 851 78 21 skolor.

271 908 148 29 Helsingfors,
436 910 43 21 den
495 912 28 19 30
541 916 57 15 mars
617 912 62 19 1897.

307 975 15 21 J.
339 975 118 22 Päivärinta.
719 976 19 21 A.
755 976 90 20 Auvinen.
