1070 1745
391 182 276 23 Petitionsbetänkande
684 182 45 23 N:o
744 183 36 22 13.

509 628 158 28 Reservation.

278 698 69 22 Enär
375 699 115 29 samtliga
510 699 74 22 stånd
603 699 66 22 varit
688 705 59 16 ense
766 706 39 15 om
824 699 138 22 önskvärd-

208 732 75 22 heten
302 732 78 27 deraf,
403 734 35 21 att
456 734 78 28 nådig
552 734 156 28 proposition
725 734 36 22 till
774 734 44 28 lag
831 734 131 28 angående

210 767 110 22 svenska
345 768 46 21 och
409 768 83 22 finska
512 768 122 28 språkens
653 768 163 29 likställighet
834 768 43 22 vid
896 768 66 22 dom-

209 801 79 22 stolar
306 802 45 22 och
371 802 271 29 embetsmyndigheter
660 803 8 21 i
681 802 106 22 Finland
800 803 77 21 måtte
892 802 70 23 Stän-

209 836 80 22 derna
307 836 152 30 föreläggas,
478 844 56 15 men
554 837 66 22 olika
639 838 131 28 meningar
790 837 25 22 af
833 837 31 22 de
881 837 80 22 skilda

208 870 107 22 stånden
342 871 103 22 uttalats
464 871 158 22 beträffande
642 878 30 15 en
691 872 40 21 del
751 872 25 21 af
794 872 31 21 de
844 872 117 28 stadgan-

207 904 49 22 den
284 905 164 29 lagförslaget
474 905 79 22 borde
590 906 134 26 innehålla,
753 906 66 22 hade
840 906 121 22 utskottet

207 939 44 22 vid
280 940 177 28 uppgörandet
484 941 26 21 af
536 941 42 22 sitt
608 940 354 29 sammanjemkningsförslag

208 973 80 29 enligt
314 974 46 22 vår
388 974 65 22 åsikt
479 975 58 22 bort
564 975 62 22 söka
649 981 31 16 en
704 975 134 28 medelväg
857 975 104 22 emellan

207 1008 120 22 ståndens
355 1009 66 22 olika
452 1009 87 26 beslut,
559 1009 8 22 i
585 1009 96 22 hvilket
701 1009 118 22 afseende
838 1009 123 29 Borgare-

207 1042 113 23 ståndets
348 1043 90 26 beslut,
467 1050 53 15 som
546 1044 74 22 äfven
639 1045 112 21 närmast
769 1044 192 21 öfverensstäm-

207 1083 53 16 mer
288 1077 55 22 med
371 1077 137 23 bestående
538 1079 184 25 förhållanden,
742 1078 57 22 bort
817 1079 89 28 läggas
925 1078 36 22 till

207 1112 97 28 grund;
324 1112 59 22 eller
402 1113 46 21 ock
467 1113 65 22 hade
551 1113 128 26 utskottet,
699 1114 8 21 i
723 1113 167 22 betraktande
903 1113 58 29 jem-

206 1146 42 22 väl
274 1146 78 26 deraf,
376 1148 35 20 att
430 1147 67 22 detta
517 1148 122 22 svårlösta
661 1148 93 22 ärende
773 1154 34 15 nu
826 1147 135 29 föreligger

208 1180 107 22 allenast
342 1181 83 22 såsom
452 1182 104 28 petition
584 1182 45 22 och
654 1182 8 22 i
681 1182 125 22 särskilda
826 1182 135 22 afseenden

206 1214 87 23 kunde
311 1215 101 28 påkalla
431 1216 87 22 vidare
537 1216 144 29 utredning,
700 1216 59 22 bort
770 1216 140 22 inskränka
923 1216 38 29 sig

207 1249 34 20 till
264 1250 36 21 att
318 1250 90 22 föreslå
431 1250 126 22 aflåtande
576 1251 26 21 af
619 1258 31 14 en
669 1251 161 28 underdånig
848 1250 111 28 petition,

207 1284 55 21 deri
282 1284 150 27 Ständerna,
454 1285 56 22 med
529 1285 182 22 framhållande
732 1285 25 22 af
775 1285 31 22 de
825 1285 67 22 olika
906 1292 55 21 syn-

207 1317 117 28 punkter,
353 1325 53 16 som
434 1319 43 22 vid
505 1319 116 22 ärendets
648 1319 156 29 behandling
834 1319 68 28 gjort
923 1319 38 29 sig

207 1352 126 28 gällande,
363 1353 90 22 endast
476 1353 80 22 skulle
576 1354 100 22 anhålla
695 1361 40 14 om
753 1353 79 29 nådig
850 1354 111 27 proposi-

206 1386 54 22 tion
288 1387 7 21 i
323 1387 90 22 ämnet.
459 1388 37 21 Då
525 1388 120 22 utskottet
673 1388 137 22 emellertid
835 1387 127 22 utarbetat

206 1422 381 29 sammanjemkningsförslaget
608 1423 32 28 på
660 1423 79 21 basen
762 1422 25 22 af
805 1423 156 21 reservation

206 1455 34 26 II,
270 1455 103 23 hvilken
401 1457 127 22 omfattats
548 1457 89 22 endast
657 1457 25 22 af
700 1458 92 21 tvenne
812 1456 81 27 stånd,
914 1463 47 15 me-

206 1489 51 22 dan
278 1490 111 23 deremot
404 1491 105 29 behörig
528 1491 99 28 hänsyn
646 1491 53 22 icke
719 1491 75 29 tagits
814 1491 36 22 till
869 1491 30 22 de
918 1491 43 22 två
