1092 1739
308 136 213 22 Motionsbetänkande
537 136 33 22 N:o
585 136 20 21 4.

384 434 266 22 Ekonomiutskottets
675 434 162 21 betänkande

287 469 33 21 N:o
344 469 13 21 6
378 469 4 21 i
399 468 107 27 anledning
529 468 20 22 af
571 468 29 22 ett
615 468 52 21 inom
684 467 154 22 Presteståndet

286 503 115 21 framstäldt
412 503 163 26 motionsförslag
587 508 32 16 om
630 502 84 27 ändring
725 502 20 21 af
762 502 3 21 1
778 507 59 16 mom.

290 538 8 20 1
317 538 13 27 8
346 537 53 21 samt
414 537 13 21 6
443 537 37 21 och
496 537 28 21 25
540 536 22 28 $$
576 537 4 21 i
590 536 94 28 gällande
696 536 141 27 förordningar

288 571 105 27 angäende
410 571 119 27 försäljning
545 571 38 21 och
596 571 132 27 utskänkning
744 571 21 21 af
780 570 58 22 malt-

289 606 89 27 drycker.

150 674 64 22 Frän
224 674 176 22 Presteständet
411 674 42 21 har
464 673 238 25 Ekonomiutskottet,
711 673 8 21 i
729 672 110 22 afseende

83 709 13 21 3
112 709 45 21 den
172 709 30 28 pä
216 708 116 22 utskottet
350 708 170 21 ankommande
539 707 150 29 behandling,
705 707 47 21 fätt
767 709 72 19 emot-

82 745 57 27 taga
161 745 35 20 ett
218 742 196 28 motionsförslag,
438 742 92 22 hvilket
553 742 75 21 såsom
650 742 79 28 bilaga
745 741 94 29 åtföljer

84 778 64 21 detta
164 777 154 22 betänkande.
614 772 2 2 I

152 886 48 21 Vid
222 886 177 28 granskningen
420 885 27 22 af
464 885 39 22 det
518 885 135 29 lagförslag,
669 885 170 22 motionärerne

84 920 111 29 framlagt
211 919 38 22 till
264 920 143 21 Ständernas
417 919 209 30 grundlagsenliga
637 919 149 28 behandling,
798 919 42 21 har

84 955 116 21 utskottet
221 955 61 28 tagit
300 955 8 20 i
324 955 181 28 öfvervägande,
528 954 116 22 huruvida
667 954 124 28 förslagets
807 953 34 22 af-

84 989 105 28 fattning
212 991 130 20 motsvarar
364 989 28 21 de
413 989 140 28 fordringar,
574 989 131 22 Ständerna
719 989 30 28 pä
763 987 78 29 grund

85 1023 27 21 af
125 1023 140 28 stadgandet
280 1023 8 22 i
303 1025 13 26 $
331 1024 27 21 51
374 1023 27 21 af
414 1023 25 21 L.
458 1023 33 27 O.,
507 1023 82 21 sådant
601 1023 64 21 detta
675 1023 91 28 lagrum
774 1022 67 29 lyder

84 1058 9 21 i
108 1057 86 28 nädiga
210 1057 134 22 manifestet
360 1057 26 22 af
400 1057 45 22 den
460 1058 28 21 25
504 1057 57 22 Juni
577 1057 62 26 1886,
654 1057 57 22 böra
727 1057 70 21 ställa
811 1056 30 29 pä

85 1099 29 14 en
130 1091 37 22 till
183 1091 66 22 deras
265 1091 177 29 handläggning
458 1091 115 22 aflemnad
588 1092 96 25 motion,
698 1091 43 22 och
751 1091 91 21 hvilket

85 1125 129 29 stadgande
236 1126 78 28 gifver
336 1126 41 21 vid
395 1125 100 29 handen,
515 1126 71 21 bland
602 1128 78 23 annat,
696 1128 35 19 att
748 1125 93 29 ,hvarje

85 1159 90 22 motion
197 1159 43 22 bör
262 1160 118 21 innehålla
400 1160 28 21 de
449 1160 59 28 skäl,
524 1160 88 29 hvarpä
627 1160 44 21 den
687 1163 26 18 är
727 1159 114 30 grundad,

86 1194 43 21 och
151 1193 95 29 ätföljas
266 1194 26 21 af
305 1194 8 21 i
328 1195 101 28 lagform
451 1195 112 21 affattadt
578 1195 89 28 förslag
681 1194 38 22 till
734 1194 108 29 äsyftade

85 1228 147 29 stadganden
247 1229 9 20 i
271 1231 99 19 ämnet*.

154 1263 46 20 Det
223 1263 163 28 föreliggande
405 1263 215 28 motionsförslaget
635 1263 42 21 har
692 1263 83 21 härvid
791 1263 52 21 fun-

85 1297 48 21 nits
148 1304 58 14 vara
220 1297 125 21 behäftadt
359 1297 53 22 med
427 1297 106 28 följande
549 1297 91 22 brister.

155 1331 90 21 Genom
264 1331 44 21 den
328 1331 128 28 affattning
472 1331 228 29 förslagsställarene
715 1331 72 28 gifvit
801 1333 13 26 $
831 1331 11 20 1

85 1365 74 22 måste
174 1373 60 20 man,
244 1365 40 22 vid
297 1365 134 29 jemförelse
447 1366 54 21 med
516 1366 163 21 motsvarande
694 1367 13 26 $
722 1366 27 21 af
756 1365 87 28 nådiga

86 1399 170 29 förordningen
270 1400 9 21 i
294 1402 85 24 ämnet,
399 1400 83 29 gifven
501 1400 44 22 den
561 1401 13 21 9
589 1400 58 22 Juni
663 1400 62 26 1892,
741 1407 49 15 som
805 1399 39 22 be-

85 1434 117 22 träffande
218 1434 92 26 minsta,
322 1434 38 22 till
374 1434 154 29 afhemtning
538 1435 54 21 frän
601 1434 112 29 bryggeri
723 1434 120 29 medgifna

156 1470 192 20 Ekonomiutskottets
364 1470 116 20 betänkande
495 1470 39 20 N:o
550 1471 18 19 6.
