1092 1731
232 181 12 21 2
369 181 83 23 Ständ.
470 182 56 22 Mot.
541 195 29 2 —
585 182 154 23 Motiunsbet.
757 182 43 23 N:o
815 182 36 23 13.

236 252 64 21 1889
330 253 120 28 angående
475 253 107 21 enskilda
608 253 127 28 järnvägar
762 253 36 21 för
825 253 85 22 allmän
931 261 58 14 sam-

233 286 93 22 färdsel.

303 321 54 22 Med
379 321 45 22 den
446 322 8 21 i
476 321 72 29 sagda
566 323 103 20 moment
687 321 98 29 intagna
804 321 185 30 bestämningen,

234 357 35 20 att
291 355 134 30 aktiebolag
446 356 36 21 för
504 358 35 19 att
567 355 88 22 erhålla
677 356 137 21 koncession
837 357 13 20 å
870 357 119 28 järnvägs-

234 390 146 29 anläggning
409 391 43 21 bör
483 398 43 21 ega
559 392 34 19 ett
624 390 162 29 aktiekapital,
817 391 172 28 öfverstigande

234 424 91 22 hälften
348 425 23 21 af
392 425 45 21 den
460 425 150 28 erforderliga
632 425 295 28 anläggningskostnaden,
949 425 41 22 har

234 459 82 21 afsetts
344 461 34 20 att
404 459 142 22 tillförsäkra
575 459 176 29 anläggningen
775 459 138 30 tillräckligt
937 462 53 26 eget

234 493 98 29 kapital,
360 495 26 20 så
413 496 34 19 att
474 494 40 21 det
538 493 92 30 belopp,
659 501 49 14 som
735 494 89 21 komme
851 497 34 18 att
907 502 83 21 genom

235 528 40 21 lån
302 528 124 28 anskaffas,
458 529 51 21 icke
536 529 71 21 måtte
638 529 127 28 öfverstiga
795 528 106 29 bolagets
931 537 59 20 egna

235 563 225 28 kapitaltillgångar.
496 563 91 21 Härvid
615 563 41 21 bör
683 563 129 22 emellertid
834 563 102 28 beaktas,
955 565 36 19 att

234 597 76 28 bolag,
330 597 80 22 hvilka
433 598 47 21 afse
502 597 177 29 järnvägsdrift,
702 598 68 21 äfven
789 599 57 20 utan
865 599 35 20 att
917 597 73 22 anlita

234 631 78 22 kredit
339 632 80 21 kunna
446 639 83 22 genom
557 632 140 21 subvention
725 632 57 21 eller
800 632 191 29 kapitaltillskott

235 665 88 22 erhålla
350 667 36 21 för
412 666 299 29 järnvägsanläggningens
734 666 123 22 utförande
879 666 111 22 erforder-

234 701 49 28 liga
310 701 81 21 medel.
434 701 11 21 I
472 701 155 22 betraktande
655 701 67 22 häraf
742 701 112 28 föreslogs
875 701 7 21 i
905 709 28 14 en
955 700 36 21 till

236 735 132 22 Ständerna
390 736 40 21 vid
455 736 64 21 1894
541 737 36 20 års
603 735 116 29 landtdag
741 735 85 22 aflåten
849 735 72 29 nådig
940 743 51 21 pro-

235 769 110 28 position,
360 772 64 20 utom
443 772 78 25 annat,
540 770 101 29 ändring
659 770 24 21 af
700 769 135 22 förberörda
849 771 12 20 2
870 765 11 38 &
900 770 12 26 i
924 769 67 28 syfte,

236 806 36 19 att
290 804 135 29 aktiebolag
452 805 36 21 för
510 807 35 19 att
567 804 88 22 erhälla
677 804 137 22 koncession
839 805 12 20 &
872 805 119 28 järnvägs-

236 839 146 28 anläggning
407 839 71 21 borde
506 839 92 28 förfoga
619 839 65 22 öfver
703 841 34 19 ett
756 839 160 28 aktiekapital,
935 846 55 19 som,

236 875 90 20 ensamt
344 873 36 22 för
398 874 36 28 sig
453 873 56 22 eller
528 873 79 22 tillökt
625 873 53 22 med
696 873 112 29 möjligen
821 873 102 28 beviljad
938 873 52 21 sub-

236 908 104 27 vention,
360 908 130 28 öfverstege
508 907 89 22 hälften
620 908 23 21 af
662 907 45 22 den
726 907 151 29 erforderliga
897 907 94 28 anlägg-

236 942 209 29 ningskostnaden.
488 943 71 20 Detta
587 942 200 29 ändringsförslag
813 944 82 27 antogs
922 941 68 22 äfven

236 977 23 20 af
291 977 137 28 Ständerna,
456 984 52 14 men
535 977 82 28 frågan
644 977 79 21 förföll
750 976 23 21 af
803 976 126 29 anledning
955 977 35 20 att

235 1011 176 28 propositionen
430 1011 8 21 i
452 1011 70 28 öfrigt
535 1011 51 22 icke
599 1011 139 28 obetingadt
750 1010 141 29 godkändes.
921 1011 69 20 Före-

235 1045 111 29 liggande
365 1045 188 29 motionsförslag
571 1045 60 22 afser
649 1053 32 14 nu
697 1047 35 20 att
748 1046 153 27 återupptaga
913 1045 77 20 denna

234 1079 236 30 lagstiftningsfråga.

304 1114 66 21 Flere
393 1114 198 29 omständigheter
613 1114 57 28 tyda
691 1114 36 21 för
745 1113 145 22 närvarande
909 1113 78 28 därpå,

234 1151 35 19 att
296 1148 41 22 hos
368 1157 36 13 oss
431 1149 284 28 järnvägsanläggningar
739 1149 8 20 i
775 1156 28 13 en
825 1155 53 14 snar
895 1147 95 22 framtid

235 1183 36 21 uti
298 1183 72 28 högre
398 1184 58 28 grad
484 1187 29 17 än
534 1183 84 21 hittills
640 1183 92 21 komma
750 1185 36 19 att
804 1183 73 21 blifva
895 1181 94 22 föremål

235 1218 36 21 för
298 1218 92 21 enskild
412 1218 187 28 företagsamhet,
619 1218 43 21 och
680 1225 55 14 vore
754 1217 75 29 enligt
847 1216 142 22 Ständernas

235 1252 95 28 mening
358 1260 28 13 en
405 1252 45 22 slik
477 1252 104 27 tendens,
603 1252 52 21 med
676 1252 92 28 hänsyn
786 1251 37 21 till
841 1251 39 21 det
898 1251 91 28 privata

234 1286 140 22 initiativets
402 1287 119 28 betydelse
549 1286 36 22 för
605 1286 157 28 uppkomsten
781 1286 24 21 af
823 1286 96 21 bibanor
937 1285 52 21 från

233 1321 93 21 landets
351 1321 290 28 stambanesträckningar,
660 1321 99 28 förtjent
785 1320 22 21 af
830 1322 35 19 att
885 1320 8 20 i
914 1319 74 29 möjli-

234 1358 67 26 gaste
325 1357 73 19 måtto
424 1358 152 26 uppmuntras
599 1354 43 22 och
663 1354 171 29 understödjas.
872 1354 11 21 I
906 1353 83 22 sådant

234 1389 109 22 afseende
362 1390 73 21 måste
454 1390 39 21 det
510 1397 56 14 vara
584 1390 148 28 lagstiftaren
751 1388 124 29 angeläget
893 1390 34 20 att
943 1387 46 21 till-

232 1425 106 27 mötesgå
355 1424 123 28 yrkanden
498 1425 29 27 på
545 1423 193 29 undanrödjande
764 1424 23 20 af
810 1422 178 28 bestämningar,

233 1458 81 22 hvilka
333 1459 80 21 kunna
434 1459 72 21 verka
527 1458 137 22 hämmande
682 1459 30 27 på
730 1458 155 28 uppkomsten
903 1457 23 21 af
944 1456 45 28 pri-

233 1495 55 19 vata
315 1493 208 29 järnvägsföretag,
553 1492 78 22 såvidt
658 1492 65 22 detta
745 1492 48 22 kan
820 1492 40 21 ske
878 1494 58 18 utan
955 1492 34 20 att
