1073 1748
210 178 26 19 10

208 250 82 22 sådana
312 250 74 22 skolor
410 249 70 22 finnas
503 250 7 21 i
534 250 65 22 södra
621 250 63 22 delen
701 249 25 22 af
739 249 81 23 landet.
851 249 68 23 Detta
934 252 26 20 är

208 286 50 22 icke
274 286 96 22 rättvist.
393 286 33 27 Ty
437 285 66 23 äfven
515 286 33 26 de,
560 286 88 22 hvilkas
660 286 69 21 hårda
741 286 42 21 lott
794 286 38 22 det
843 285 73 23 blifvit
927 288 33 20 att

206 323 28 20 bo
250 322 63 27 långt
329 322 73 21 skilda
418 322 50 21 från
484 322 131 27 hvarandra,
633 323 38 20 äro
687 321 8 21 i
710 321 69 22 behof
793 322 24 21 af
823 323 135 26 utveckling,

206 359 41 21 och
268 358 42 22 den
330 358 120 21 moraliska
469 358 86 26 plikten
571 357 98 28 kräfver,
686 359 33 20 att
735 357 147 23 fosterlandet
897 359 61 26 ihåg-

207 394 98 22 kommer
322 393 65 22 äfven
404 394 54 21 dem.
489 394 32 21 Ur
537 394 122 21 rättvisans
675 394 114 27 synpunkt
805 396 25 19 är
841 395 116 21 österbott-

207 430 120 27 ningarnas
344 430 102 21 anhållan
462 429 8 22 i
486 429 146 22 förevarande
649 429 104 22 afseende
770 430 101 22 hvarken
882 430 76 27 obillig

208 466 55 22 eller
278 465 98 28 förtidig.

278 502 50 21 Man
350 502 40 21 har
412 502 61 22 velat
491 502 70 27 påstå,
579 503 33 20 att
627 501 167 28 innebyggarne
810 501 8 22 i
833 501 124 28 Uleåborgs

205 539 37 20 län
258 539 56 27 icke,
330 538 50 21 med
401 537 104 22 afseende
521 538 13 21 å
550 537 27 22 de
593 537 143 22 döfstummas
753 537 204 22 frambefordrande

204 574 36 21 till
260 575 68 26 skola,
345 574 29 27 på
389 574 72 27 grund
477 573 24 22 af
514 574 154 27 vägalängden
685 574 74 21 skulle
774 575 28 20 ha
819 576 72 20 större
907 574 50 21 skäl

205 610 35 21 till
262 610 111 27 klagomål
396 616 35 21 nu,
456 612 27 19 än
505 610 8 21 i
536 610 107 22 händelse
664 617 26 15 en
708 610 62 27 dylik
787 611 82 22 anstalt
884 610 72 22 skulle

204 646 96 22 inrättas
323 646 8 21 i
347 646 119 27 Ulebåorg,
483 648 54 19 enär
553 647 72 20 länets
641 646 152 27 innebyggare
815 647 7 21 i
841 647 43 21 alla
903 647 53 20 hän-

204 681 75 22 delser
300 688 53 16 vore
374 681 127 22 nödsakade
522 684 33 19 att
573 681 49 22 föra
638 682 34 21 sin
689 681 132 22 döfstumma
837 675 35 28 till
888 682 68 27 sagda

204 717 56 28 stad,
273 717 37 22 det
321 723 53 16 vore
384 717 114 28 likgiltigt,
510 723 34 16 om
555 723 50 16 man
616 717 63 22 förde
690 717 27 22 de
728 717 132 22 döfstumma
870 718 35 21 till
915 718 40 27 Jy-

204 754 100 27 väskylä,
322 753 84 27 Kuopio
418 753 55 22 eller
482 753 117 27 Uleåborg,
609 753 28 22 då
645 754 62 21 såväl
717 753 130 22 döfstumma
857 760 45 15 som
911 753 36 22 de-

202 795 38 16 ras
256 789 94 22 vårdare
365 788 67 23 hafva
443 789 43 21 fria
496 795 62 16 resor
569 789 28 27 på
605 789 103 28 järnväg.
733 789 11 21 I
761 789 120 28 anledning
891 789 64 22 häraf

204 825 75 22 kunde
295 825 135 21 framställas
446 824 85 28 frågan,
549 824 91 23 hvarför
655 825 50 22 icke
721 825 44 22 alla
783 825 171 22 döfstumskolor

203 861 106 21 inrättats
325 863 15 19 t.
357 867 33 15 ex.
406 861 7 21 i
429 861 120 27 Uleåborg;
566 863 24 25 ty
601 860 67 23 äfven
679 861 33 21 dit
722 861 45 21 kan
778 867 50 15 man
836 861 25 28 ju
870 861 84 22 komma

203 897 85 21 medels
303 897 101 27 järnväg.
426 897 51 21 Men
493 897 37 21 det
545 899 26 19 är
582 903 27 15 en
621 896 118 28 själffallen
751 897 46 28 sak,
809 900 39 25 att,
860 898 92 21 likasom

202 932 38 22 det
263 935 26 19 är
310 933 62 21 svårt
394 932 34 22 för
447 933 150 22 innevånarne
613 933 8 21 i
636 932 87 22 landets
739 933 89 27 sydliga
843 933 61 22 delar
920 935 33 19 att

201 968 70 22 sända
292 969 48 21 sina
359 968 131 22 döfstumma
511 968 35 22 till
567 968 92 28 aflägset
678 969 95 27 belägna
788 969 163 27 läroanstalter,

201 1004 25 22 så
250 1005 71 21 måste
345 1004 62 22 detta
429 1011 53 16 vara
506 1005 124 27 besvärligt
645 1004 68 22 äfven
728 1004 36 22 för
778 1005 151 22 innevånarne
944 1005 8 21 i

200 1040 88 22 landets
309 1046 66 16 norra
395 1040 93 22 trakter.
520 1040 46 22 Och
587 1047 33 15 om
640 1040 66 22 äfven
723 1040 27 22 de
766 1041 130 21 döfstumme
912 1041 40 21 och

200 1076 66 22 deras
283 1076 94 22 vårdare
393 1076 86 28 åtnjuta
494 1076 29 22 fri
539 1082 50 16 resa
605 1077 29 26 på
647 1076 102 28 järnväg,
767 1077 25 21 så
808 1076 98 22 medföra
916 1083 35 15 re-

200 1118 66 15 sorna
278 1112 55 22 dock
343 1112 138 22 tidsutdräkt
492 1112 39 21 och
542 1112 121 22 kostnader
674 1112 34 22 för
719 1112 129 22 vårdarena.
862 1112 89 28 Frågan

199 1147 74 28 gäller
294 1148 111 22 dessutom
426 1148 20 27 ej
469 1148 55 21 blott
547 1148 115 22 elevernas
683 1154 62 16 resor
761 1148 35 22 till
811 1148 41 22 och
868 1148 82 22 afhäm-

199 1184 69 22 tande
291 1184 50 22 från
366 1184 83 22 skolan.
465 1180 13 37 .
480 1184 122 22 Föräldrar
626 1184 55 22 eller
705 1184 69 22 andra
793 1184 158 22 anförvandter

198 1220 75 22 kunde
294 1220 108 21 måhända
419 1220 69 22 under
503 1220 75 27 loppet
593 1220 26 21 af
632 1220 98 22 läseåret
746 1220 69 22 önska
830 1220 66 22 träffa
912 1220 39 22 sitt

198 1256 56 21 barn
270 1257 55 21 eller
341 1257 35 20 sin
392 1257 105 27 släkting,
513 1257 70 21 önska
594 1256 83 21 tillföra
689 1257 48 21 dem
749 1258 113 20 matvaror
872 1263 17 14 o.
902 1262 16 15 s.
928 1263 21 15 v.

197 1291 11 22 I
225 1292 106 21 händelse
347 1298 27 15 en
391 1291 160 22 döfstumskola
566 1292 123 21 inrättades
706 1292 6 21 i
729 1292 119 27 Uleåborg,
859 1291 90 22 hvilken

198 1328 49 21 stad
270 1330 64 25 utgör
359 1328 171 27 medelpunkten
554 1327 35 22 för
612 1328 51 21 hela
686 1334 66 15 norra
775 1327 97 22 Finland
887 1327 63 22 och
936 1323 17 36 i

197 1363 82 22 affärer
299 1363 94 22 besökes
414 1363 25 22 af
458 1364 50 21 hela
523 1363 38 22 det
576 1363 127 22 vidsträkta
718 1363 73 22 länets
807 1363 141 28 innevånare,

196 1399 25 22 så
239 1405 53 16 vore
308 1399 65 22 dessa
389 1400 27 26 på
434 1400 47 21 sina
497 1400 125 21 stadsresor
638 1400 7 20 i
661 1399 91 22 tillfälle
767 1401 34 20 att
816 1401 53 20 utan
886 1401 63 20 extra

196 1435 121 22 kostnader
342 1435 162 22 sammanträffa
524 1436 49 21 med
595 1436 48 21 sina
663 1435 8 21 i
687 1435 78 22 skolan
781 1435 90 28 intagna
886 1435 62 27 barn,

196 1471 126 28 släktingar
343 1471 55 22 eller
414 1471 101 26 bekanta,
535 1471 115 22 hvaremot
673 1473 32 20 ett
728 1471 70 22 besök
821 1471 39 21 hos
884 1471 65 22 dessa
