1070 1748
235 174 13 21 2

205 239 25 22 af
243 240 112 22 enskildes
372 241 150 27 ansökningar
537 241 145 22 tvifvelsutan
694 241 57 22 skall
762 244 52 25 taga
825 241 86 28 hänsyn
921 242 35 21 till

205 275 59 22 hvad
280 275 109 28 behofvet,
407 277 107 20 särskildt
530 276 35 22 för
580 277 148 27 obemedlade,
741 277 34 22 för
786 277 62 22 tiden
858 277 98 22 kräfver.

278 311 109 28 Slutligen
403 313 74 20 kunna
493 312 22 22 vi
527 312 19 27 ej
558 312 72 23 lemna
641 313 121 27 oanmärkt,
775 313 103 22 hurusom
890 313 65 22 sträf-

205 347 82 22 vandet
307 349 33 20 att
361 354 78 21 genom
462 348 103 27 föredrag
585 349 38 21 och
638 349 142 21 ströskrifter
796 349 75 26 sprida
887 349 70 27 insigt

205 390 33 15 om
260 384 86 21 medlen
368 384 35 21 till
423 385 170 22 tuberkulosens
609 385 152 26 bekämpande
777 387 99 20 närmast
891 385 65 22 faller

205 420 57 21 inom
279 420 100 21 området
394 420 35 21 för
445 421 101 21 enskilda
562 420 139 27 föreningars
718 421 187 27 verkningskrets
917 421 38 21 och

204 458 33 19 att
253 455 86 28 företag
355 457 6 20 i
380 456 71 21 denna
466 457 101 26 riktning
583 457 46 21 helt
640 457 57 21 visst
708 457 63 21 skola
782 456 24 21 af
815 456 140 27 Regeringen

204 491 68 22 vinna
287 495 148 24 uppmuntran
451 493 39 21 och
507 493 125 21 understöd.

276 527 73 22 Jemte
373 528 37 21 det
432 528 23 21 vi
475 528 77 22 förena
571 535 36 15 oss
627 535 33 14 om
680 528 127 22 Utskottets
823 527 85 28 förslag
923 530 32 19 att

203 562 79 28 frågan
302 570 33 15 om
355 564 107 27 åtgärder
480 565 35 21 till
531 564 138 22 hämmandet
685 563 25 22 af
724 564 206 27 djurtuberkulosen
948 565 6 20 i

204 599 62 22 detta
284 601 158 26 sammanhang
457 601 49 22 icke
523 601 72 21 skulle
611 601 35 21 till
663 601 79 27 åtgärd
758 600 120 28 föranleda,
895 600 22 22 få
932 601 23 21 vi

204 635 28 27 på
248 635 65 22 ofvan
332 635 134 22 framhållna
482 637 50 21 skäl
548 636 111 23 vördsamt
675 636 84 21 föreslå
774 643 27 14 en
818 636 137 27 underdånig

204 671 91 27 petition
312 672 6 21 i
336 671 59 28 syfte

491 722 32 20 att
539 721 135 26 Regeringen
689 719 68 23 måtte
767 721 85 21 inrätta
864 722 27 19 ett
899 720 55 27 före-

419 757 108 20 trädesvis
540 757 38 26 för
593 757 134 20 obemedlade
739 757 134 26 lungsiktiga
884 756 70 27 afsedt

418 793 238 21 mönstersanatorium
667 793 51 20 eller
727 793 36 21 ock
773 798 78 21 genom
862 791 91 22 tillräck-

419 829 44 26 liga
478 829 232 26 penningeunderstöd
729 828 103 27 befordra
851 828 102 27 uppkom-

418 866 48 20 sten
481 865 28 27 af
521 871 26 15 en
563 865 102 21 liknande
681 864 82 21 anstalt
777 863 75 22 såsom
862 863 92 22 enskildt

416 900 86 27 företag
518 902 58 20 samt
592 901 8 21 i
616 900 67 27 öfrigt
693 900 89 26 vidtaga
798 900 26 21 de
840 898 113 28 åtgärder,

418 942 47 16 som
491 936 163 22 tuberkulosens
679 936 115 21 allmänna
820 935 134 26 utbredning

419 973 61 21 inom
495 972 74 21 landet
581 971 112 27 päkallar.

311 1030 46 22 Emil
375 1030 137 22 Cedercreutz.
620 1030 69 22 Arthur
705 1030 20 22 af
741 1030 105 22 Forselles.

498 1079 20 22 T.
533 1079 14 21 J.
564 1078 99 22 Boisman.

313 1483 110 18 Helsingfors,
433 1483 103 18 Osakeyhtiö
546 1483 61 14 Weilin
617 1484 12 13 &
640 1483 43 14 Göös
694 1482 105 18 Aktiebolag,
808 1483 40 14 1897.
