1092 1714
225 208 13 20 2
368 207 82 22 Ständ.
469 208 52 22 Pet.
536 220 29 2 —
580 207 155 23 Motionsbet.
752 207 42 22 N:o
809 206 36 23 12.

295 278 133 22 Närmaste
447 278 138 29 anledning
604 278 36 22 till
652 278 201 22 framställandet
867 278 25 22 af
904 278 79 28 sagda

225 312 97 30 förslag
340 313 46 21 har
405 313 65 21 varit
489 313 57 26 den,
567 314 35 21 att
621 313 31 22 de
665 312 251 30 dikningsnämnder,
931 318 52 16 som

227 347 83 22 blifvit
338 347 100 22 införda
463 348 7 21 i
495 348 69 21 vissa
584 348 70 21 delar
673 348 26 21 af
717 342 162 27 Österbotten
898 346 86 22 befun-

227 382 49 21 nits
296 388 62 15 vara
378 382 39 22 för
435 382 151 28 jordbruket
605 382 36 22 till
660 383 52 21 stor
731 383 69 27 nytta
821 382 45 21 och
891 383 34 19 ett
943 381 41 21 all-

227 417 121 21 männare
367 416 134 22 införande
521 416 25 22 af
562 416 128 22 desamma
704 416 86 22 därför
805 417 92 21 ansetts
912 415 72 22 önsk-

226 450 54 29 ligt.
309 450 115 22 Berörda
437 451 124 21 nämnder
574 451 97 28 åligger
685 452 35 21 att
733 450 97 29 årligen
840 450 144 22 undersöka

228 485 49 21 alla
307 485 67 21 inom
404 485 73 22 deras
506 486 103 21 område
639 485 132 29 befintliga
799 490 184 24 gemensamma

228 519 165 22 utfallsdiken
419 521 71 25 samt,
510 520 53 22 ifall
582 520 86 28 någon
688 520 130 28 delegares
838 518 146 23 dikesandel

228 554 32 21 då
279 554 115 22 befinnes
414 555 113 21 erfordra
541 555 210 25 iståndsättande,
765 554 87 22 därom
866 553 118 28 påminna

228 589 100 21 honom.
366 589 283 28 Dikningsnämnderna
674 589 139 22 bestämma
837 588 95 29 jämväl
953 587 31 22 de

228 623 82 22 skilda
333 623 163 29 delegarenes
516 623 267 29 dikningsskyldighet
802 623 6 22 i
827 621 157 24 förhållande

228 657 36 22 till
290 657 50 22 den
363 659 71 27 nytta
457 658 97 22 enhvar
574 658 25 22 af
617 658 69 22 diket
704 658 54 26 har,
778 657 53 22 ifall
850 657 69 28 dylik
937 656 48 22 för-

228 691 104 30 delning
350 692 69 22 förut
434 693 54 21 icke
502 693 122 22 existerar
638 693 59 21 eller
710 692 153 22 förändrade
877 691 108 28 odlings-

228 726 176 23 förhållanden
417 727 101 28 påkalla
534 727 109 28 ändring
655 727 8 21 i
676 727 49 22 den
736 727 68 22 förra
814 726 169 27 indelningen.

229 760 145 23 Emellertid
394 761 74 22 beror
487 761 41 22 det
548 762 89 22 endast
655 761 33 28 på
701 761 204 28 dikesdelegares
919 759 66 29 goda

229 795 61 28 vilja
316 797 35 20 att
374 796 98 29 åtnöjas
496 796 57 22 med
572 796 140 22 nämndens
731 795 190 28 bestämningar
940 794 44 21 och

229 829 109 29 fullgöra
366 830 57 22 dess
451 831 164 25 föreskrifter,
643 831 60 21 enär
721 830 127 21 nämnden
867 829 54 22 icke
939 829 47 21 har

229 863 85 29 någon
344 865 160 28 laggrundad
532 865 69 22 makt
627 866 35 21 att
686 865 91 28 bringa
802 864 54 21 sina
878 863 107 22 beslut
973 859 15 39 i

229 898 199 29 verkställighet.
458 899 48 22 Det
518 899 147 22 framstälda
679 898 231 28 motionsförslaget
921 897 65 22 afser

229 932 216 30 hufvudsakligen
474 935 35 20 att
534 934 25 21 åt
583 933 286 29 dikningsnämnderna,
889 931 97 22 hvilkas

231 967 135 29 viktigaste
385 968 120 29 rättighet
524 968 84 22 blefve
627 968 186 28 befogenheten
832 968 35 21 att
881 965 106 23 anställa

229 1007 48 22 syn
296 1002 45 22 och
362 1002 97 29 afgifva
478 1002 130 22 utlåtande
627 1002 8 22 i
654 1002 87 22 tvister
755 1001 105 23 emellan
875 1000 112 23 enskilde

228 1036 136 28 jordegare
383 1037 132 29 angående
528 1037 257 28 vattenafledningar,
802 1035 124 23 förskaffa
939 1035 48 21 den

229 1070 169 28 legalisation,
419 1078 53 15 som
492 1072 27 21 är
538 1071 155 29 nödvändig,
713 1071 40 21 för
773 1072 35 20 att
821 1070 74 22 deras
906 1069 82 22 beslut

229 1104 71 22 skola
314 1111 48 23 ega
375 1105 129 23 obestridd
517 1106 123 28 giltighet.
669 1105 88 29 Enligt
769 1104 122 29 förslaget
903 1103 84 22 kunde

229 1139 128 29 nämligen
385 1140 60 28 laga
473 1140 67 22 kraft
569 1140 98 28 egande
691 1140 84 22 beslut
799 1139 38 22 fås
859 1138 37 22 till
915 1138 73 22 stånd

230 1173 75 22 äfven
333 1175 62 21 utan
423 1174 120 22 domstols
569 1174 147 29 afgörande,
737 1180 30 16 en
787 1173 104 29 princip,
911 1172 77 22 hvars

229 1207 121 29 riktighet
375 1209 102 22 erkänts
499 1209 95 28 jämväl
617 1209 26 21 af
664 1209 48 21 den
735 1208 101 25 komité,
856 1213 53 16 som
928 1206 61 29 nyli-

229 1248 50 22 gen
294 1242 99 29 afgifvit
407 1243 161 22 betänkande
582 1243 45 21 och
641 1243 96 29 förslag
751 1242 132 29 angående
894 1242 95 21 vatten-

230 1276 91 26 rätten,
345 1276 85 23 fastän
453 1277 111 22 komitén
583 1278 68 21 velat
669 1277 113 28 tillämpa
800 1276 131 28 principen
949 1282 40 15 en-

230 1310 58 22 dast
306 1311 43 22 vid
368 1311 183 23 kostsammare
564 1312 99 28 företag
677 1312 26 22 af
715 1310 198 30 ifrågavarande
927 1309 61 29 slag,

232 1344 84 22 såsom
336 1346 128 29 sänkning
484 1346 25 22 af
527 1346 69 29 sjöar
615 1346 46 22 och
680 1346 133 22 strömmar
827 1345 64 21 samt
903 1344 87 22 invall-

232 1386 69 22 ning.

299 1414 192 28 Medgifvandet
522 1414 26 22 af
580 1421 31 15 en
639 1414 70 28 dylik
736 1413 203 23 beslutanderätt
966 1412 25 21 åt

231 1447 281 30 dikningsnämnderna
543 1455 76 22 synes
651 1448 74 22 äfven
758 1447 143 23 Ständerna
929 1452 62 16 vara

230 1482 95 29 egnadt
356 1485 35 20 att
420 1483 141 29 förebygga
590 1482 159 29 tvistigheter
777 1482 106 22 emellan
911 1480 80 23 dikes-

229 1516 200 23 intressenterna
451 1517 46 22 och
519 1517 108 22 sålunda
651 1517 125 28 befrämja
801 1516 42 23 det
865 1515 125 25 ändamål,
