1073 1742
232 182 13 20 2
391 181 256 23 Petitionsbetänkande
663 182 37 23 N:o
718 182 33 23 15.

274 247 157 22 Presteståndet
455 250 30 19 att
509 248 114 28 godkänna
645 248 150 28 betänkandet,
818 248 49 22 med
890 248 65 22 sådan

201 284 150 21 modifikation
375 285 30 20 att
427 284 60 21 ordet
513 284 110 21 »läänien»
648 284 7 21 i
679 284 66 21 andra
761 284 107 21 klämmen
885 284 68 22 skulle

201 319 60 28 utgå;

275 355 180 28 Borgareståndet
471 357 30 20 att
516 356 88 21 omfatta
620 362 27 15 en
663 356 88 27 petition
767 356 73 21 derom

455 423 33 20 att
508 422 64 21 Hans
596 422 120 27 Kejserliga
742 422 102 27 Majestät
870 422 84 27 täcktes,

383 457 86 28 utöfver
492 458 58 21 hvad
564 457 36 28 för
619 458 139 21 närvarande
773 458 70 27 utgår,
866 465 28 14 ur
910 458 42 21 all-

383 496 85 19 männa
491 494 125 21 statsmedel
637 494 10 20 i
661 494 68 21 nåder
744 493 65 22 anslå
824 501 27 14 en
866 501 89 14 summa

383 530 28 27 af
422 529 69 22 minst
498 530 102 26 120,000
617 530 62 20 mark
690 530 84 27 årligen
782 530 35 21 till
831 530 124 27 fördelning

383 566 68 27 enligt
465 566 117 27 styrelsens
603 565 145 28 bepröfvande
763 566 91 21 emellan
871 566 82 21 landets

383 602 164 27 hushållnings-
578 602 38 21 och
650 602 235 27 landtbrukssällskap;
917 602 35 27 —äf-

382 645 88 14 vensom

454 675 33 20 att
502 673 64 21 Hans
591 673 119 28 Kejserliga
733 673 103 28 Majestät
856 673 9 21 i
887 673 68 22 nåder

383 709 66 22 måtte
465 710 107 21 dessutom
586 716 77 21 genom
674 710 77 27 anslag
761 709 24 21 åt
796 709 97 21 bemälda
903 709 51 21 säll-

382 746 53 27 skap
451 746 50 20 eller
522 745 24 21 åt
569 745 98 21 enskilda
681 752 103 21 personer
799 745 38 21 och
853 745 99 28 förenin-

380 788 42 21 gar
438 781 90 28 kraftigt
545 781 107 27 befrämja
667 781 80 21 arbetet
762 781 36 27 för
813 781 140 28 nötboskaps-

381 819 120 20 stammens
522 817 150 28 förbättrande
695 817 38 21 och
759 817 195 28 boskapsskötselns

382 853 123 28 utveckling
520 853 9 21 i
546 853 84 25 landet;
649 855 59 19 samt

274 918 159 22 Bondeståndet
448 920 30 20 att
493 918 113 28 godkänna
622 918 142 22 betänkandet
779 918 49 21 med
844 924 27 16 en
887 918 67 21 modi-

201 953 68 21 fierad
291 954 81 27 lydelse
393 955 22 20 af
430 954 67 21 andra
513 961 63 14 mom.
592 954 8 21 i
616 954 112 22 utskottets
744 954 79 28 förslag
838 954 31 20 till
885 954 68 21 kläm:

452 1022 43 19 että
520 1020 157 20 Keisarillinen
703 1019 130 28 Majesteetti
855 1026 99 15 armossa

379 1056 116 20 suvaitsisi
517 1056 114 27 nykyjään
653 1056 102 27 suotujen
780 1055 81 28 apujen
879 1056 75 20 lisäksi

380 1092 98 27 yleisistä
499 1087 9 36 —
518 1092 97 20 varoista
655 1093 100 19 määrätä
791 1091 162 21 vähintäänkin

380 1128 104 26 120,000
503 1127 93 21 markan
616 1134 83 14 suuren
715 1127 161 21 rahasumman
891 1127 61 21 halli-

382 1164 76 20 tuksen
481 1163 128 21 harkinnan
629 1163 97 21 mukaan
736 1162 134 28 jaettavaksi
885 1170 68 14 maan

382 1199 80 21 talous-
473 1199 27 27 ja
515 1198 245 28 maanviljelysseurain
775 1198 84 21 välillä.

272 1264 95 22 Emedan
391 1264 104 22 Ständens
516 1264 72 22 beslut
606 1264 90 22 sälunda
715 1265 8 20 i
739 1264 37 21 allt
791 1264 78 28 sakligt
884 1264 68 22 öfver-

199 1302 130 20 ensstämma
345 1300 49 22 med
409 1300 126 28 hvarandra,
555 1300 92 21 förutom
665 1302 30 20 att
711 1300 179 28 Borgareständet
905 1300 47 22 icke

199 1336 78 21 uttalat
301 1336 32 28 sig
355 1336 33 21 för
404 1343 26 15 en
451 1336 95 22 bestämd
562 1342 83 15 summa
661 1336 31 21 till
707 1336 147 28 befrämjande
870 1336 21 20 af
907 1338 46 19 nöt-

198 1371 212 28 boskapsstammens
427 1372 143 21 förbättrande
586 1372 49 21 'och
651 1372 197 28 boskapsskötselns
865 1372 87 21 utveck-

198 1407 46 28 ling
260 1408 55 20 samt
338 1408 76 21 önskat
432 1409 51 26 göra
504 1408 78 27 jemväl
608 1408 96 21 enskilda
724 1414 103 22 personer
850 1408 40 21 och
911 1408 41 21 för-

198 1442 91 28 eningar
305 1443 106 28 delaktiga
434 1443 21 20 af
476 1443 115 21 understöd
613 1444 6 19 i
635 1443 74 21 sädant
725 1444 62 27 syfte,
803 1443 32 21 fär
850 1444 103 21 utskottet

198 1478 110 21 vördsamt
331 1478 82 26 föreslä,
431 1480 30 19 att
483 1479 83 21 landets
589 1479 90 22 Ständer
700 1479 64 22 mätte
786 1479 7 21 i
813 1479 138 22 förevarande

199 1514 80 21 ärende
296 1514 87 21 omfatta
399 1521 27 14 en
442 1514 88 27 petition
546 1515 21 20 af
584 1515 92 27 följande
691 1515 90 27 lydelse:

271 1555 182 18 Ekonomiutskottets
466 1556 110 17 betänkande
588 1556 34 17 N:o
636 1557 27 17 13.
