1075 1753
208 160 26 19 16

204 224 84 22 antalet
302 224 178 23 landsortsarkiv
488 225 40 22 och
537 225 227 28 sammansättningen
776 225 24 22 af
814 225 145 28 arkivstyrel-

204 265 39 16 sen
261 260 79 22 binder
359 260 42 22 den
424 261 95 22 komites
539 260 194 29 handlingsfrihet,
757 267 45 16 som
818 260 35 22 för
869 261 90 28 frågans

204 295 135 28 behandling
352 296 59 22 skall
421 297 114 27 tillsättas,
548 297 39 21 och
598 297 36 21 får
642 297 38 27 jag
691 296 76 22 därför
778 297 113 21 vördsamt
901 296 57 23 före-

204 331 34 22 slå
262 333 32 20 att
310 331 124 23 Ständerna
450 333 53 21 ville
519 332 79 22 förena
613 333 35 27 sig
664 339 32 15 om
712 333 139 27 underdånig
866 332 93 27 petition

203 367 7 21 i
226 367 80 22 sådant
321 367 60 28 syfte

490 441 33 20 att
540 439 140 29 Regeringen
689 440 42 27 för
747 441 31 20 att
788 439 129 22 säkerställa
926 438 33 22 be-

418 476 107 21 varandet
543 475 29 28 af
590 476 50 21 vårt
658 476 64 21 lands
738 476 81 27 många
834 476 47 21 små
896 474 63 23 arkiv

419 511 37 21 och
474 510 40 28 för
537 513 32 20 att
590 512 125 21 underlätta
733 512 64 21 deras
813 511 146 22 användande

418 547 33 21 till
473 554 59 22 gagn
549 547 41 27 för
613 548 42 21 den
678 547 117 22 historiska
815 546 143 29 forskningen

417 584 66 21 måtte
499 583 101 22 nedsätta
616 590 27 15 en
659 584 82 27 komité,
751 590 44 15 som
804 584 51 27 egde
865 585 31 20 att
904 590 54 21 upp-

417 621 54 26 göra
485 619 89 29 förslag
590 620 80 27 därom,
686 620 14 21 å
716 619 74 22 hvilka
813 621 58 20 orter
886 619 8 22 i
910 619 49 22 vårt

419 655 53 22 land
495 655 173 22 landsortsarkiv
691 656 72 21 kunde
783 656 101 26 inrättas,
899 656 59 21 huru

418 691 83 21 värden
516 691 37 21 och
564 691 167 29 förvaltningen
744 691 29 28 af
779 691 108 22 desamma
896 691 63 22 borde

419 726 112 22 anordnas
547 729 55 19 samt
620 727 74 22 hvilka
710 727 137 28 handlingar
863 727 34 22 uti
911 727 47 21 dem

419 762 72 22 kunde
513 762 108 29 förvaras,
646 762 110 28 äfvensom
777 764 32 20 att
828 762 64 22 Hans
908 762 50 27 Kej-

419 798 81 28 serliga
525 798 105 28 Majestät
657 799 79 21 täcktes
758 799 112 27 förelägga
898 800 59 20 mnäst-

418 835 206 21 sammanträdande
639 834 95 22 Ständer
744 835 67 28 nådig
823 834 134 28 proposition

418 870 9 21 i
444 872 77 20 ämnet.

735 972 21 22 H.
773 972 108 22 Melander.

308 1451 112 19 Helsingfors,
429 1451 102 19 Osakeyhtiö
541 1452 62 15 Weilin
613 1451 13 15 &
636 1452 45 15 Göös
691 1451 108 19 Aktiebolag,
809 1452 39 14 1897.
