1070 1725
243 159 74 23 Ständ.
333 160 47 22 Pet.
402 173 19 1 —
439 160 153 22 Petitionsbet.
607 160 39 22 N:o
664 159 33 23 16.
836 162 13 18 8

95 226 117 27 kvantitet,
235 232 46 16 som
303 227 69 21 under
390 227 87 21 senaste
492 226 25 22 är
532 226 7 22 i
554 226 102 22 medeltal
672 226 88 22 vunnits
776 226 7 22 i
799 226 50 22 Fin-

95 261 58 27 land,
175 260 69 23 hafva
265 260 123 22 Ständerna
412 261 72 21 ansett
502 260 108 28 förslaget
625 267 34 15 om
674 260 137 22 anställande
827 260 24 22 af

95 295 130 28 geologiska
245 295 189 28 undersökningar
453 295 7 22 i
477 295 155 27 Lappmarken
649 295 8 22 i
672 295 59 28 syfte
748 297 32 20 att
795 302 54 21 upp-

96 331 47 21 leta
157 329 123 23 värdefulla
295 330 125 22 malmarter
435 330 96 28 förtjena
545 330 130 22 beaktande.

163 365 76 22 Ehuru
254 365 124 22 Ständerna
392 364 120 22 förutsätta
527 366 33 20 att
570 365 119 28 Styrelsen,
699 371 46 16 som
756 364 94 27 tidigare

95 399 118 28 befrämjat
234 399 129 28 geologiska
385 399 190 28 undersökningar
593 399 7 22 i
618 399 161 28 Lappmarken,
796 399 54 22 fort-

96 434 91 22 farande
209 435 57 22 skall
285 441 55 21 egna
360 435 71 21 denna
446 435 160 27 angelägenhet
621 434 119 27 erfoderlig
756 441 93 20 omsorg,

95 469 68 22 hafva
178 469 123 22 Ständerna
315 469 49 22 icke
379 469 84 22 kunnat
478 469 73 27 undgä
566 470 34 20 att
609 470 54 26 taga
672 469 86 27 hänsyn
769 468 81 27 därtill,

96 505 34 20 att
144 505 82 21 största
241 504 63 21 delen
319 503 25 22 af
356 505 95 20 nämnda
465 503 100 22 landsdel
580 505 58 20 ännu
653 503 49 22 icke
718 505 24 20 är
753 503 8 22 i
771 504 80 26 antydt

96 538 102 22 afseende
213 539 120 21 undersökt
348 540 57 20 samt
420 539 34 21 att
469 538 120 27 uptäckten
605 538 24 21 af
642 540 71 20 större
724 538 127 27 malmlager

95 573 8 22 i
118 573 154 28 Lappmarken
287 573 71 22 skulle
373 573 93 28 bidraga
481 573 34 22 till
531 575 33 21 att
578 573 8 22 i
600 573 100 28 betydlig
715 573 49 22 män
775 574 76 26 stegra

96 608 260 28 näringsverksamheten
371 608 8 22 i
394 609 64 21 dessa
473 608 103 28 nordliga
591 608 92 22 trakter.

163 643 32 22 På
218 644 70 26 grund
310 642 67 22 häraf
394 643 23 21 få
437 643 124 22 Ständerna
580 644 39 21 hos
640 643 70 21 Eders
725 642 127 28 Kejserliga

95 678 105 28 Majestät
215 678 7 22 i
237 678 175 27 underdänighet
428 678 96 22 anhälla:

370 742 32 20 att
417 741 123 28 Geologiska
554 741 164 22 kommissionen
732 741 65 21 mätte
807 740 43 27 för-

301 777 68 20 sättas
384 776 8 21 i
409 776 84 27 tillfälle
508 778 33 20 att
554 776 35 28 för
600 776 128 28 uppletande
739 776 28 27 af
774 775 75 22 värde-

300 810 57 28 fulla
372 810 125 22 malmarter
512 810 8 22 i
536 810 116 28 Lappland
662 810 132 28 föranstalta
804 816 46 22 geo-

302 845 80 29 logiska
396 845 192 29 undersökningar
603 846 120 22 därstädes.

165 915 104 22 Finlands
285 915 94 22 Ständer
394 915 127 22 framhärda
536 917 41 20 etc.

165 978 146 28 Helsingfors,
328 979 42 21 den
385 981 27 19 30
428 979 61 22 Mars
507 981 61 20 1897.
