1070 1745
320 160 254 25 Petitionsbetänkande
590 161 38 23 N:o
646 161 34 23 10.

410 547 234 23 Ekonomiutskottets
659 547 87 29 förslag
763 547 38 23 till
818 553 57 17 sam-

338 582 172 29 manjemkning
533 582 25 23 af
580 581 110 25 Ståndens
725 583 150 28 skiljaktliga

339 618 74 23 beslut
428 618 40 24 vid
484 618 168 29 behandlingen
667 618 26 23 af
706 619 124 23 utskottets
841 619 33 22 be-

338 654 115 23 tänkande
469 654 37 23 N:o
525 654 27 23 14
567 654 9 23 i
592 654 125 29 anledning
733 654 26 23 af
770 655 33 22 ett
813 655 62 22 inom

338 688 164 25 Bondeständet
523 689 131 24 framstäldt
677 690 198 29 petitionsförslag

338 732 35 17 om
388 725 182 24 införskaffande
593 725 25 23 af
637 725 126 30 utredning
778 726 97 24 rörande

339 761 270 24 kreaturtuberkulosens
620 762 120 29 spridning
753 763 58 22 samt
821 761 54 29 möj-

339 797 102 29 ligheten
464 797 26 23 af
504 797 145 29 sjukdomens
670 797 153 30 bekämpande
839 803 36 23 ge-

338 839 52 17 nom
406 833 148 23 användande
570 833 25 23 af
609 833 143 24 tuberkulin.

196 900 29 20 Af
241 900 103 21 utskottet
367 899 181 21 tillaandakomna
569 899 200 28 protokollsutdrag,
785 900 90 21 rörande

126 935 103 22 Ständens
245 935 70 22 beslut
330 935 37 21 vid
383 935 98 21 ärendets
496 934 136 29 behandling,
648 935 92 28 framgär
756 936 29 20 att

196 970 154 28 Ridderskapet
372 971 40 21 och
435 970 71 22 Adeln
526 972 54 20 samt
595 970 157 22 Presteständet
767 971 109 27 godkändt

125 1007 149 27 betänkandet,

197 1042 178 28 Borgareständet
392 1042 80 21 förenat
488 1042 32 28 sig
536 1049 35 14 om
586 1049 27 15 en
630 1043 87 27 petition
732 1042 73 22 derom

411 1121 32 19 att
457 1120 105 27 styrelsen
578 1120 65 21 mätte
659 1120 128 21 omedelbart
801 1120 75 21 skrida

340 1155 34 21 till
389 1155 109 28 möjligast
513 1156 135 21 verksamma
663 1156 100 27 åtgärder
773 1156 36 27 för
821 1157 54 19 mot-

339 1191 115 21 arbetande
469 1192 29 26 af
510 1191 161 21 tuberkulosens
685 1191 118 28 spridning
813 1192 62 20 inom

341 1227 82 21 landets
439 1227 159 27 boskapsstam;
616 1229 54 19 samt

197 1304 159 21 Bondeständet
372 1304 103 21 förkastat
491 1304 147 21 betänkandet.

197 1339 96 22 Emedan
307 1339 154 28 Ridderskapet
474 1340 40 21 och
522 1340 70 21 Adeln
603 1341 54 20 samt
665 1339 156 22 Presteståndet
833 1345 42 15 om-

127 1375 58 20 fattat
201 1375 113 21 utskottets
330 1375 79 28 förslag
426 1377 54 19 samt
495 1375 178 28 Borgareståndet
688 1375 94 28 godkänt
793 1375 82 27 syftet
867 1371 12 36 i

127 1411 64 20 första
205 1410 113 28 klämmen,
334 1411 77 20 medan
427 1411 158 21 Bondeståndet
599 1412 82 20 ensamt
691 1411 100 21 förkastat
801 1411 74 21 betän-

127 1446 83 25 kandet,
226 1446 32 21 får
273 1446 103 21 utskottet
391 1446 108 21 vördsamt
514 1447 109 20 hemställa

197 1487 182 18 Ekonomiutskottets
392 1487 109 18 betänkande
515 1488 33 17 N:o
561 1489 28 16 14.
