1070 1742
297 175 279 23 Petitionsbetänkande
592 175 43 23 N:o
650 175 36 23 18.
858 176 12 20 7

182 239 63 21 Efter
277 238 37 22 det
349 238 123 28 Kejserliga
498 238 98 22 Senaten
615 234 11 37 €
635 238 89 28 afgifvit
761 238 111 21 underdå-

114 272 48 27 nigt
186 272 105 28 yttrande
311 273 44 21 och
382 272 85 27 förslag
489 273 7 20 i
519 273 125 26 anledning
667 273 26 20 af
713 272 67 22 dessa
799 272 25 21 af
844 272 27 21 de

114 307 74 21 skilda
214 306 97 22 stånden
330 306 80 28 gjorda
434 307 135 21 uttalanden
595 307 98 21 rörande
719 306 153 22 omförmälda

114 341 83 27 nådiga
217 340 150 28 proposition,
383 340 132 22 utfärdades
530 341 44 21 den
591 342 27 20 29
634 341 127 21 December
777 341 54 21 1883
844 347 27 14 en

114 375 134 27 förordning
266 374 118 28 angående
400 375 99 21 svenska
514 376 44 20 och
574 376 76 20 finska
666 375 112 27 språkens
793 375 79 27 begag-

115 410 75 20 nande
211 409 39 21 vid
270 408 114 22 särskilda
403 408 128 22 domstolar
550 410 44 20 och
616 409 160 27 myndigheter
791 409 6 21 i
814 409 58 21 Stor-

115 443 166 21 furstendömet
297 443 106 27 Finland,
424 446 60 18 samt
499 445 84 19 tvänne
599 444 156 26 kungörelser,
770 443 44 21 den
829 449 43 15 ena

116 484 38 15 om
175 478 125 21 förändrad
323 478 85 27 lydelse
431 478 25 20 af
475 478 114 21 särskilda
610 478 131 27 paragrafer
766 478 7 20 i
796 478 76 20 ofvan-

117 512 85 21 nämda
225 512 134 26 förordning
382 512 25 21 af
425 512 45 21 den
492 513 13 20 9
525 512 45 28 Maj
593 513 53 20 1881
671 513 45 21 och
741 512 44 21 den
800 512 72 21 andra

116 546 117 28 angående
257 552 115 22 personer,
392 547 80 21 hvilka
492 547 160 21 företrädesvis
672 547 67 21 skola
759 549 61 19 utses
839 546 33 21 till

115 581 148 21 translatorer
293 581 34 20 för
357 581 164 27 öfversättning
546 581 34 21 till
604 581 93 21 finskan
720 582 25 20 af
763 581 61 21 vissa
843 580 30 28 pä

116 615 98 21 svenska
230 615 92 27 språket
337 615 107 21 affattade
456 616 161 27 expeditioner.
645 616 8 20 I
670 616 45 20 den
731 615 141 21 förstnämda

116 650 26 20 af
160 650 66 20 dessa
243 649 158 27 författningar
416 650 99 26 stadgas,
536 650 52 21 med
609 650 139 26 frångående
768 650 25 20 af
806 650 44 20 den
866 649 7 21 i

118 685 52 20 1881
191 684 37 21 års
249 684 134 26 förordning
406 684 124 27 uppstälda
546 684 89 27 princip
651 684 141 20 beträffande
808 690 65 20 expe-

116 718 181 27 ditionspråken,
318 718 44 20 och
383 718 7 20 i
411 718 238 21 öfverensstämmelse
666 718 52 20 med
735 718 138 20 Prästestån-

117 752 48 22 dets
188 752 154 21 omförmälda
367 752 26 21 af
416 759 29 14 en
465 752 118 21 minoritet
602 752 7 21 i
631 752 98 21 Senaten
750 752 122 21 omfattade

117 787 89 26 förslag,
222 788 33 19 att
270 786 137 28 expedition,
423 794 51 14 som
491 787 50 21 från
557 787 124 26 underrätt,
697 786 118 27 magistrat
830 786 43 21 och

117 821 155 26 ordningsrätt
294 821 54 21 eller
367 821 25 20 af
410 821 78 26 någon
508 821 38 21 vid
566 821 67 21 dessa
654 821 159 27 myndigheter
836 827 38 14 an-

117 855 59 21 stäld
197 855 138 26 tjänsteman
354 855 34 20 till
404 855 109 26 sakegare
528 856 110 25 utfärdas,
655 856 50 20 från
721 856 44 20 och
781 854 52 21 med
848 855 26 20 år

119 890 61 26 1884,
196 889 88 21 oafsedt
298 889 62 21 vissa
376 889 125 27 undantag,
518 890 59 20 skall
593 890 89 20 affattas
699 889 29 28 på
744 889 37 21 det
796 889 76 27 språk,

117 923 99 22 svenska
231 923 54 21 eller
300 923 82 27 finska,
399 923 72 21 hvarä
483 924 138 27 protokollet
631 924 39 20 vid
682 926 76 19 ortens
769 923 104 21 kommu-

117 958 53 21 nala
186 957 173 27 förhandlingar
374 958 67 26 föres,
457 958 61 21 dock
533 961 39 23 att,
588 958 42 21 där
644 958 45 21 den
703 958 54 21 eller
767 957 107 22 samfäldt

117 993 44 20 alla
177 992 35 27 de,
228 999 50 14 som
293 992 58 27 gjort
366 994 31 19 ett
407 992 47 21 mål
465 993 126 26 anhängigt
601 993 53 20 eller
667 993 26 20 af
704 991 170 22 vederbörande

117 1027 138 27 tjänsteman
278 1027 66 20 äskat
366 1026 169 27 expeditionen,
555 1027 78 26 begärt
659 1026 52 21 dess
739 1025 135 22 utfärdande

117 1061 31 28 på
167 1061 37 22 det
220 1061 72 22 andra
311 1061 124 21 inhemska
450 1061 149 27 tungomålet,
615 1061 61 20 detta
691 1061 42 20 bör
749 1059 124 22 användas.

118 1096 45 21 För
177 1096 108 21 öfverrätt
303 1095 47 22 åter
365 1095 147 21 föreskrifves
528 1095 7 21 i
551 1095 76 21 denna
642 1095 134 26 förordning
792 1096 32 18 att
839 1100 35 14 ex-

117 1130 102 27 pedition
235 1130 7 21 i
258 1130 53 26 mål,
327 1136 51 15 som
395 1129 61 21 förut
471 1129 123 27 handlagts
610 1129 6 20 i
632 1129 61 26 lägre
709 1129 95 25 instans,
816 1127 58 22 skall

117 1165 90 20 affattas
223 1164 30 27 på
268 1164 37 21 det
320 1164 78 27 språk,
413 1164 91 27 hvarpå
519 1163 44 21 den
574 1164 60 26 lägre
649 1165 85 19 rättens
745 1163 53 20 eller
810 1168 65 20 myn-

118 1198 118 27 dighetens
263 1198 130 27 expedition
423 1198 119 20 utfärdats.
577 1197 124 27 Angående
721 1195 154 22 ämbetsskrif-

118 1233 72 20 velser
206 1233 44 21 och
265 1232 168 21 meddelanden
454 1232 35 21 till
505 1232 113 21 kommun
640 1231 126 28 uppställes
786 1236 89 15 samma

117 1267 67 26 regel,
194 1273 50 15 som
259 1267 8 20 i
284 1267 52 20 1881
354 1267 38 20 års
407 1266 142 27 förordning,
563 1266 71 27 jämte
654 1265 38 22 det
707 1264 114 22 föreskrift
833 1263 43 22 till-

118 1301 46 21 lika
186 1301 116 21 meddelas
323 1300 119 27 angående
458 1300 137 21 utfärdande
611 1300 25 21 af
656 1299 164 26 öfversättning
841 1297 34 21 till

118 1335 92 22 finskan
226 1335 7 21 i
249 1335 45 21 alla
306 1335 28 21 de
350 1335 46 26 fall,
408 1335 31 20 då
454 1334 132 28 expedition
602 1334 69 27 enligt
686 1332 142 23 förestående
843 1338 33 15 re-

119 1370 34 27 gel
174 1370 51 21 bort
245 1369 89 21 affattas
356 1369 30 27 på
406 1369 85 26 finska,
512 1375 53 14 men
584 1368 126 21 emellertid
730 1367 7 21 i
753 1366 123 26 anledning

118 1403 68 22 däraf
198 1406 32 18 att
245 1403 171 21 vederbörande
431 1402 141 27 tjänsteman
589 1402 49 21 icke
654 1402 90 21 kunnat
757 1399 119 23 åhvälfvas

118 1437 139 22 nästnämda
279 1437 136 27 skyldighet,
432 1436 113 21 utfärdats
560 1437 30 27 på
606 1436 104 21 svenska.
746 1435 9 21 I
770 1433 106 23 afseende

119 1472 14 21 å
147 1472 28 21 de
193 1472 51 21 från
259 1471 274 28 Justitiedepartementet
547 1470 112 27 utgående
674 1469 156 28 expeditioner
844 1467 33 22 bi-
