<?xml version="1.0" encoding="UTF-8"?>
<alto xmlns="http://www.loc.gov/standards/alto/ns-v3#" xmlns:xlink="http://www.w3.org/1999/xlink" xmlns:xsi="http://www.w3.org/2001/XMLSchema-instance" xsi:schemaLocation="http://www.loc.gov/standards/alto/ns-v3# http://www.loc.gov/alto/v3/alto-3-0.xsd">
	<Description>
		<MeasurementUnit>pixel</MeasurementUnit>
		<sourceImageInformation>
			<fileName>/tmp/tess_p28n7rym_input.PNG</fileName>
		</sourceImageInformation>
		<OCRProcessing ID="OCR_0">
			<ocrProcessingStep>
				<processingSoftware>
					<softwareName>tesseract 5.3.4</softwareName>
				</processingSoftware>
			</ocrProcessingStep>
		</OCRProcessing>
	</Description>
	<Layout>
		<Page WIDTH="1067" HEIGHT="1742" PHYSICAL_IMG_NR="0" ID="page_0">
			<PrintSpace HPOS="0" VPOS="0" WIDTH="1067" HEIGHT="1742">
				<ComposedBlock ID="cblock_0" HPOS="119" VPOS="154" WIDTH="751" HEIGHT="38">
					<TextBlock ID="block_0" HPOS="119" VPOS="154" WIDTH="751" HEIGHT="38">
						<TextLine ID="line_0" HPOS="119" VPOS="154" WIDTH="751" HEIGHT="38">
							<String ID="string_0" HPOS="119" VPOS="154" WIDTH="175" HEIGHT="38" WC="0.89" CONTENT="(Öfversättning.)"/><SP WIDTH="564" VPOS="154" HPOS="294"/>
							<String ID="string_1" HPOS="858" VPOS="168" WIDTH="12" HEIGHT="20" WC="0.82" CONTENT="g"/>
						</TextLine>
					</TextBlock>
				</ComposedBlock>
				<ComposedBlock ID="cblock_1" HPOS="397" VPOS="476" WIDTH="201" HEIGHT="28">
					<TextBlock ID="block_1" HPOS="397" VPOS="476" WIDTH="201" HEIGHT="28">
						<TextLine ID="line_1" HPOS="397" VPOS="476" WIDTH="201" HEIGHT="28">
							<String ID="string_2" HPOS="397" VPOS="476" WIDTH="201" HEIGHT="28" WC="0.96" CONTENT="Reservation."/>
						</TextLine>
					</TextBlock>
				</ComposedBlock>
				<ComposedBlock ID="cblock_2" HPOS="121" VPOS="549" WIDTH="751" HEIGHT="926">
					<TextBlock ID="block_2" HPOS="121" VPOS="549" WIDTH="751" HEIGHT="926">
						<TextLine ID="line_2" HPOS="191" VPOS="549" WIDTH="679" HEIGHT="28">
							<String ID="string_3" HPOS="191" VPOS="549" WIDTH="49" HEIGHT="22" WC="0.93" CONTENT="Den"/><SP WIDTH="24" VPOS="549" HPOS="240"/>
							<String ID="string_4" HPOS="264" VPOS="549" WIDTH="135" HEIGHT="21" WC="0.91" CONTENT="dramatiska"/><SP WIDTH="23" VPOS="549" HPOS="399"/>
							<String ID="string_5" HPOS="422" VPOS="549" WIDTH="95" HEIGHT="22" WC="0.96" CONTENT="konsten"/><SP WIDTH="20" VPOS="549" HPOS="517"/>
							<String ID="string_6" HPOS="537" VPOS="551" WIDTH="26" HEIGHT="20" WC="0.95" CONTENT="är"/><SP WIDTH="15" VPOS="551" HPOS="563"/>
							<String ID="string_7" HPOS="578" VPOS="555" WIDTH="28" HEIGHT="16" WC="0.95" CONTENT="en"/><SP WIDTH="16" VPOS="555" HPOS="606"/>
							<String ID="string_8" HPOS="622" VPOS="549" WIDTH="25" HEIGHT="22" WC="0.96" CONTENT="af"/><SP WIDTH="14" VPOS="549" HPOS="647"/>
							<String ID="string_9" HPOS="661" VPOS="549" WIDTH="28" HEIGHT="22" WC="0.93" CONTENT="de"/><SP WIDTH="16" VPOS="549" HPOS="689"/>
							<String ID="string_10" HPOS="705" VPOS="549" WIDTH="165" HEIGHT="28" WC="0.92" CONTENT="kulturformer,"/>
						</TextLine>
						<TextLine ID="line_3" HPOS="122" VPOS="585" WIDTH="749" HEIGHT="27">
							<String ID="string_11" HPOS="122" VPOS="591" WIDTH="44" HEIGHT="16" WC="0.96" CONTENT="som"/><SP WIDTH="16" VPOS="591" HPOS="166"/>
							<String ID="string_12" HPOS="182" VPOS="585" WIDTH="41" HEIGHT="22" WC="0.96" CONTENT="vär"/><SP WIDTH="15" VPOS="585" HPOS="223"/>
							<String ID="string_13" HPOS="238" VPOS="585" WIDTH="33" HEIGHT="21" WC="0.93" CONTENT="tid"/><SP WIDTH="15" VPOS="585" HPOS="271"/>
							<String ID="string_14" HPOS="286" VPOS="585" WIDTH="102" HEIGHT="27" WC="0.92" CONTENT="mottagit"/><SP WIDTH="15" VPOS="585" HPOS="388"/>
							<String ID="string_15" HPOS="403" VPOS="585" WIDTH="8" HEIGHT="21" WC="0.93" CONTENT="i"/><SP WIDTH="16" VPOS="585" HPOS="411"/>
							<String ID="string_16" HPOS="427" VPOS="585" WIDTH="37" HEIGHT="21" WC="0.92" CONTENT="arf"/><SP WIDTH="14" VPOS="585" HPOS="464"/>
							<String ID="string_17" HPOS="478" VPOS="585" WIDTH="51" HEIGHT="22" WC="0.93" CONTENT="frän"/><SP WIDTH="16" VPOS="585" HPOS="529"/>
							<String ID="string_18" HPOS="545" VPOS="585" WIDTH="126" HEIGHT="22" WC="0.92" CONTENT="Greklands"/><SP WIDTH="11" VPOS="585" HPOS="671"/>
							<String ID="string_19" HPOS="682" VPOS="585" WIDTH="41" HEIGHT="22" WC="0.93" CONTENT="och"/><SP WIDTH="11" VPOS="585" HPOS="723"/>
							<String ID="string_20" HPOS="734" VPOS="585" WIDTH="66" HEIGHT="22" WC="0.92" CONTENT="Roms"/><SP WIDTH="11" VPOS="585" HPOS="800"/>
							<String ID="string_21" HPOS="811" VPOS="585" WIDTH="60" HEIGHT="22" WC="0.91" CONTENT="klas-"/>
						</TextLine>
						<TextLine ID="line_4" HPOS="122" VPOS="620" WIDTH="749" HEIGHT="28">
							<String ID="string_22" HPOS="122" VPOS="621" WIDTH="60" HEIGHT="22" WC="0.92" CONTENT="siska"/><SP WIDTH="16" VPOS="621" HPOS="182"/>
							<String ID="string_23" HPOS="198" VPOS="620" WIDTH="82" HEIGHT="22" WC="0.91" CONTENT="forntid"/><SP WIDTH="21" VPOS="620" HPOS="280"/>
							<String ID="string_24" HPOS="301" VPOS="621" WIDTH="40" HEIGHT="21" WC="0.96" CONTENT="och"/><SP WIDTH="18" VPOS="621" HPOS="341"/>
							<String ID="string_25" HPOS="359" VPOS="627" WIDTH="46" HEIGHT="16" WC="0.92" CONTENT="som"/><SP WIDTH="19" VPOS="627" HPOS="405"/>
							<String ID="string_26" HPOS="424" VPOS="621" WIDTH="126" HEIGHT="22" WC="0.92" CONTENT="densamma"/><SP WIDTH="22" VPOS="621" HPOS="550"/>
							<String ID="string_27" HPOS="572" VPOS="621" WIDTH="68" HEIGHT="22" WC="0.93" CONTENT="sedan"/><SP WIDTH="24" VPOS="621" HPOS="640"/>
							<String ID="string_28" HPOS="664" VPOS="621" WIDTH="55" HEIGHT="27" WC="0.92" CONTENT="själf"/><SP WIDTH="20" VPOS="621" HPOS="719"/>
							<String ID="string_29" HPOS="739" VPOS="621" WIDTH="77" HEIGHT="22" WC="0.93" CONTENT="vidare"/><SP WIDTH="23" VPOS="621" HPOS="816"/>
							<String ID="string_30" HPOS="839" VPOS="623" WIDTH="32" HEIGHT="20" WC="0.93" CONTENT="ut-"/>
						</TextLine>
						<TextLine ID="line_5" HPOS="122" VPOS="656" WIDTH="749" HEIGHT="29">
							<String ID="string_31" HPOS="122" VPOS="657" WIDTH="87" HEIGHT="22" WC="0.92" CONTENT="vecklat"/><SP WIDTH="16" VPOS="657" HPOS="209"/>
							<String ID="string_32" HPOS="225" VPOS="657" WIDTH="40" HEIGHT="22" WC="0.93" CONTENT="och"/><SP WIDTH="15" VPOS="657" HPOS="265"/>
							<String ID="string_33" HPOS="280" VPOS="657" WIDTH="45" HEIGHT="22" WC="0.92" CONTENT="fört"/><SP WIDTH="15" VPOS="657" HPOS="325"/>
							<String ID="string_34" HPOS="340" VPOS="656" WIDTH="87" HEIGHT="23" WC="0.91" CONTENT="framät."/><SP WIDTH="32" VPOS="656" HPOS="427"/>
							<String ID="string_35" HPOS="459" VPOS="657" WIDTH="49" HEIGHT="22" WC="0.96" CONTENT="Den"/><SP WIDTH="16" VPOS="657" HPOS="508"/>
							<String ID="string_36" HPOS="524" VPOS="657" WIDTH="40" HEIGHT="22" WC="0.96" CONTENT="har"/><SP WIDTH="15" VPOS="657" HPOS="564"/>
							<String ID="string_37" HPOS="579" VPOS="657" WIDTH="74" HEIGHT="28" WC="0.96" CONTENT="börjat"/><SP WIDTH="15" VPOS="657" HPOS="653"/>
							<String ID="string_38" HPOS="668" VPOS="657" WIDTH="49" HEIGHT="22" WC="0.93" CONTENT="med"/><SP WIDTH="16" VPOS="657" HPOS="717"/>
							<String ID="string_39" HPOS="733" VPOS="657" WIDTH="66" HEIGHT="22" WC="0.90" CONTENT="enkla"/><SP WIDTH="16" VPOS="657" HPOS="799"/>
							<String ID="string_40" HPOS="815" VPOS="657" WIDTH="56" HEIGHT="22" WC="0.93" CONTENT="folk-"/>
						</TextLine>
						<TextLine ID="line_6" HPOS="121" VPOS="693" WIDTH="751" HEIGHT="27">
							<String ID="string_41" HPOS="121" VPOS="693" WIDTH="63" HEIGHT="22" WC="0.91" CONTENT="lekar"/><SP WIDTH="26" VPOS="693" HPOS="184"/>
							<String ID="string_42" HPOS="210" VPOS="693" WIDTH="40" HEIGHT="22" WC="0.92" CONTENT="och"/><SP WIDTH="25" VPOS="693" HPOS="250"/>
							<String ID="string_43" HPOS="275" VPOS="693" WIDTH="117" HEIGHT="22" WC="0.89" CONTENT="efterhand"/><SP WIDTH="25" VPOS="693" HPOS="392"/>
							<String ID="string_44" HPOS="417" VPOS="693" WIDTH="116" HEIGHT="22" WC="0.92" CONTENT="utvecklat"/><SP WIDTH="26" VPOS="693" HPOS="533"/>
							<String ID="string_45" HPOS="559" VPOS="693" WIDTH="34" HEIGHT="27" WC="0.96" CONTENT="sig"/><SP WIDTH="25" VPOS="693" HPOS="593"/>
							<String ID="string_46" HPOS="618" VPOS="693" WIDTH="36" HEIGHT="22" WC="0.96" CONTENT="till"/><SP WIDTH="26" VPOS="693" HPOS="654"/>
							<String ID="string_47" HPOS="680" VPOS="699" WIDTH="27" HEIGHT="16" WC="0.96" CONTENT="en"/><SP WIDTH="24" VPOS="699" HPOS="707"/>
							<String ID="string_48" HPOS="731" VPOS="693" WIDTH="141" HEIGHT="27" WC="0.96" CONTENT="konstnärlig"/>
						</TextLine>
						<TextLine ID="line_7" HPOS="121" VPOS="728" WIDTH="749" HEIGHT="28">
							<String ID="string_49" HPOS="121" VPOS="728" WIDTH="164" HEIGHT="28" WC="0.96" CONTENT="framställning"/><SP WIDTH="16" VPOS="728" HPOS="285"/>
							<String ID="string_50" HPOS="301" VPOS="729" WIDTH="24" HEIGHT="21" WC="0.93" CONTENT="af"/><SP WIDTH="14" VPOS="729" HPOS="325"/>
							<String ID="string_51" HPOS="339" VPOS="729" WIDTH="188" HEIGHT="27" WC="0.92" CONTENT="människolifvet,"/><SP WIDTH="21" VPOS="729" HPOS="527"/>
							<String ID="string_52" HPOS="548" VPOS="729" WIDTH="64" HEIGHT="22" WC="0.93" CONTENT="hvari"/><SP WIDTH="22" VPOS="729" HPOS="612"/>
							<String ID="string_53" HPOS="634" VPOS="729" WIDTH="27" HEIGHT="21" WC="0.96" CONTENT="de"/><SP WIDTH="23" VPOS="729" HPOS="661"/>
							<String ID="string_54" HPOS="684" VPOS="731" WIDTH="57" HEIGHT="20" WC="0.91" CONTENT="mest"/><SP WIDTH="23" VPOS="731" HPOS="741"/>
							<String ID="string_55" HPOS="764" VPOS="728" WIDTH="106" HEIGHT="28" WC="0.91" CONTENT="mängfal-"/>
						</TextLine>
						<TextLine ID="line_8" HPOS="124" VPOS="764" WIDTH="747" HEIGHT="28">
							<String ID="string_56" HPOS="124" VPOS="765" WIDTH="50" HEIGHT="27" WC="0.90" CONTENT="diga"/><SP WIDTH="23" VPOS="765" HPOS="174"/>
							<String ID="string_57" HPOS="197" VPOS="765" WIDTH="120" HEIGHT="22" WC="0.90" CONTENT="lifsformer"/><SP WIDTH="25" VPOS="765" HPOS="317"/>
							<String ID="string_58" HPOS="342" VPOS="764" WIDTH="117" HEIGHT="23" WC="0.93" CONTENT="framföras"/><SP WIDTH="25" VPOS="764" HPOS="459"/>
							<String ID="string_59" HPOS="484" VPOS="765" WIDTH="35" HEIGHT="22" WC="0.90" CONTENT="för"/><SP WIDTH="24" VPOS="765" HPOS="519"/>
							<String ID="string_60" HPOS="543" VPOS="765" WIDTH="137" HEIGHT="22" WC="0.90" CONTENT="äskädarens"/><SP WIDTH="26" VPOS="765" HPOS="680"/>
							<String ID="string_61" HPOS="706" VPOS="765" WIDTH="67" HEIGHT="22" WC="0.87" CONTENT="blick."/><SP WIDTH="32" VPOS="765" HPOS="773"/>
							<String ID="string_62" HPOS="805" VPOS="764" WIDTH="66" HEIGHT="23" WC="0.92" CONTENT="Säväl"/>
						</TextLine>
						<TextLine ID="line_9" HPOS="123" VPOS="801" WIDTH="749" HEIGHT="28">
							<String ID="string_63" HPOS="123" VPOS="801" WIDTH="76" HEIGHT="22" WC="0.85" CONTENT="lifvets"/><SP WIDTH="23" VPOS="801" HPOS="199"/>
							<String ID="string_64" HPOS="222" VPOS="801" WIDTH="202" HEIGHT="28" WC="0.92" CONTENT="hvardagligheter,"/><SP WIDTH="25" VPOS="801" HPOS="424"/>
							<String ID="string_65" HPOS="449" VPOS="801" WIDTH="116" HEIGHT="22" WC="0.96" CONTENT="dumheter"/><SP WIDTH="16" VPOS="801" HPOS="565"/>
							<String ID="string_66" HPOS="581" VPOS="801" WIDTH="40" HEIGHT="21" WC="0.96" CONTENT="och"/><SP WIDTH="16" VPOS="801" HPOS="621"/>
							<String ID="string_67" HPOS="637" VPOS="801" WIDTH="159" HEIGHT="27" WC="0.96" CONTENT="löjeväckande"/><SP WIDTH="16" VPOS="801" HPOS="796"/>
							<String ID="string_68" HPOS="812" VPOS="801" WIDTH="60" HEIGHT="21" WC="0.96" CONTENT="sidor"/>
						</TextLine>
						<TextLine ID="line_10" HPOS="122" VPOS="836" WIDTH="749" HEIGHT="28">
							<String ID="string_69" HPOS="122" VPOS="843" WIDTH="46" HEIGHT="16" WC="0.96" CONTENT="som"/><SP WIDTH="16" VPOS="843" HPOS="168"/>
							<String ID="string_70" HPOS="184" VPOS="837" WIDTH="51" HEIGHT="22" WC="0.93" CONTENT="dess"/><SP WIDTH="15" VPOS="837" HPOS="235"/>
							<String ID="string_71" HPOS="250" VPOS="837" WIDTH="110" HEIGHT="27" WC="0.92" CONTENT="upphöjda"/><SP WIDTH="16" VPOS="837" HPOS="360"/>
							<String ID="string_72" HPOS="376" VPOS="837" WIDTH="40" HEIGHT="21" WC="0.93" CONTENT="och"/><SP WIDTH="16" VPOS="837" HPOS="416"/>
							<String ID="string_73" HPOS="432" VPOS="837" WIDTH="117" HEIGHT="27" WC="0.92" CONTENT="allvarliga"/><SP WIDTH="22" VPOS="837" HPOS="549"/>
							<String ID="string_74" HPOS="571" VPOS="836" WIDTH="132" HEIGHT="22" WC="0.92" CONTENT="företeelser"/><SP WIDTH="24" VPOS="836" HPOS="703"/>
							<String ID="string_75" HPOS="727" VPOS="837" WIDTH="40" HEIGHT="21" WC="0.91" CONTENT="och"/><SP WIDTH="20" VPOS="837" HPOS="767"/>
							<String ID="string_76" HPOS="787" VPOS="837" WIDTH="84" HEIGHT="27" WC="0.91" CONTENT="jämväl"/>
						</TextLine>
						<TextLine ID="line_11" HPOS="123" VPOS="872" WIDTH="749" HEIGHT="28">
							<String ID="string_77" HPOS="123" VPOS="873" WIDTH="50" HEIGHT="22" WC="0.93" CONTENT="dess"/><SP WIDTH="16" VPOS="873" HPOS="173"/>
							<String ID="string_78" HPOS="189" VPOS="873" WIDTH="101" HEIGHT="27" WC="0.92" CONTENT="djupaste"/><SP WIDTH="15" VPOS="873" HPOS="290"/>
							<String ID="string_79" HPOS="305" VPOS="873" WIDTH="167" HEIGHT="25" WC="0.91" CONTENT="disharmonier,"/><SP WIDTH="18" VPOS="873" HPOS="472"/>
							<String ID="string_80" HPOS="490" VPOS="879" WIDTH="46" HEIGHT="15" WC="0.93" CONTENT="som"/><SP WIDTH="16" VPOS="879" HPOS="536"/>
							<String ID="string_81" HPOS="552" VPOS="873" WIDTH="57" HEIGHT="21" WC="0.91" CONTENT="blott"/><SP WIDTH="16" VPOS="873" HPOS="609"/>
							<String ID="string_82" HPOS="625" VPOS="878" WIDTH="78" HEIGHT="22" WC="0.96" CONTENT="genom"/><SP WIDTH="12" VPOS="878" HPOS="703"/>
							<String ID="string_83" HPOS="715" VPOS="872" WIDTH="71" HEIGHT="22" WC="0.96" CONTENT="döden"/><SP WIDTH="11" VPOS="872" HPOS="786"/>
							<String ID="string_84" HPOS="797" VPOS="872" WIDTH="75" HEIGHT="22" WC="0.95" CONTENT="kunna"/>
						</TextLine>
						<TextLine ID="line_12" HPOS="123" VPOS="908" WIDTH="748" HEIGHT="28">
							<String ID="string_85" HPOS="123" VPOS="908" WIDTH="107" HEIGHT="28" WC="0.92" CONTENT="försonas,"/><SP WIDTH="16" VPOS="908" HPOS="230"/>
							<String ID="string_86" HPOS="246" VPOS="908" WIDTH="136" HEIGHT="22" WC="0.92" CONTENT="framställas"/><SP WIDTH="15" VPOS="908" HPOS="382"/>
							<String ID="string_87" HPOS="397" VPOS="909" WIDTH="28" HEIGHT="26" WC="0.92" CONTENT="pä"/><SP WIDTH="16" VPOS="909" HPOS="425"/>
							<String ID="string_88" HPOS="441" VPOS="915" WIDTH="82" HEIGHT="15" WC="0.91" CONTENT="scenen"/><SP WIDTH="16" VPOS="915" HPOS="523"/>
							<String ID="string_89" HPOS="539" VPOS="908" WIDTH="8" HEIGHT="22" WC="0.96" CONTENT="i"/><SP WIDTH="16" VPOS="908" HPOS="547"/>
							<String ID="string_90" HPOS="563" VPOS="908" WIDTH="30" HEIGHT="22" WC="0.96" CONTENT="all"/><SP WIDTH="17" VPOS="908" HPOS="593"/>
							<String ID="string_91" HPOS="610" VPOS="908" WIDTH="34" HEIGHT="22" WC="0.93" CONTENT="sin"/><SP WIDTH="16" VPOS="908" HPOS="644"/>
							<String ID="string_92" HPOS="660" VPOS="908" WIDTH="113" HEIGHT="22" WC="0.92" CONTENT="nakenhet"/><SP WIDTH="14" VPOS="908" HPOS="773"/>
							<String ID="string_93" HPOS="787" VPOS="908" WIDTH="40" HEIGHT="22" WC="0.96" CONTENT="och"/><SP WIDTH="16" VPOS="908" HPOS="827"/>
							<String ID="string_94" HPOS="843" VPOS="908" WIDTH="28" HEIGHT="26" WC="0.96" CONTENT="pä"/>
						</TextLine>
						<TextLine ID="line_13" HPOS="124" VPOS="944" WIDTH="747" HEIGHT="28">
							<String ID="string_95" HPOS="124" VPOS="946" WIDTH="32" HEIGHT="20" WC="0.93" CONTENT="ett"/><SP WIDTH="15" VPOS="946" HPOS="156"/>
							<String ID="string_96" HPOS="171" VPOS="944" WIDTH="183" HEIGHT="28" WC="0.92" CONTENT="nervspännande"/><SP WIDTH="16" VPOS="944" HPOS="354"/>
							<String ID="string_97" HPOS="370" VPOS="946" WIDTH="51" HEIGHT="20" WC="0.93" CONTENT="sätt."/><SP WIDTH="27" VPOS="946" HPOS="421"/>
							<String ID="string_98" HPOS="448" VPOS="944" WIDTH="139" HEIGHT="28" WC="0.92" CONTENT="Försynthet"/><SP WIDTH="15" VPOS="944" HPOS="587"/>
							<String ID="string_99" HPOS="602" VPOS="944" WIDTH="41" HEIGHT="22" WC="0.93" CONTENT="och"/><SP WIDTH="15" VPOS="944" HPOS="643"/>
							<String ID="string_100" HPOS="658" VPOS="944" WIDTH="159" HEIGHT="28" WC="0.92" CONTENT="finkänslighet"/><SP WIDTH="15" VPOS="944" HPOS="817"/>
							<String ID="string_101" HPOS="832" VPOS="946" WIDTH="39" HEIGHT="20" WC="0.91" CONTENT="äro"/>
						</TextLine>
						<TextLine ID="line_14" HPOS="122" VPOS="979" WIDTH="749" HEIGHT="29">
							<String ID="string_102" HPOS="122" VPOS="979" WIDTH="35" HEIGHT="23" WC="0.95" CONTENT="för"/><SP WIDTH="11" VPOS="979" HPOS="157"/>
							<String ID="string_103" HPOS="168" VPOS="980" WIDTH="41" HEIGHT="22" WC="0.93" CONTENT="den"/><SP WIDTH="12" VPOS="980" HPOS="209"/>
							<String ID="string_104" HPOS="221" VPOS="980" WIDTH="135" HEIGHT="22" WC="0.92" CONTENT="dramatiska"/><SP WIDTH="10" VPOS="980" HPOS="356"/>
							<String ID="string_105" HPOS="366" VPOS="981" WIDTH="96" HEIGHT="22" WC="0.96" CONTENT="konsten"/><SP WIDTH="11" VPOS="981" HPOS="462"/>
							<String ID="string_106" HPOS="473" VPOS="980" WIDTH="143" HEIGHT="28" WC="0.93" CONTENT="främmande,"/><SP WIDTH="11" VPOS="980" HPOS="616"/>
							<String ID="string_107" HPOS="627" VPOS="980" WIDTH="68" HEIGHT="22" WC="0.92" CONTENT="äfven"/><SP WIDTH="14" VPOS="980" HPOS="695"/>
							<String ID="string_108" HPOS="709" VPOS="980" WIDTH="47" HEIGHT="22" WC="0.92" CONTENT="fula"/><SP WIDTH="16" VPOS="980" HPOS="756"/>
							<String ID="string_109" HPOS="772" VPOS="980" WIDTH="39" HEIGHT="22" WC="0.93" CONTENT="och"/><SP WIDTH="16" VPOS="980" HPOS="811"/>
							<String ID="string_110" HPOS="827" VPOS="982" WIDTH="44" HEIGHT="20" WC="0.91" CONTENT="öm-"/>
						</TextLine>
						<TextLine ID="line_15" HPOS="122" VPOS="1016" WIDTH="750" HEIGHT="28">
							<String ID="string_111" HPOS="122" VPOS="1016" WIDTH="71" HEIGHT="28" WC="0.93" CONTENT="täliga"/><SP WIDTH="15" VPOS="1016" HPOS="193"/>
							<String ID="string_112" HPOS="208" VPOS="1017" WIDTH="66" HEIGHT="21" WC="0.93" CONTENT="saker"/><SP WIDTH="15" VPOS="1017" HPOS="274"/>
							<String ID="string_113" HPOS="289" VPOS="1017" WIDTH="83" HEIGHT="21" WC="0.92" CONTENT="blottar"/><SP WIDTH="15" VPOS="1017" HPOS="372"/>
							<String ID="string_114" HPOS="387" VPOS="1017" WIDTH="43" HEIGHT="21" WC="0.96" CONTENT="den"/><SP WIDTH="15" VPOS="1017" HPOS="430"/>
							<String ID="string_115" HPOS="445" VPOS="1019" WIDTH="53" HEIGHT="20" WC="0.93" CONTENT="utan"/><SP WIDTH="17" VPOS="1019" HPOS="498"/>
							<String ID="string_116" HPOS="515" VPOS="1017" WIDTH="149" HEIGHT="22" WC="0.92" CONTENT="skonsamhet."/><SP WIDTH="32" VPOS="1017" HPOS="664"/>
							<String ID="string_117" HPOS="696" VPOS="1017" WIDTH="77" HEIGHT="22" WC="0.93" CONTENT="Under"/><SP WIDTH="17" VPOS="1017" HPOS="773"/>
							<String ID="string_118" HPOS="790" VPOS="1016" WIDTH="82" HEIGHT="22" WC="0.91" CONTENT="sädana"/>
						</TextLine>
						<TextLine ID="line_16" HPOS="123" VPOS="1052" WIDTH="747" HEIGHT="26">
							<String ID="string_119" HPOS="123" VPOS="1052" WIDTH="154" HEIGHT="22" WC="0.92" CONTENT="förhällanden"/><SP WIDTH="22" VPOS="1052" HPOS="277"/>
							<String ID="string_120" HPOS="299" VPOS="1052" WIDTH="125" HEIGHT="23" WC="0.91" CONTENT="innehäller"/><SP WIDTH="24" VPOS="1052" HPOS="424"/>
							<String ID="string_121" HPOS="448" VPOS="1053" WIDTH="43" HEIGHT="21" WC="0.93" CONTENT="den"/><SP WIDTH="16" VPOS="1053" HPOS="491"/>
							<String ID="string_122" HPOS="507" VPOS="1052" WIDTH="136" HEIGHT="22" WC="0.92" CONTENT="dramatiska"/><SP WIDTH="15" VPOS="1052" HPOS="643"/>
							<String ID="string_123" HPOS="658" VPOS="1053" WIDTH="95" HEIGHT="21" WC="0.96" CONTENT="konsten"/><SP WIDTH="16" VPOS="1053" HPOS="753"/>
							<String ID="string_124" HPOS="769" VPOS="1052" WIDTH="101" HEIGHT="26" WC="0.96" CONTENT="element,"/>
						</TextLine>
						<TextLine ID="line_17" HPOS="124" VPOS="1088" WIDTH="747" HEIGHT="28">
							<String ID="string_125" HPOS="124" VPOS="1095" WIDTH="45" HEIGHT="15" WC="0.95" CONTENT="som"/><SP WIDTH="11" VPOS="1095" HPOS="169"/>
							<String ID="string_126" HPOS="180" VPOS="1090" WIDTH="28" HEIGHT="26" WC="0.95" CONTENT="pä"/><SP WIDTH="9" VPOS="1090" HPOS="208"/>
							<String ID="string_127" HPOS="217" VPOS="1095" WIDTH="28" HEIGHT="15" WC="0.93" CONTENT="en"/><SP WIDTH="8" VPOS="1095" HPOS="245"/>
							<String ID="string_128" HPOS="253" VPOS="1088" WIDTH="58" HEIGHT="28" WC="0.96" CONTENT="gång"/><SP WIDTH="8" VPOS="1088" HPOS="311"/>
							<String ID="string_129" HPOS="319" VPOS="1091" WIDTH="38" HEIGHT="19" WC="0.96" CONTENT="äro"/><SP WIDTH="9" VPOS="1091" HPOS="357"/>
							<String ID="string_130" HPOS="366" VPOS="1088" WIDTH="56" HEIGHT="22" WC="0.96" CONTENT="både"/><SP WIDTH="7" VPOS="1088" HPOS="422"/>
							<String ID="string_131" HPOS="429" VPOS="1089" WIDTH="104" HEIGHT="21" WC="0.96" CONTENT="bildande"/><SP WIDTH="10" VPOS="1089" HPOS="533"/>
							<String ID="string_132" HPOS="543" VPOS="1089" WIDTH="39" HEIGHT="21" WC="0.93" CONTENT="och"/><SP WIDTH="9" VPOS="1089" HPOS="582"/>
							<String ID="string_133" HPOS="591" VPOS="1090" WIDTH="120" HEIGHT="20" WC="0.96" CONTENT="motsatsen"/><SP WIDTH="9" VPOS="1090" HPOS="711"/>
							<String ID="string_134" HPOS="720" VPOS="1088" WIDTH="82" HEIGHT="28" WC="0.93" CONTENT="därtill,"/><SP WIDTH="10" VPOS="1088" HPOS="802"/>
							<String ID="string_135" HPOS="812" VPOS="1090" WIDTH="59" HEIGHT="19" WC="0.90" CONTENT="näm-"/>
						</TextLine>
						<TextLine ID="line_18" HPOS="122" VPOS="1123" WIDTH="750" HEIGHT="29">
							<String ID="string_136" HPOS="122" VPOS="1124" WIDTH="59" HEIGHT="28" WC="0.96" CONTENT="ligen"/><SP WIDTH="16" VPOS="1124" HPOS="181"/>
							<String ID="string_137" HPOS="197" VPOS="1125" WIDTH="103" HEIGHT="22" WC="0.96" CONTENT="bildande"/><SP WIDTH="16" VPOS="1125" HPOS="300"/>
							<String ID="string_138" HPOS="316" VPOS="1124" WIDTH="35" HEIGHT="22" WC="0.96" CONTENT="för"/><SP WIDTH="16" VPOS="1124" HPOS="351"/>
							<String ID="string_139" HPOS="367" VPOS="1125" WIDTH="55" HEIGHT="27" WC="0.96" CONTENT="dem,"/><SP WIDTH="17" VPOS="1125" HPOS="422"/>
							<String ID="string_140" HPOS="439" VPOS="1131" WIDTH="46" HEIGHT="16" WC="0.96" CONTENT="som"/><SP WIDTH="16" VPOS="1131" HPOS="485"/>
							<String ID="string_141" HPOS="501" VPOS="1125" WIDTH="28" HEIGHT="21" WC="0.96" CONTENT="ha"/><SP WIDTH="16" VPOS="1125" HPOS="529"/>
							<String ID="string_142" HPOS="545" VPOS="1131" WIDTH="28" HEIGHT="15" WC="0.96" CONTENT="en"/><SP WIDTH="16" VPOS="1131" HPOS="573"/>
							<String ID="string_143" HPOS="589" VPOS="1124" WIDTH="50" HEIGHT="22" WC="0.96" CONTENT="ädel"/><SP WIDTH="20" VPOS="1124" HPOS="639"/>
							<String ID="string_144" HPOS="659" VPOS="1126" WIDTH="66" HEIGHT="20" WC="0.96" CONTENT="natur"/><SP WIDTH="20" VPOS="1126" HPOS="725"/>
							<String ID="string_145" HPOS="745" VPOS="1124" WIDTH="40" HEIGHT="22" WC="0.96" CONTENT="och"/><SP WIDTH="18" VPOS="1124" HPOS="785"/>
							<String ID="string_146" HPOS="803" VPOS="1123" WIDTH="69" HEIGHT="22" WC="0.96" CONTENT="redan"/>
						</TextLine>
						<TextLine ID="line_19" HPOS="123" VPOS="1159" WIDTH="749" HEIGHT="29">
							<String ID="string_147" HPOS="123" VPOS="1159" WIDTH="60" HEIGHT="23" WC="0.96" CONTENT="förut"/><SP WIDTH="22" VPOS="1159" HPOS="183"/>
							<String ID="string_148" HPOS="205" VPOS="1161" WIDTH="35" HEIGHT="21" WC="0.96" CONTENT="stå"/><SP WIDTH="23" VPOS="1161" HPOS="240"/>
							<String ID="string_149" HPOS="263" VPOS="1161" WIDTH="29" HEIGHT="27" WC="0.96" CONTENT="på"/><SP WIDTH="15" VPOS="1161" HPOS="292"/>
							<String ID="string_150" HPOS="307" VPOS="1167" WIDTH="27" HEIGHT="15" WC="0.96" CONTENT="en"/><SP WIDTH="20" VPOS="1167" HPOS="334"/>
							<String ID="string_151" HPOS="354" VPOS="1161" WIDTH="25" HEIGHT="21" WC="0.96" CONTENT="så"/><SP WIDTH="15" VPOS="1161" HPOS="379"/>
							<String ID="string_152" HPOS="394" VPOS="1161" WIDTH="45" HEIGHT="27" WC="0.97" CONTENT="hög"/><SP WIDTH="15" VPOS="1161" HPOS="439"/>
							<String ID="string_153" HPOS="454" VPOS="1161" WIDTH="96" HEIGHT="21" WC="0.93" CONTENT="estetisk"/><SP WIDTH="15" VPOS="1161" HPOS="550"/>
							<String ID="string_154" HPOS="565" VPOS="1160" WIDTH="257" HEIGHT="28" WC="0.92" CONTENT="bildningsståndpunkt,"/><SP WIDTH="17" VPOS="1160" HPOS="822"/>
							<String ID="string_155" HPOS="839" VPOS="1162" WIDTH="33" HEIGHT="18" WC="0.96" CONTENT="att"/>
						</TextLine>
						<TextLine ID="line_20" HPOS="123" VPOS="1195" WIDTH="749" HEIGHT="30">
							<String ID="string_156" HPOS="123" VPOS="1196" WIDTH="27" HEIGHT="22" WC="0.96" CONTENT="de"/><SP WIDTH="10" VPOS="1196" HPOS="150"/>
							<String ID="string_157" HPOS="160" VPOS="1196" WIDTH="76" HEIGHT="22" WC="0.96" CONTENT="kunna"/><SP WIDTH="12" VPOS="1196" HPOS="236"/>
							<String ID="string_158" HPOS="248" VPOS="1196" WIDTH="102" HEIGHT="29" WC="0.96" CONTENT="uppfatta"/><SP WIDTH="9" VPOS="1196" HPOS="350"/>
							<String ID="string_159" HPOS="359" VPOS="1197" WIDTH="74" HEIGHT="27" WC="0.95" CONTENT="konst,"/><SP WIDTH="12" VPOS="1197" HPOS="433"/>
							<String ID="string_160" HPOS="445" VPOS="1203" WIDTH="49" HEIGHT="15" WC="0.96" CONTENT="men"/><SP WIDTH="11" VPOS="1203" HPOS="494"/>
							<String ID="string_161" HPOS="505" VPOS="1198" WIDTH="122" HEIGHT="20" WC="0.96" CONTENT="motsatsen"/><SP WIDTH="10" VPOS="1198" HPOS="627"/>
							<String ID="string_162" HPOS="637" VPOS="1196" WIDTH="35" HEIGHT="22" WC="0.96" CONTENT="för"/><SP WIDTH="11" VPOS="1196" HPOS="672"/>
							<String ID="string_163" HPOS="683" VPOS="1196" WIDTH="55" HEIGHT="27" WC="0.96" CONTENT="dem,"/><SP WIDTH="11" VPOS="1196" HPOS="738"/>
							<String ID="string_164" HPOS="749" VPOS="1202" WIDTH="46" HEIGHT="16" WC="0.96" CONTENT="som"/><SP WIDTH="10" VPOS="1202" HPOS="795"/>
							<String ID="string_165" HPOS="805" VPOS="1195" WIDTH="67" HEIGHT="22" WC="0.96" CONTENT="hafva"/>
						</TextLine>
						<TextLine ID="line_21" HPOS="122" VPOS="1232" WIDTH="750" HEIGHT="29">
							<String ID="string_166" HPOS="122" VPOS="1238" WIDTH="28" HEIGHT="16" WC="0.96" CONTENT="en"/><SP WIDTH="10" VPOS="1238" HPOS="150"/>
							<String ID="string_167" HPOS="160" VPOS="1232" WIDTH="60" HEIGHT="28" WC="0.96" CONTENT="dålig"/><SP WIDTH="11" VPOS="1232" HPOS="220"/>
							<String ID="string_168" HPOS="231" VPOS="1233" WIDTH="112" HEIGHT="28" WC="0.96" CONTENT="karaktär,"/><SP WIDTH="12" VPOS="1233" HPOS="343"/>
							<String ID="string_169" HPOS="355" VPOS="1233" WIDTH="40" HEIGHT="22" WC="0.96" CONTENT="och"/><SP WIDTH="10" VPOS="1233" HPOS="395"/>
							<String ID="string_170" HPOS="405" VPOS="1232" WIDTH="36" HEIGHT="22" WC="0.96" CONTENT="för"/><SP WIDTH="10" VPOS="1232" HPOS="441"/>
							<String ID="string_171" HPOS="451" VPOS="1233" WIDTH="56" HEIGHT="27" WC="0.96" CONTENT="dem,"/><SP WIDTH="12" VPOS="1233" HPOS="507"/>
							<String ID="string_172" HPOS="519" VPOS="1239" WIDTH="46" HEIGHT="15" WC="0.96" CONTENT="som"/><SP WIDTH="11" VPOS="1239" HPOS="565"/>
							<String ID="string_173" HPOS="576" VPOS="1232" WIDTH="70" HEIGHT="22" WC="0.96" CONTENT="sakna"/><SP WIDTH="15" VPOS="1232" HPOS="646"/>
							<String ID="string_174" HPOS="661" VPOS="1232" WIDTH="95" HEIGHT="22" WC="0.95" CONTENT="estetisk"/><SP WIDTH="15" VPOS="1232" HPOS="756"/>
							<String ID="string_175" HPOS="771" VPOS="1232" WIDTH="101" HEIGHT="27" WC="0.96" CONTENT="bildning"/>
						</TextLine>
						<TextLine ID="line_22" HPOS="123" VPOS="1268" WIDTH="748" HEIGHT="27">
							<String ID="string_176" HPOS="123" VPOS="1268" WIDTH="40" HEIGHT="22" WC="0.92" CONTENT="och"/><SP WIDTH="22" VPOS="1268" HPOS="163"/>
							<String ID="string_177" HPOS="185" VPOS="1268" WIDTH="136" HEIGHT="22" WC="0.91" CONTENT="konstsinne."/><SP WIDTH="32" VPOS="1268" HPOS="321"/>
							<String ID="string_178" HPOS="353" VPOS="1269" WIDTH="32" HEIGHT="21" WC="0.96" CONTENT="På"/><SP WIDTH="16" VPOS="1269" HPOS="385"/>
							<String ID="string_179" HPOS="401" VPOS="1269" WIDTH="65" HEIGHT="21" WC="0.96" CONTENT="dessa"/><SP WIDTH="16" VPOS="1269" HPOS="466"/>
							<String ID="string_180" HPOS="482" VPOS="1268" WIDTH="121" HEIGHT="22" WC="0.96" CONTENT="sistnämda"/><SP WIDTH="16" VPOS="1268" HPOS="603"/>
							<String ID="string_181" HPOS="619" VPOS="1268" WIDTH="83" HEIGHT="22" WC="0.93" CONTENT="värkar"/><SP WIDTH="16" VPOS="1268" HPOS="702"/>
							<String ID="string_182" HPOS="718" VPOS="1268" WIDTH="153" HEIGHT="27" WC="0.90" CONTENT="skådespelar-"/>
						</TextLine>
						<TextLine ID="line_23" HPOS="122" VPOS="1303" WIDTH="750" HEIGHT="29">
							<String ID="string_183" HPOS="122" VPOS="1304" WIDTH="95" HEIGHT="22" WC="0.93" CONTENT="konsten"/><SP WIDTH="16" VPOS="1304" HPOS="217"/>
							<String ID="string_184" HPOS="233" VPOS="1304" WIDTH="124" HEIGHT="28" WC="0.89" CONTENT="fördärfligt"/><SP WIDTH="16" VPOS="1304" HPOS="357"/>
							<String ID="string_185" HPOS="373" VPOS="1305" WIDTH="127" HEIGHT="27" WC="0.96" CONTENT="därigenom"/><SP WIDTH="16" VPOS="1305" HPOS="500"/>
							<String ID="string_186" HPOS="516" VPOS="1306" WIDTH="34" HEIGHT="20" WC="0.96" CONTENT="att"/><SP WIDTH="15" VPOS="1306" HPOS="550"/>
							<String ID="string_187" HPOS="565" VPOS="1304" WIDTH="42" HEIGHT="22" WC="0.96" CONTENT="den"/><SP WIDTH="16" VPOS="1304" HPOS="607"/>
							<String ID="string_188" HPOS="623" VPOS="1304" WIDTH="137" HEIGHT="22" WC="0.96" CONTENT="framställer"/><SP WIDTH="15" VPOS="1304" HPOS="760"/>
							<String ID="string_189" HPOS="775" VPOS="1303" WIDTH="46" HEIGHT="23" WC="0.96" CONTENT="fula"/><SP WIDTH="11" VPOS="1303" HPOS="821"/>
							<String ID="string_190" HPOS="832" VPOS="1303" WIDTH="40" HEIGHT="22" WC="0.97" CONTENT="och"/>
						</TextLine>
						<TextLine ID="line_24" HPOS="123" VPOS="1339" WIDTH="749" HEIGHT="29">
							<String ID="string_191" HPOS="123" VPOS="1340" WIDTH="104" HEIGHT="28" WC="0.95" CONTENT="ömtåliga"/><SP WIDTH="15" VPOS="1340" HPOS="227"/>
							<String ID="string_192" HPOS="242" VPOS="1343" WIDTH="87" HEIGHT="25" WC="0.95" CONTENT="ämnen;"/><SP WIDTH="17" VPOS="1343" HPOS="329"/>
							<String ID="string_193" HPOS="346" VPOS="1341" WIDTH="42" HEIGHT="21" WC="0.93" CONTENT="den"/><SP WIDTH="19" VPOS="1341" HPOS="388"/>
							<String ID="string_194" HPOS="407" VPOS="1341" WIDTH="128" HEIGHT="27" WC="0.92" CONTENT="uppväcker"/><SP WIDTH="24" VPOS="1341" HPOS="535"/>
							<String ID="string_195" HPOS="559" VPOS="1340" WIDTH="39" HEIGHT="22" WC="0.96" CONTENT="och"/><SP WIDTH="23" VPOS="1340" HPOS="598"/>
							<String ID="string_196" HPOS="621" VPOS="1340" WIDTH="117" HEIGHT="22" WC="0.96" CONTENT="utvecklar"/><SP WIDTH="23" VPOS="1340" HPOS="738"/>
							<String ID="string_197" HPOS="761" VPOS="1340" WIDTH="39" HEIGHT="21" WC="0.96" CONTENT="hos"/><SP WIDTH="23" VPOS="1340" HPOS="800"/>
							<String ID="string_198" HPOS="823" VPOS="1339" WIDTH="49" HEIGHT="22" WC="0.96" CONTENT="dem"/>
						</TextLine>
						<TextLine ID="line_25" HPOS="123" VPOS="1375" WIDTH="749" HEIGHT="29">
							<String ID="string_199" HPOS="123" VPOS="1376" WIDTH="124" HEIGHT="22" WC="0.91" CONTENT="slumrande"/><SP WIDTH="19" VPOS="1376" HPOS="247"/>
							<String ID="string_200" HPOS="266" VPOS="1376" WIDTH="132" HEIGHT="22" WC="0.92" CONTENT="omoraliska"/><SP WIDTH="15" VPOS="1376" HPOS="398"/>
							<String ID="string_201" HPOS="413" VPOS="1376" WIDTH="106" HEIGHT="28" WC="0.96" CONTENT="böjelser;"/><SP WIDTH="15" VPOS="1376" HPOS="519"/>
							<String ID="string_202" HPOS="534" VPOS="1376" WIDTH="9" HEIGHT="22" WC="0.96" CONTENT="i"/><SP WIDTH="15" VPOS="1376" HPOS="543"/>
							<String ID="string_203" HPOS="558" VPOS="1376" WIDTH="65" HEIGHT="22" WC="0.96" CONTENT="deras"/><SP WIDTH="16" VPOS="1376" HPOS="623"/>
							<String ID="string_204" HPOS="639" VPOS="1378" WIDTH="57" HEIGHT="25" WC="0.95" CONTENT="ögon"/><SP WIDTH="15" VPOS="1378" HPOS="696"/>
							<String ID="string_205" HPOS="711" VPOS="1378" WIDTH="26" HEIGHT="19" WC="0.93" CONTENT="är"/><SP WIDTH="16" VPOS="1378" HPOS="737"/>
							<String ID="string_206" HPOS="753" VPOS="1375" WIDTH="119" HEIGHT="27" WC="0.91" CONTENT="skådespe-"/>
						</TextLine>
						<TextLine ID="line_26" HPOS="122" VPOS="1411" WIDTH="750" HEIGHT="29">
							<String ID="string_207" HPOS="122" VPOS="1412" WIDTH="143" HEIGHT="22" WC="0.92" CONTENT="larekonsten"/><SP WIDTH="13" VPOS="1412" HPOS="265"/>
							<String ID="string_208" HPOS="278" VPOS="1413" WIDTH="67" HEIGHT="21" WC="0.96" CONTENT="också"/><SP WIDTH="15" VPOS="1413" HPOS="345"/>
							<String ID="string_209" HPOS="360" VPOS="1413" WIDTH="57" HEIGHT="21" WC="0.92" CONTENT="blott"/><SP WIDTH="18" VPOS="1413" HPOS="417"/>
							<String ID="string_210" HPOS="435" VPOS="1413" WIDTH="38" HEIGHT="27" WC="0.90" CONTENT=",til"/><SP WIDTH="17" VPOS="1413" HPOS="473"/>
							<String ID="string_211" HPOS="490" VPOS="1412" WIDTH="67" HEIGHT="28" WC="0.89" CONTENT="lyst&quot;,"/><SP WIDTH="17" VPOS="1412" HPOS="557"/>
							<String ID="string_212" HPOS="574" VPOS="1412" WIDTH="41" HEIGHT="22" WC="0.96" CONTENT="och"/><SP WIDTH="14" VPOS="1412" HPOS="615"/>
							<String ID="string_213" HPOS="629" VPOS="1412" WIDTH="42" HEIGHT="21" WC="0.96" CONTENT="bör"/><SP WIDTH="14" VPOS="1412" HPOS="671"/>
							<String ID="string_214" HPOS="685" VPOS="1412" WIDTH="61" HEIGHT="27" WC="0.96" CONTENT="nöjet"/><SP WIDTH="16" VPOS="1412" HPOS="746"/>
							<String ID="string_215" HPOS="762" VPOS="1413" WIDTH="86" HEIGHT="25" WC="0.96" CONTENT="stegras"/><SP WIDTH="17" VPOS="1413" HPOS="848"/>
							<String ID="string_216" HPOS="865" VPOS="1411" WIDTH="7" HEIGHT="21" WC="0.96" CONTENT="i"/>
						</TextLine>
						<TextLine ID="line_27" HPOS="122" VPOS="1446" WIDTH="750" HEIGHT="29">
							<String ID="string_217" HPOS="122" VPOS="1448" WIDTH="42" HEIGHT="21" WC="0.96" CONTENT="den"/><SP WIDTH="16" VPOS="1448" HPOS="164"/>
							<String ID="string_218" HPOS="180" VPOS="1448" WIDTH="56" HEIGHT="27" WC="0.96" CONTENT="mån,"/><SP WIDTH="18" VPOS="1448" HPOS="236"/>
							<String ID="string_219" HPOS="254" VPOS="1454" WIDTH="46" HEIGHT="15" WC="0.96" CONTENT="som"/><SP WIDTH="15" VPOS="1454" HPOS="300"/>
							<String ID="string_220" HPOS="315" VPOS="1448" WIDTH="38" HEIGHT="22" WC="0.96" CONTENT="det"/><SP WIDTH="15" VPOS="1448" HPOS="353"/>
							<String ID="string_221" HPOS="368" VPOS="1448" WIDTH="83" HEIGHT="22" WC="0.93" CONTENT="värkar"/><SP WIDTH="16" VPOS="1448" HPOS="451"/>
							<String ID="string_222" HPOS="467" VPOS="1448" WIDTH="174" HEIGHT="22" WC="0.91" CONTENT="sinnesretande."/><SP WIDTH="32" VPOS="1448" HPOS="641"/>
							<String ID="string_223" HPOS="673" VPOS="1448" WIDTH="34" HEIGHT="21" WC="0.93" CONTENT="De"/><SP WIDTH="15" VPOS="1448" HPOS="707"/>
							<String ID="string_224" HPOS="722" VPOS="1448" WIDTH="59" HEIGHT="21" WC="0.95" CONTENT="finna"/><SP WIDTH="16" VPOS="1448" HPOS="781"/>
							<String ID="string_225" HPOS="797" VPOS="1446" WIDTH="75" HEIGHT="22" WC="0.96" CONTENT="derför"/>
						</TextLine>
					</TextBlock>
				</ComposedBlock>
			</PrintSpace>
		</Page>
	</Layout>
</alto>
