1073 1739
186 169 28 19 38

185 240 69 27 stigit.
286 240 10 21 I
313 247 27 15 en
356 242 38 19 not
409 239 125 28 medgifver
554 239 121 26 Utskottet,
693 241 32 20 att
749 239 36 22 vid
809 239 83 22 midten
915 238 25 22 af

185 276 98 22 tabellen
307 276 80 27 själfva
408 276 282 27 uppställningsprincipen
706 276 105 27 ombytes,
829 275 7 22 i
852 275 38 22 det
905 277 33 20 att

185 312 51 22 från
252 313 40 21 och
307 313 50 22 med
373 313 97 22 läseåret
488 314 146 20 1891—1892
655 312 50 22 icke
728 312 90 21 elevens
842 311 95 22 moders-

185 348 51 27 mål,
253 350 53 20 utan
322 348 37 22 det
375 349 75 26 språk,
467 349 86 26 hvarpå
568 349 44 21 han
623 348 110 22 förklarat
744 348 35 27 sig
788 347 54 28 vilja
853 347 85 27 åtnjuta

184 384 167 28 undervisning,
369 385 58 27 lagts
443 385 35 22 till
494 385 72 27 grund
590 384 36 23 för
649 384 149 27 indelningen.
830 383 106 22 Tabellen

184 419 96 22 förlorar
303 420 127 28 härigenom
450 421 71 27 enligt
536 421 41 22 vår
593 421 68 22 tanke
677 421 41 21 allt
734 420 75 27 värde,
827 419 39 22 och
883 425 54 16 anse

184 456 23 22 vi
223 462 37 16 oss
276 456 109 28 skyldiga,
403 459 32 19 att
452 457 48 22 med
525 457 91 27 ledning
640 456 24 22 af
685 451 193 33 Öfverstyrelsens
901 454 35 23 för

184 492 159 22 skolväsendet
367 492 135 23 öfversikter
525 493 42 21 här
590 492 101 23 meddela
714 492 113 28 uppgifter
843 496 34 17 om
893 491 43 22 ele-

185 534 81 16 vernas
282 528 131 23 modersmål
429 528 67 23 äfven
513 529 35 22 för
564 529 54 22 åren
637 530 156 20 1891—1896:

577 616 68 32 finska
714 619 80 19 svenska

331 657 144 20 1891—1892
601 658 26 19 81
738 656 28 21 33

330 693 145 20 1892—1893
600 694 28 19 86
739 692 28 20 36

330 728 147 21 1893—1894
602 730 26 19 93
739 728 28 20 34

330 764 145 21 1894—1895
602 765 27 20 98
740 765 27 19 29

331 800 145 21 1895—1896
589 801 40 19 110
739 801 28 19 30

256 889 76 22 Under
358 890 181 26 12-ärsperioden
566 891 146 20 1884—1896
736 890 41 21 har
793 888 95 28 lyceeti
904 888 32 22 S:t

183 924 82 23 Michel
281 926 91 21 besökts
388 926 25 21 af
426 928 42 20 821
486 926 76 22 elever
578 926 48 22 med
642 926 87 21 finskan
745 925 40 22 och
802 926 43 20 510
861 925 75 21 elever

183 960 49 22 med
248 962 113 21 svenskan
377 968 44 15 som
438 962 132 22 modersmål
586 962 66 28 (resp.
669 964 28 19 62
708 962 28 28 9/,
753 962 40 21 och
810 963 27 19 38
850 960 46 28 "/).

258 997 117 22 Utskottet
397 998 68 21 söker
485 1000 55 25 göra
555 998 110 27 gällande,
683 1000 32 19 att
732 996 159 28 undervisning
907 996 28 27 pä

183 1033 98 21 svenska
296 1033 93 27 spräket
404 1034 7 20 i
428 1033 33 22 S:t
476 1034 82 22 Michel
574 1040 53 16 vore
640 1033 115 27 obehöflig,
768 1032 90 22 emedan
869 1034 66 20 samt-

182 1068 46 28 liga
252 1069 75 22 elever
343 1069 37 22 vid
397 1070 72 26 lyceet
485 1070 71 22 förstä
572 1070 40 22 och
628 1070 46 22 tala
689 1070 78 21 finska.
798 1069 43 21 Det
857 1070 26 20 är
899 1067 35 22 för

182 1104 127 22 Utskottets
328 1105 73 22 flertal
417 1112 27 15 en
461 1106 40 21 sak
517 1106 25 21 af
556 1106 64 27 ringa
644 1106 55 22 eller
722 1106 67 26 ingen
813 1104 120 28 betydelse,

182 1146 34 16 om
240 1143 33 19 ett
290 1141 55 21 barn
363 1141 97 22 erhåller
475 1142 34 21 sin
526 1142 152 27 skolbildning
693 1142 28 26 pä
737 1142 108 21 hemmets
861 1140 73 27 språk.

182 1176 28 22 Vi
226 1176 119 28 medgifva,
363 1179 32 19 att
411 1177 72 22 denna
498 1177 144 27 uppfattning
658 1178 61 21 delas
742 1176 25 22 af
788 1176 79 27 mänga
890 1175 43 23 för-

181 1212 83 28 äldrar,
287 1219 49 15 men
359 1213 23 21 vi
405 1213 75 21 kunna
503 1213 50 22 icke
576 1216 68 19 annat
664 1216 28 18 än
709 1213 94 27 beklaga
820 1214 33 20 att
869 1212 25 21 sä
909 1214 26 20 är

182 1247 69 22 fallet.
283 1248 46 22 Och
345 1248 21 22 vi
383 1249 56 27 våga
455 1251 41 25 tro,
513 1251 34 19 att
562 1249 238 27 utskottsmajoriteten
816 1248 49 22 icke
881 1248 53 22 ville

181 1284 119 26 godkänna
315 1284 44 22 alla
375 1284 173 26 konsekvenser,
566 1291 44 15 som
635 1285 75 21 kunde
733 1284 95 27 härflyta
852 1290 26 15 ur
901 1286 32 20 ett

181 1319 80 21 sådant
277 1320 189 27 äskädningssätt.
490 1320 76 22 Under
582 1321 49 21 året
649 1322 146 20 1895—1896
808 1319 126 27 uppoffrade

181 1355 139 22 statsverket
335 1356 28 26 pä
379 1356 165 28 finskspräkiga
560 1356 75 22 skolor
658 1356 7 22 i
689 1356 88 22 landets
800 1355 134 23 hufvudstad

181 1390 64 23 öfver
269 1393 96 25 200,000
389 1392 68 21 mark.
489 1392 61 22 Dock
574 1392 95 22 besökas
693 1392 66 22 dessa
778 1392 75 22 skolor
869 1390 25 23 af
907 1398 27 15 en

180 1426 81 28 mängd
278 1427 81 27 elever,
379 1434 58 20 ,som
454 1428 146 22 obehindradt
615 1428 46 22 tala
677 1428 103 27 svenska,
801 1434 27 16 en
852 1428 36 22 del
911 1427 25 22 af

180 1462 48 22 dem
244 1464 16 20 t.
276 1469 18 15 o.
311 1469 26 15 m.
353 1463 74 22 bättre
443 1465 29 19 än
487 1463 93 22 finska*.
