1073 1742
213 185 27 19 26
397 184 280 23 Petitionsbetänkande
692 184 46 23 N:o
754 184 38 23 13.

211 247 137 27 principielt,
371 250 55 18 utan
449 248 67 20 äfven
540 254 28 15 ur
590 248 105 27 praktisk
717 248 127 28 synpunkt.
876 248 45 22 Om
937 248 37 22 det

211 282 45 21 ock
279 282 127 26 naturligen
428 282 42 21 bör
492 282 128 21 ankomma
636 282 30 28 pä
681 282 174 22 vederbörande
871 283 102 27 myndig-

211 316 64 21 heter
302 316 80 27 själfva
409 318 38 24 att,
475 316 112 21 obundna
613 316 25 21 af
665 316 139 28 detaljerade
835 318 139 20 föreskrifter

211 350 130 21 bestämma
357 346 12 36 —
381 350 92 28 spräket
501 350 7 21 i
539 350 36 21 sin
606 350 109 22 inbördes
746 352 167 26 skriftväxling,
949 354 25 18 är

211 384 97 22 därmed
337 385 60 21 dock
422 384 18 28 ej
469 385 66 27 sagdt
556 387 33 19 att
612 385 51 21 icke
685 385 63 21 vissa
769 392 94 15 normer
885 386 35 21 för
944 393 28 14 en

211 419 109 27 pröfning
343 419 23 21 in
388 426 55 14 casu
467 419 80 21 kunna
568 420 44 20 och
635 420 57 20 böra
711 420 121 27 iakttagas,
851 420 26 21 så
893 422 32 19 att
940 423 33 18 ut-

211 460 90 21 rymme
321 454 18 27 ej
360 454 38 20 må
419 454 72 26 gifvas
514 454 35 20 för
572 454 119 28 godtycke,
713 454 46 21 och
785 454 44 22 den
854 454 119 22 ohållbara

212 488 167 27 presumption,
395 488 89 28 hvarpå
499 488 39 21 det
553 488 79 21 lokala
648 488 245 28 kommunalspråkets
901 489 73 21 invär-

211 522 47 21 kan
282 523 30 27 på
335 522 265 28 skriftväxlingsspråket
623 522 81 27 hvilar,
727 524 95 20 ersättes
845 524 26 20 af
887 523 86 27 sakliga

211 557 150 27 synpunkter.

282 591 87 21 Härvid
386 592 95 27 erbjuda
497 592 33 26 sig
546 591 119 28 själfmant
680 598 91 14 samma
783 592 97 21 ledande
891 592 82 26 grund-

212 628 79 24 satser,
315 632 50 14 som
388 626 34 26 de,
446 626 79 21 hvilka
548 626 25 20 af
597 626 114 20 Utskottet
739 627 114 27 uppstälts
878 626 7 20 i
911 626 61 26 fråga

212 666 39 14 om
271 660 242 28 expeditionsspräket.
537 660 78 27 Angär
633 662 31 19 ett
683 660 92 27 ärende,
793 661 97 21 hvarom
909 667 64 20 myn-

212 694 104 27 digheter
338 694 107 21 inbördes
462 694 141 27 skriftväxla,
626 694 74 21 direkt
723 695 55 21 eller
800 695 105 26 indirekt,
925 694 46 21 viss

212 735 84 21 person
319 729 54 20 eller
396 729 113 21 kommun
532 729 55 21 eller
602 736 78 14 annan
696 729 118 27 menighet
829 730 77 20 såsom
922 729 49 21 sak-

211 768 74 21 egare,
301 763 42 21 bör
358 763 87 21 således
461 763 7 20 i
484 764 58 26 regel
558 763 53 21 dess
627 763 70 27 språk
712 763 97 21 komma
824 764 34 20 till
871 763 100 21 använd-

211 797 63 27 ning,
291 798 43 20 och
350 799 25 19 är
390 797 62 27 fråga
469 804 38 14 om
522 798 54 20 flere
592 798 115 26 sakegare,
723 798 44 20 bör
775 798 92 27 språket
876 798 95 20 bestäm-

212 838 51 14 mas
283 832 54 20 med
355 831 92 27 ledning
465 832 25 20 af
505 832 28 20 de
549 832 35 20 för
599 832 239 27 expeditionsspråket
853 832 118 20 faststälda

213 865 138 26 grunderna.
376 865 49 21 Fall
444 866 80 20 kunna
544 866 68 20 äfven
629 866 151 26 förekomma,
794 865 24 28 ja
833 866 53 21 hela
901 866 73 20 områ-

213 899 45 21 den
281 899 64 21 inom
366 899 215 22 administrationen
602 900 84 26 finnas,
707 900 43 20 där
765 900 38 21 det
818 900 73 21 måste
907 907 66 13 anses

213 934 120 27 påkalladt
348 937 32 18 att
395 934 106 21 använda
517 935 62 20 båda
595 935 99 27 språken
708 934 119 27 jämsides,
844 934 76 21 såsom
933 934 42 20 där

214 968 189 27 skriftväxlingen
416 969 70 26 gäller
493 969 143 26 menigheter
647 968 53 21 med
709 969 63 20 olika
783 968 76 27 språk,
870 969 53 20 eller
933 968 42 21 där

213 1003 108 26 cirkulär,
346 1003 161 27 räkenskaper,
531 1003 143 21 debetsedlar
689 1010 30 13 m.
736 1003 22 20 fl.
775 1003 79 27 dylika
870 1002 105 21 handlin-

214 1042 40 21 gar
269 1038 41 19 äro
326 1037 7 20 i
349 1037 72 26 fråga;
443 1037 44 21 och
502 1037 7 20 i
527 1039 64 18 ännu
608 1037 69 26 högre
693 1037 56 26 grad
765 1039 40 24 gör
820 1037 34 26 sig
869 1037 106 20 behofvet

213 1071 26 20 af
252 1071 219 27 dubbelspråkighet
486 1071 105 27 gällande
607 1071 36 26 då,
660 1071 63 27 lagar
738 1072 45 20 och
799 1071 118 20 allmänna
932 1071 43 20 för-

214 1105 125 26 fattningar
361 1105 65 21 skola
449 1106 137 21 förberedas.
619 1106 53 20 Men
695 1105 68 21 äfven
787 1112 38 14 om
844 1105 69 26 något
928 1111 47 15 om-

215 1139 54 21 råde
293 1139 25 21 af
343 1139 158 27 skriftväxling
524 1140 94 21 komme
639 1142 32 18 att
697 1139 90 27 återstå,
813 1139 42 20 där
881 1139 94 26 tidigare

215 1173 92 27 angifva
330 1181 92 14 normer
442 1187 29 2 —
494 1181 127 20 personens
643 1174 55 21 eller
720 1174 157 21 kommunens
899 1173 76 27 språk,

215 1208 85 21 sakens
318 1208 95 21 intresse
431 1209 45 20 och
489 1209 114 20 eventuelt
618 1208 249 27 dubbelspråkigheten
883 1220 28 2 —
925 1207 50 21 icke

215 1242 93 27 erbjöde
329 1249 28 14 en
378 1243 66 20 säker
459 1243 73 25 grund
549 1243 35 20 för
600 1242 134 27 afgörandet
749 1242 7 21 i
775 1241 79 28 hvarje
870 1242 45 26 fall,
931 1241 44 21 och

215 1276 43 21 där
277 1276 87 21 således
385 1283 27 14 en
427 1277 48 20 viss
490 1277 106 20 valfrihet
612 1277 46 20 kan
674 1276 98 27 inträda,
788 1276 43 21 bör
845 1283 55 14 man
916 1276 60 21 dock

216 1310 150 27 ihågkomma
394 1313 32 19 att
453 1311 89 21 landets
571 1311 160 27 myndigheter
756 1311 67 20 äfven
849 1310 30 27 på
904 1309 72 22 andra

215 1345 120 27 områden,
364 1347 56 19 trots
449 1345 116 27 mängden
595 1345 25 20 af
649 1345 146 26 föreskrifter,
831 1346 40 19 äro
900 1344 7 20 i
929 1344 46 21 viss

215 1379 57 21 mån
295 1379 127 21 hänvisade
444 1379 35 21 till
503 1379 144 28 själfständig
669 1379 114 27 pröfning.
821 1378 68 21 Hvad
910 1378 6 21 i
938 1385 38 14 an-

215 1413 58 27 tydd
313 1414 72 21 måtto
422 1414 107 27 möjligen
568 1413 132 21 kvarblefve
737 1413 26 20 af
797 1413 47 20 fritt
879 1413 97 20 bestäm-

216 1448 85 21 mande
323 1448 7 20 i
353 1448 62 26 fråga
438 1455 39 14 om
500 1447 266 28 skriftväxlingsspråket
788 1447 97 20 innebär
900 1447 77 21 därför

215 1481 52 22 icke
288 1482 76 27 någon
383 1482 171 21 inkonsekvens
570 1482 44 21 och
630 1483 63 19 ännu
709 1481 90 22 mindre
815 1481 77 27 någon
910 1481 65 21 våda.
