1073 1750
196 180 12 19 2
377 177 280 23 Petitionsbetänkande
673 176 44 23 N:o
733 176 36 23 27.

195 250 51 22 kets
270 250 135 26 okunnighet
428 250 40 21 och
491 249 181 22 fördomsfullhet
695 249 60 27 bjärt
779 248 126 25 framträda,
926 249 25 21 så

196 288 25 19 är
236 286 39 22 det
288 286 47 28 just
350 286 29 26 på
394 286 99 21 området
510 285 35 22 för
562 286 59 27 sjuk-
638 286 40 21 och
693 284 154 22 hälsovården.
879 284 72 22 Läka-

195 328 41 15 ren
259 322 44 20 kan
325 321 46 21 ofta
390 321 7 21 i
415 328 26 14 en
458 322 126 21 vidsträckt
600 321 167 21 landskommun
784 321 49 21 icke
849 320 59 22 finna
923 326 28 16 en

196 358 55 21 enda
276 364 87 20 person,
380 364 45 15 som
449 364 52 15 vore
525 358 8 20 i
550 357 65 22 stånd
631 359 33 19 att
680 357 113 26 praktiskt
809 356 99 27 tillämpa
924 357 27 21 de

196 394 101 21 enklaste
321 393 40 21 råd
385 393 136 22 beträffande
547 394 122 26 patienters
685 393 56 22 vård
757 393 56 21 eller
829 394 32 20 att
881 392 70 27 enligt

196 430 118 25 anvisning
337 430 100 26 iakttaga
461 429 26 21 de
511 429 125 27 vanligaste
656 428 165 27 profylaktiska
837 428 114 26 försiktig-

195 465 112 22 hetsmått.
342 465 46 21 Och
415 465 41 21 där
479 465 110 27 allmogen
613 465 27 26 på
665 467 88 19 senaste
777 464 59 21 tider
869 464 82 26 begynt

196 507 60 15 mera
278 503 26 19 än
321 500 60 22 förut
397 505 34 17 tro
447 501 28 27 på
487 491 143 37 sjukdomars
647 500 100 27 förmåga
763 503 32 18 att
812 500 83 27 smitta,
912 499 40 22 har

196 537 7 20 i
226 537 76 21 stället
326 537 89 21 fruktan
439 537 34 21 för
494 537 76 21 smitta
586 536 75 22 blifvit
677 537 24 20 så
717 536 70 27 stark,
805 537 32 20 att
853 535 37 22 det
906 541 45 16 mer

196 575 28 19 än
248 579 28 15 en
292 573 58 27 gång
366 573 35 21 för
418 573 92 21 läkaren
527 573 66 21 faller
610 573 34 27 sig
660 573 63 21 svårt
739 574 32 19 att
788 571 99 22 anskaffa
903 577 48 21 per-

196 614 72 22 soner,
285 615 45 15 som
347 609 64 27 åtaga
427 609 35 27 sig
477 612 33 18 att
527 609 65 21 sköta
608 609 117 26 patienter,
742 608 89 21 lidande
847 608 22 21 at
880 608 71 26 någon

196 644 121 22 smittosam
324 644 115 27 "sjukdom.
466 644 140 22 Kommunal-
622 644 40 21 och
679 644 228 22 sundhetsnämderna
924 644 27 26 pä

195 680 77 22 landet
287 680 74 21 kunna
376 680 70 22 under
463 680 127 22 nuvarande
607 680 154 22 förhällanden
773 680 113 27 svärligen
897 679 54 27 fylla

196 716 27 21 de
246 716 161 27 skyldigheter,
433 723 45 15 som
495 716 95 27 specielt
605 716 37 21 vid
659 716 134 27 utbrytande
809 716 120 26 epidemier
944 716 7 20 i

196 752 94 21 sanitärt
307 752 126 22 hänseende
449 752 74 28 åligga
540 752 56 22 dem.

268 788 39 21 Alt
323 788 57 21 talar
396 788 34 22 för
447 788 181 22 önskvärdheten
644 788 25 21 af
683 787 267 28 sjukvärdsförhällande-

196 830 40 14 nas
252 823 153 23 förbättrande
422 824 28 27 pä
467 824 159 27 landsbygden,
644 824 39 21 och
700 830 67 20 synes
777 823 79 22 härvid
872 823 79 21 liksom

197 859 28 26 pä
249 859 79 27 många
352 859 68 22 andra
444 860 105 21 områden
566 862 32 19 ett
613 860 108 26 vädjande
738 859 35 21 till
789 862 86 19 statens
891 859 59 21 mäk-

196 895 48 27 tiga
268 895 88 21 biständ
377 902 53 15 vara
454 895 25 21 af
499 896 78 21 nöden.
608 896 116 21 Utskottet
739 895 41 21 har
796 895 67 22 äfven
879 897 72 19 ansett

197 932 33 19 att
245 931 106 27 ätgärder
367 932 7 20 i
391 931 42 22 den
449 932 103 26 riktning
568 931 173 27 petitionärerna
757 930 117 28 föreslagit
890 931 6 21 i
909 931 42 26 hög

197 966 55 27 grad
269 973 52 15 vore
337 967 84 27 egnade
437 969 34 20 att
487 967 99 21 medföra
602 967 42 21 den
658 969 64 25 nytta
732 966 109 22 reformer
852 967 28 26 pä
891 966 60 22 detta

196 1002 89 22 område
309 1002 47 22 afse
382 1006 33 18 att
437 1003 85 27 bringa.
556 1003 180 21 Ambulatoriska
763 1002 186 27 sjuksköterskor,

197 1038 77 21 hvilka
290 1038 47 22 dels
354 1044 78 21 genom
448 1039 107 26 exempel,
573 1038 47 22 dels
636 1044 78 21 genom
731 1038 40 21 räd
788 1038 40 21 och
839 1038 111 21 anvisnin-

196 1080 41 20 gar
260 1074 74 22 skulle
353 1075 47 20 lära
416 1075 109 27 allmogen
542 1077 33 19 att
590 1075 65 21 sköta
671 1074 48 22 sina
735 1074 65 27 sjuka
816 1074 40 21 och
872 1073 78 22 under-

196 1110 48 21 visa
268 1110 126 21 densamma
417 1111 6 20 i
448 1111 67 21 enkla
536 1110 213 26 hälsovärdsregler,
767 1110 74 21 skulle
856 1109 94 21 förvisso

196 1146 67 21 hafva
284 1152 28 15 en
329 1146 124 27 betydande
469 1147 90 22 mission
576 1148 33 20 att
625 1146 55 27 fylla
696 1146 7 21 i
719 1146 55 21 vära
789 1145 161 21 landskommu-

196 1188 45 15 ner.
274 1183 42 20 Väl
333 1183 40 20 har
389 1183 116 21 Utskottet
520 1183 50 21 icke
587 1182 104 21 förbisett
707 1184 32 19 att
755 1181 98 22 rådande
869 1181 82 21 brister

196 1217 6 21 i
226 1217 269 23 sanitetsförhållandena:
507 1219 105 21 snabbast
628 1218 38 21 och
685 1217 127 22 effektivast
829 1216 73 22 blefve
919 1217 30 21 af-

196 1253 84 27 hjälpta
296 1260 77 19 genom
395 1254 138 21 anställande
551 1253 25 22 af
589 1253 203 22 kommunalläkare
808 1253 7 20 i
832 1253 25 21 så
873 1253 78 26 många

195 1289 130 21 kommuner
349 1295 45 15 som
415 1289 91 27 möjligt.
538 1290 51 21 Men
605 1289 62 21 detta
683 1289 41 21 mål
741 1289 45 21 kan
802 1288 25 21 af
841 1288 110 26 naturliga

195 1324 94 22 orsaker
312 1325 77 21 vinnas
413 1325 79 21 endast
516 1325 136 27 småvingom
669 1325 40 21 och
724 1324 8 21 i
749 1324 42 22 den
807 1324 50 21 mån
873 1323 77 22 veder-

195 1360 98 21 börande
317 1360 128 22 kommuner
469 1360 81 27 själfva
573 1360 47 22 lära
644 1360 35 27 sig
699 1360 48 22 inse
764 1362 33 18 att
812 1359 100 21 fördelen
929 1359 24 21 af

195 1397 33 19 att
252 1402 41 20 ega
317 1402 27 15 en
367 1396 205 22 kommunalläkare
588 1398 25 19 är
629 1396 56 22 värd
700 1396 43 21 den
759 1395 123 27 pekuniära
897 1402 53 20 npp-

194 1430 82 28 offring
297 1432 55 20 hans
372 1431 113 22 aflönande
501 1431 99 23 kräfver.
632 1432 46 21 Och
694 1432 63 26 långt
773 1430 59 22 ifrån
848 1432 33 20 att
896 1433 53 19 mot-

194 1466 71 22 värka
290 1467 55 21 eller
368 1467 98 28 fördröja
492 1468 150 21 anställandet
665 1467 25 21 af
713 1466 204 22 kommunalläkare
943 1467 7 20 i

269 1514 108 18 Altmänna
388 1515 184 22 petitionsulskottets
585 1515 117 18 betänkande
716 1514 37 18 N:o
767 1514 28 18 17.
