1053 1698
198 147 14 20 4
350 147 334 29 Petitionsbetänkande
703 148 50 27 N:o
772 148 25 27 3.

199 218 34 22 för
248 220 34 20 att
301 225 27 15 en
346 219 278 28 kyrkobyggnadsritning
641 220 59 22 skall
716 220 68 21 vinna
800 219 148 23 stadfästelse.

198 254 116 28 Föröfrigt
339 257 25 19 är
387 256 37 21 det
446 256 50 21 icke
520 256 49 21 skäl
593 258 34 19 att
649 256 46 21 låta
711 256 66 22 äfven
793 262 44 21 nya
852 256 97 27 kyrkors

198 290 117 23 förseende
343 292 50 21 med
423 294 195 25 värmeapparater
642 292 52 22 bero
721 291 25 22 af
768 292 181 27 presterskapets

197 327 102 22 initiativ.
330 328 105 22 Tvärtom
451 330 25 20 är
492 328 37 22 det
545 330 74 20 större
634 328 66 22 orsak
716 330 40 26 att,
768 328 41 22 där
820 328 24 22 så
855 328 44 21 kan
908 328 40 22 ske

197 365 52 19 utan
266 365 33 20 att
314 362 169 29 församlingens
501 363 253 29 sjelfbestämningsrätt
769 364 64 27 lider,
850 364 55 21 söka
916 364 32 21 af-

198 399 78 27 lägsna
294 399 44 21 alla
353 400 140 27 möjligheter
508 400 35 21 till
559 400 123 27 misssämja
698 400 94 22 emellan
808 399 140 27 själaherden

198 435 39 21 och
254 435 164 28 församlingen.

269 471 65 23 Hvad
350 472 105 27 slutligen
471 472 136 22 vidkommer
623 472 42 22 den
681 471 143 28 uppfattning
842 473 33 20 att
885 478 62 16 sena-

197 508 45 26 ten,
267 507 28 21 då
318 507 42 22 den
381 508 110 27 granskar
511 508 40 22 och
573 508 129 27 godkänner
723 508 111 27 ritningar
853 508 36 21 till
904 514 44 21 nya

197 543 93 27 kyrkor,
309 543 73 22 skulle
398 543 66 23 hafva
479 546 46 19 rätt
541 545 33 20 att
589 544 128 27 bestämma,
734 545 34 19 att
783 543 65 22 dessa
863 544 85 27 kyrkor

198 579 63 21 skola
281 579 71 22 förses
373 580 49 22 med
443 582 201 25 värmeapparater,
665 580 25 22 så
707 580 43 21 kan
766 579 116 22 Utskottet
898 579 50 22 icke

198 621 53 15 anse
268 621 27 15 en
312 615 69 22 sådan
391 615 59 28 åsigt
461 615 7 22 i
479 616 37 27 lag
527 615 106 28 grundad,
646 618 52 19 utan
709 615 77 28 finner,
800 615 70 22 såsom
881 615 66 22 äfven

198 652 92 21 senaten
306 651 8 21 i
330 651 68 22 saken
414 652 130 27 resolverat,
561 653 33 20 att
610 654 32 19 ett
653 651 80 22 sådant
743 651 131 27 ingripande
885 651 7 21 i
903 651 44 22 för-

199 687 158 27 samlingarnas
378 687 276 29 sjelfbestämmningsrätt
672 687 79 22 endast
767 687 43 21 kan
826 687 122 22 tillkomma

198 724 92 21 senaten
313 723 28 27 pä
364 723 71 28 grund
459 723 25 21 af
505 730 27 15 en
553 729 78 22 genom
655 723 137 22 Ständernas
813 723 134 21 medverkan

197 759 165 22 åstadkommen
378 759 38 28 lag
430 760 8 21 i
454 761 80 20 ämnet.

269 795 31 21 På
316 795 71 27 grund
403 795 24 21 af
441 795 41 22 allt
497 795 62 22 detta
574 795 35 22 får
625 795 116 22 Utskottet
757 794 89 28 föreslå,
858 796 33 20 att
901 795 46 21 lan-

197 830 49 22 dets
262 830 117 28 höglofliga
390 831 95 22 Ständer
496 831 39 22 hos
547 831 61 22 Hans
619 831 127 27 Kejserliga
757 830 103 28 Majestät
868 830 79 22 under-

197 866 90 28 dånigst
306 867 73 22 skulle
398 868 89 21 anhålla
505 869 33 20 att
553 868 183 21 nästkommande
752 867 105 27 landtdag
873 866 74 23 blefve

196 902 102 28 förelagd
314 904 68 27 nådig
397 904 135 27 proposition
548 904 8 21 i
573 904 37 21 det
626 904 59 27 syfte

483 953 32 20 att
535 951 88 28 kyrkor,
643 958 45 15 som
704 951 8 21 i
730 950 111 22 Finlands
857 958 89 20 evange-

412 987 147 21 lisk-luterska
569 987 163 28 församlingar
748 986 96 28 härefter
863 986 84 22 komma

410 1024 32 20 att
458 1022 111 28 uppföras,
584 1022 60 22 skola
656 1022 75 28 förses
742 1022 46 22 med
795 1022 151 22 värmeinrätt-

409 1059 60 27 ning.

267 1106 149 28 Helsingfors,
434 1107 116 21 Allmänna
566 1107 225 27 Petitionsutskottet,
808 1106 42 22 den
862 1108 24 20 13
899 1106 45 22 feb-

195 1142 59 21 ruari
274 1144 62 19 1897.

266 1178 39 21 Uti
330 1178 104 22 ärendets
451 1179 90 27 slutliga
556 1179 134 27 behandling
706 1178 68 22 hafva
784 1178 101 28 deltagit:
896 1178 48 22 ord-

193 1212 109 24 föranden
328 1214 121 28 Melander,
476 1215 158 22 ledamöterna:
661 1214 162 27 Wallensköld,
850 1214 95 22 friherre

194 1249 24 21 E.
235 1249 153 28 Cedercreutz,
411 1250 94 22 friherre
526 1257 43 15 von
583 1250 122 28 Bonsdorff,
727 1250 91 28 Heman,
835 1250 108 28 Auvinen,

193 1285 135 28 Päivärinta,
353 1286 107 27 Andstén,
485 1286 118 28 Sundwall,
627 1287 110 27 Boisman,
764 1286 97 28 Nyberg,
882 1286 61 22 Hell-

193 1322 77 26 ström,
298 1322 100 21 Oittinen
430 1322 39 21 och
497 1322 113 21 Jalkanen
634 1325 56 18 samt
714 1322 181 27 suppleanterna:
918 1323 25 21 U.

192 1356 107 22 Lindelöf
312 1357 39 22 och
367 1357 137 22 Pietiläinen.

263 1477 107 18 Allmänna
384 1477 184 19 Petitionsutskottets
581 1478 116 18 betänkande
715 1477 37 18 N:o
765 1478 16 17 1.
