1059 1734
826 149 12 20 3

176 218 68 21 Dessa
266 220 142 19 summariska
431 219 143 26 beräkningar
597 220 47 18 utaf
662 219 83 26 skogen
763 218 13 21 å
790 217 78 28 ifråga-

107 248 91 19 varande
223 248 79 20 trakter
326 248 40 20 och
392 248 74 20 värdet
491 248 23 19 af
537 248 125 19 densamma
687 254 64 14 anses
776 248 23 19 af
819 247 51 20 sak-

107 276 93 26 kunnige
222 277 115 25 ingalunda
357 283 51 13 vara
428 277 33 19 för
481 276 55 26 högt
555 276 112 26 tilltagna;
690 277 90 19 tvärtom
796 278 23 18 är
834 276 36 20 det

107 304 79 26 troligt,
208 307 30 17 att
259 306 63 19 dessa
342 306 30 19 tal
394 312 78 19 genom
494 312 26 13 en
542 312 148 19 noggrannare
711 305 158 25 undersökning

108 333 70 20 kunde
200 334 69 26 höjas.
299 334 115 20 Dessutom
437 335 24 19 är
484 336 30 17 att
537 334 80 23 märka,
639 336 31 17 att
685 334 7 19 i
708 334 95 26 enlighet
821 334 48 19 med

108 362 149 26 naturlagarna
272 369 26 13 en
313 369 77 19 mogen
405 364 50 18 växt
470 364 85 18 vissnar
570 363 40 19 och
626 363 44 23 dör,
685 362 41 20 och
742 362 25 20 så
778 363 24 19 är
812 362 58 20 fallet

108 390 62 20 äfven
185 392 48 19 med
248 392 112 25 skogarna,
376 392 73 19 hvilka
465 392 65 19 redan
546 392 62 20 altför
623 392 64 25 länge
702 390 40 21 fått
757 391 113 19 förmultna

108 420 50 18 utan
177 422 61 24 nytta
252 421 32 19 för
299 419 77 27 någon.
406 420 76 20 Derför
497 420 65 20 borde
577 426 50 14 man
642 420 80 20 sträfva
738 420 86 21 derhän,
840 421 30 18 att

108 448 117 26 fullmogna
247 448 41 20 och
306 448 118 26 öfveråriga
439 449 47 19 träd
502 450 49 18 med
567 450 35 18 det
617 451 97 17 snaraste
729 449 69 19 blefve
813 448 57 20 fälda

108 476 41 20 och
170 476 98 24 försålda,
290 479 50 18 enär
362 478 57 19 detta
442 478 158 26 förfaringssätt
622 478 24 19 är
668 480 30 17 ett
715 477 155 26 oundgängligt

108 505 68 20 vilkor
198 506 32 20 för
251 507 152 19 förbättrandet
424 506 41 20 och
485 507 148 19 befordrandet
648 505 14 21 å
677 506 64 20 dessa
756 506 78 20 trakter
850 506 22 19 af

110 534 92 26 skogens
217 534 58 24 vård,
290 536 49 19 dess
350 536 126 25 afkastning
487 536 41 19 och
539 536 99 19 framtida
647 535 125 25 växtlighet.
788 534 82 20 Nästan

109 568 42 20 nog
173 564 35 19 det
228 564 54 20 enda
297 564 69 20 medel
380 564 73 20 härtill
468 570 50 14 vore
533 564 125 26 byggandet
674 564 23 19 af
710 562 160 27 ifrågavarande

107 590 96 28 jernväg,
225 593 135 19 hvarförutan
381 593 48 19 icke
444 594 116 18 förefinnes
575 593 88 25 mycket
677 592 56 26 hopp
749 598 35 14 om
798 591 72 21 åstad-

108 620 127 20 kommande
256 622 23 19 af
298 628 26 13 en
345 622 89 19 rationel
454 620 120 28 skogsvård
590 621 40 20 och
646 620 171 26 ändamålsenlig
832 627 38 13 an-

109 649 108 25 vändning
232 650 31 20 för
279 650 215 26 skogsprodukterna,
509 652 26 25 ty
549 650 99 20 behofvet
660 650 32 20 för
705 650 41 20 den
758 650 54 20 enda
824 648 46 27 såg,

109 684 47 13 som
177 678 69 20 finnes
267 680 35 18 vid
317 679 132 26 mynningen
465 680 23 18 af
501 679 121 26 Koutajoki,
638 680 24 18 är
677 685 44 13 mer
737 680 27 18 än
779 678 35 20 väl
828 678 42 20 till-

109 706 103 25 godosedt
226 714 78 19 genom
319 708 41 20 den
374 708 78 26 rikliga
468 706 119 28 tillgången
600 708 23 19 af
632 708 60 19 virke
707 708 7 18 i
729 707 66 27 ryska
805 707 66 19 Kare-

109 734 47 20 lens
170 736 85 25 skogar.

178 764 41 19 Vid
234 765 140 20 bedömandet
389 766 23 18 af
426 766 41 18 den
482 765 122 25 föreslagna
617 765 131 25 jernvägens
761 764 110 26 betydelse

109 792 41 19 och
171 794 129 19 rentabilitet
314 794 37 19 bör
369 794 81 25 jemväl
464 794 90 19 beaktas
569 792 120 27 tillgången
704 792 27 27 på
746 793 125 23 mineralier,

110 826 46 13 som
171 822 7 18 i
194 822 63 19 dessa
279 822 73 26 nejder
366 824 23 18 är
404 822 141 26 synnerligen
559 822 70 26 riklig.
660 821 94 21 Sålunda
768 822 38 19 har
821 828 50 13 man

108 848 8 19 i
130 849 84 20 trakten
236 852 22 18 af
275 851 126 26 Paanajärvi
416 852 70 19 funnit
501 852 147 25 kopparmalm
663 851 7 19 i
686 850 24 21 så
726 853 44 18 stor
785 850 85 26 mängd,

108 879 31 18 att
154 877 64 27 något
228 880 74 19 tvifvel
311 881 47 19 icke
368 881 42 19 kan
420 879 53 21 råda
484 881 89 19 rörande
586 881 40 19 den
637 880 140 19 ekonomiska
786 880 84 19 vinsten

108 906 23 19 af
151 906 49 21 dess
222 909 140 20 bearbetande
382 915 39 14 om
443 909 55 20 blott
517 909 92 26 jernväg
632 909 30 19 dit
684 909 71 19 kunde
771 907 98 20 erhållas.

108 935 78 20 Likaså
207 936 39 20 har
266 944 49 13 man
330 938 68 19 funnit
414 937 182 27 blyhartsklippor
615 938 3 19 i
634 937 108 20 Kuusamo
758 937 40 20 och
811 937 59 26 jern-

108 963 104 21 malmfält
241 966 36 19 vid
306 967 100 19 stranden
436 967 23 18 af
488 966 88 23 Tuntsa,
606 966 40 20 och
672 973 26 12 en
723 971 147 20 noggrannare

108 993 158 27 undersökning
286 995 68 20 skulle
372 995 159 26 otvifvelaktigt
547 995 127 20 fortfarande
690 995 74 25 bringa
780 995 6 18 i
802 995 68 24 dagen

108 1027 44 19 nya
173 1022 40 19 och
235 1023 103 26 möjligen
360 1025 57 18 ännu
435 1024 89 26 mycket
550 1024 114 25 dyrbarare
686 1023 87 23 skatter,
798 1023 72 19 hvilka

108 1051 50 18 utan
174 1053 30 17 att
219 1051 59 20 finna
292 1053 138 25 användning
444 1053 37 19 äro
498 1053 71 19 slutna
584 1053 7 18 i
604 1052 88 26 jordens
708 1052 68 19 sköte.
804 1051 66 20 Tiden

108 1084 50 14 vore
178 1080 64 19 redan
261 1081 49 20 inne
326 1083 30 17 att
371 1081 33 19 till
418 1080 48 21 vårt
481 1081 77 26 fattiga
572 1081 62 20 lands
650 1081 108 20 förkofran
774 1080 97 20 använda

108 1107 62 20 äfven
195 1109 63 20 dessa
284 1110 86 23 skatter,
395 1109 25 20 så
446 1112 32 17 att
503 1110 48 19 icke
574 1116 26 13 en
622 1110 104 19 arbetsför
747 1109 123 26 befolkning

108 1141 49 14 vore
172 1138 93 25 tvungen
281 1140 30 18 att
326 1139 7 18 i
348 1139 132 19 främmande
495 1139 75 19 länder
584 1139 54 19 söka
650 1139 41 19 den
707 1138 101 23 utkomst,
824 1143 46 14 som

109 1164 49 19 dem
177 1172 43 19 nog
240 1167 70 20 kunde
331 1167 39 20 här
388 1167 88 20 hemma
498 1167 106 26 erbjudas,
620 1167 54 20 blott
689 1173 49 13 man
754 1166 49 19 ville
818 1173 52 19 upp-

110 1193 53 20 söka
177 1195 41 19 och
232 1196 98 25 begagna
346 1196 34 25 sig
395 1196 23 19 af
430 1196 34 19 till
479 1196 71 20 hands
562 1197 93 18 varande
666 1195 165 20 förvärfskällor.

176 1223 108 26 Derjemte
299 1225 37 19 bör
351 1225 53 25 högt
419 1225 84 19 skattas
519 1225 36 20 det
567 1223 192 21 framåtskridande
771 1225 6 18 i
790 1223 80 26 odling,

108 1255 47 14 som
170 1258 49 13 vore
234 1259 27 14 en
276 1253 92 26 naturlig
383 1253 54 25 följd
452 1254 24 19 af
484 1252 161 27 ifrågavarande
656 1253 95 26 jernväg.
772 1252 98 26 Odlings-

108 1278 37 19 bar
160 1281 60 19 mark
234 1282 70 19 finnes
319 1282 92 25 rikligen
426 1281 13 20 å
455 1282 59 19 detta
525 1282 131 20 vidsträckta
668 1281 93 23 område,
772 1281 98 26 isynner-

108 1306 37 20 het
156 1308 7 19 i
175 1309 131 26 Pudasjärvi,
315 1310 145 24 Taivalkoski,
468 1311 110 20 Kuusamo
588 1311 40 20 och
639 1310 123 26 Kuolajärvi
773 1310 97 23 socknar,

108 1335 132 29 Visserligen
261 1339 60 20 lönar
339 1339 34 26 sig
388 1339 48 20 icke
451 1339 103 26 odlingen
569 1340 23 19 af
605 1339 39 20 säd
660 1340 6 18 i
682 1340 68 19 större
764 1338 106 19 utsträck-

107 1364 59 27 ning,
186 1367 33 19 till
233 1367 54 26 följd
302 1368 23 19 af
338 1368 35 19 det
388 1369 89 24 stränga
492 1368 104 23 klimatet,
611 1374 49 13 men
676 1368 60 19 desto
751 1367 68 20 bättre
834 1367 36 19 bo-

108 1392 148 27 skapsskötsel
270 1396 41 20 och
326 1396 109 27 höodling,
451 1397 90 20 hvarom
556 1403 50 13 man
618 1397 47 25 just
680 1397 64 19 borde
754 1396 116 25 vinnlägga

108 1421 40 26 sig,
166 1430 49 14 men
230 1431 47 14 som
292 1425 55 20 dock
362 1425 7 19 i
384 1425 106 20 afsaknad
505 1426 23 19 af
542 1425 196 20 tillfredsställande
754 1424 116 20 samfärds-

108 1451 69 20 medel
192 1453 86 26 mycket
292 1453 109 27 långsamt
415 1454 44 20 kan
474 1454 66 20 vinna
554 1454 78 19 insteg.
662 1453 10 20 I
686 1454 65 19 dessa
766 1451 46 21 från
826 1455 44 17 tra-
