1075 1739
122 161 188 29 (Öfversättning).

345 221 309 29 Petitionsmemorial.

228 282 177 37 Borg.ständet.
667 287 45 22 N:o
729 287 38 22 32.

272 603 49 20 Till
336 604 145 24 Vällofliga
495 603 232 25 Borgareständet.

195 661 93 24 Enhvar,
308 665 48 15 som
376 661 59 20 hälst
454 661 67 24 nägot
539 661 111 24 begagnat
664 661 34 24 sig
712 661 24 20 af
750 661 125 24 kyrkoarki-

124 693 54 14 vens
198 688 6 19 i
223 688 75 19 landet
316 687 136 26 handlingar,
470 689 60 19 torde
546 688 94 20 kommit
655 688 33 19 till
703 688 70 20 insikt
787 694 36 14 om
839 689 38 19 det

124 715 119 24 skyddlösa
262 713 105 24 tillstånd,
387 715 62 20 hvari
463 715 114 20 desamma
592 715 88 20 befinna
694 715 41 24 sig.
759 715 31 20 De
804 715 71 20 förva-

123 747 37 14 ras
177 742 7 19 i
203 742 121 19 allmänhet
338 740 13 21 &
365 742 164 24 kyrkoherdens
548 742 24 19 af
585 743 34 18 trä
633 742 106 24 uppförda
753 742 99 25 boställe,
868 743 6 18 i

124 769 83 19 dennes
226 769 130 24 arbetsrum,
375 769 26 19 de
420 769 71 20 äldste
510 769 33 20 till
562 769 86 19 arkivet
666 769 96 20 hörande
777 769 98 20 handlin-

124 801 68 18 garna
210 795 71 24 nägon
296 794 58 25 gäng
369 795 74 20 säsom
459 796 124 24 damhöljda
597 796 160 24 pappersrullar
771 795 14 20 &
799 796 76 19 vindar

109 827 2 2 *
124 822 52 20 eller
190 823 7 18 i
212 823 121 24 kyrkornas
348 823 85 24 fuktiga
443 823 115 20 sakristior
572 823 52 19 eller
634 823 6 19 i
651 823 51 19 dess
712 823 79 20 närhet
801 823 74 20 befint-

121 849 45 24 liga
179 855 55 14 rum.
257 848 118 21 Eldsvädor
390 850 40 19 och
445 850 68 19 andra
523 850 89 24 olyckor
622 850 66 19 hafva
698 849 69 20 under
777 850 97 19 tidernas

121 876 50 25 lopp
186 875 158 20 åstadkommit
358 877 60 19 stora
431 877 120 20 förödelser
565 877 5 18 i
582 877 66 19 dessa
657 877 100 24 dyrbara,
767 875 39 21 vär
815 877 58 19 forn:

121 903 31 19 tid
167 903 119 24 belysande
301 903 136 24 handlingar.

193 930 41 19 För
253 930 101 24 omkring
369 931 34 23 sju
417 929 24 21 är
456 931 67 19 sedan
538 931 137 19 inlemnades
690 931 24 18 af
727 931 146 19 Statsarkiva-

121 957 46 19 rien
182 957 82 19 Doktor
278 957 24 19 R.
318 957 22 19 T.
355 957 90 20 Hausen
456 957 34 20 till
499 957 122 25 Kejserliga
632 957 95 20 Senaten
737 957 34 20 för
781 957 93 20 Finland

122 989 26 14 en
163 983 136 24 underdänig
314 984 115 19 skrifvelse
443 985 51 19 med
509 983 110 24 anhällan,
634 985 34 18 att
677 984 122 24 Kejserliga
809 984 66 20 Sena-

121 1011 38 19 ten
178 1009 70 21 mätte
267 1011 89 24 vidtaga
374 1011 156 20 förberedande
550 1010 100 25 ätgärder
669 1011 89 24 därhän,
779 1011 33 19 att
826 1011 26 19 de
868 1011 6 19 i

120 1037 198 24 församlingarnas
347 1038 138 24 kyrko-arkiv
512 1037 114 25 befintliga
651 1038 59 19 äldre
737 1038 138 24 handlingar,

121 1064 75 19 hvilka
213 1065 47 19 icke
275 1064 90 20 komma
379 1065 34 19 till
427 1065 74 24 daglig
515 1065 148 24 användning,
679 1065 71 19 skulle
765 1065 110 23 öfverflyt-

121 1092 35 18 tas
178 1091 34 19 till
233 1091 103 20 Finlands
358 1092 131 24 Statsarkiv,
510 1092 90 19 hvilken
620 1091 167 24 öfverflyttning
805 1092 70 23 enligt

121 1118 56 19 hans
196 1117 59 25 äsigt
275 1118 55 20 dock
348 1118 48 20 icke
415 1118 73 20 kunde
503 1119 110 23 företagas
628 1118 54 20 utan
697 1118 122 24 respektive
834 1118 40 20 för-

122 1144 132 24 samlingars
273 1145 154 24 medgifvande
442 1146 41 19 och
498 1145 169 20 ständerbeslut.
698 1145 28 19 Af
739 1145 26 19 de
779 1144 95 21 utlätan-

121 1171 48 25 den,
189 1177 49 14 som
257 1172 7 18 i
283 1172 120 24 anledning
421 1172 24 19 af
458 1173 72 19 denna
544 1171 103 21 anhällan
663 1172 133 19 affordrades
811 1172 62 19 Dom-

121 1198 97 24 kapitlen
234 1199 7 19 i
255 1198 80 21 landet,
351 1204 52 14 voro
417 1199 26 19 de
459 1200 23 18 af
495 1199 153 24 Domkapitlen
664 1199 7 19 i
685 1199 48 19 abo
748 1199 41 19 och
804 1198 71 24 Borgä

121 1225 84 24 afgifna
226 1226 149 24 afstyrkande,
397 1226 116 20 hvaremot
533 1226 149 24 Domkapitlet
701 1226 7 18 i
727 1225 84 25 Kuopio
834 1226 40 19 till-

121 1252 87 24 styrkte
223 1252 61 20 bifall
299 1252 49 20 med
364 1252 76 24 vilkor,
455 1254 34 18 att
503 1253 24 19 af
534 1253 27 19 de
571 1252 136 24 handlingar,
717 1252 76 20 hvilka
804 1252 71 20 skulle

121 1278 144 26 ofverflyttas,
280 1279 64 19 borde
360 1279 33 19 till
408 1280 34 19 sin
453 1280 106 24 riktighet
568 1279 116 25 bestyrkta
693 1279 113 19 afskrifter
815 1284 60 19 gvar-

120 1305 87 20 lemnas
222 1305 13 20 &
249 1306 174 24 kyrko-arkiven.
453 1306 83 25 Frågan
552 1306 79 20 förföll.

192 1332 87 20 Ytterst
298 1333 77 24 sällan,
395 1333 110 24 knappast
518 1332 115 26 nägonsin,
648 1332 61 20 torde
724 1332 151 24 församlings-

120 1359 95 20 medlem
234 1360 90 19 komma
345 1360 34 19 att
400 1360 95 20 behöfva
513 1360 25 20 de
556 1360 8 19 i
581 1359 163 25 kyrko-arkivet
763 1359 113 24 befintliga

120 1386 72 20 äldsta
211 1386 165 24 handlingarna.
405 1386 10 19 I
429 1386 27 20 de
470 1386 65 21 flesta
549 1386 39 20 fall
602 1388 24 18 är
640 1387 44 19 han
700 1386 19 24 ej
734 1391 40 15 ens
788 1386 7 19 i
810 1385 65 21 stånd

120 1413 80 24 därtill,
215 1413 92 19 emedan
322 1414 43 18 han
381 1413 47 19 icke
443 1415 25 18 är
482 1414 112 23 förtrogen
608 1413 50 19 med
673 1413 41 19 den
726 1413 73 24 gamla
809 1412 64 20 hand-

120 1440 63 19 stilen.
213 1440 101 20 Samlade
335 1440 7 19 i
364 1440 149 20 Statsarkivet
533 1445 51 15 vore
604 1440 115 20 desamma
739 1440 78 19 lättare
833 1439 40 20 till-

120 1466 103 24 gängliga
241 1467 34 19 för
294 1466 52 20 vära
365 1466 168 21 arkivforskare.
561 1467 11 19 I
590 1467 106 19 händelse
715 1465 72 25 nägon
807 1466 7 20 i
833 1466 40 20 och
