1070 1736
233 181 12 19 2

200 243 149 25 lagstiftningen
365 245 86 19 rörande
466 245 113 23 grunderna
595 244 32 20 för
641 244 140 25 språkfrågans
793 244 86 24 lösning,
889 245 70 19 medan

200 273 56 20 Hans
267 272 113 25 Kejserliga
392 274 94 23 Majestät
496 273 123 20 fortfarande
631 273 119 20 förbehölles
761 275 40 17 rätt
811 275 30 18 att
852 274 108 19 bestämma

200 302 103 24 angående
319 302 34 19 det
368 302 67 26 språk,
446 307 42 14 som
498 302 52 19 skall
561 302 99 24 begagnas
671 303 5 18 i
688 301 161 20 ämbetsvärkens
865 302 94 19 inbördes

202 331 145 23 skriftväxling.

269 359 29 20 På
312 360 62 23 grund
391 359 21 20 af
426 359 50 20 hvad
498 359 18 20 vi
534 359 36 20 här
585 359 42 20 haft
643 362 48 17 äran
706 359 69 20 anföra
790 359 20 20 få
823 360 18 19 vi
859 359 101 20 vördsamt

200 388 82 24 föreslå,
297 391 29 16 att
349 387 104 25 Vällofliga
475 387 169 25 Borgareståndet
664 389 61 23 jämte
748 388 63 24 öfriga
834 389 58 19 stånd
914 389 44 18 ville

200 417 30 20 till
253 417 55 19 Hans
331 417 111 24 Kejserliga
465 417 96 24 Majestät
575 415 46 26 ingå
637 417 44 20 med
697 423 23 14 en
736 417 124 24 underdånig
875 417 84 24 petition

201 447 79 19 därom:

408 485 37 20 Att
462 484 64 21 Hans
542 484 126 28 Kejserliga
685 484 102 27 Majestät
803 484 81 21 täcktes
895 485 65 27 före-

339 514 65 27 lägga
435 513 125 21 Ständerna
590 513 68 28 nådig
676 530 3 5 .
685 513 138 28 proposition
848 513 112 28 angående

338 541 90 21 svenska
445 542 38 20 och
496 541 74 27 finska
585 542 105 26 språkens
701 541 142 27 likställighet
853 542 37 20 vid
901 543 58 20 dom-

338 571 69 20 stolar
426 570 38 21 och
480 570 227 28 ämbetsmyndigheter
721 571 7 20 i
742 570 107 26 Finland,
865 571 95 27 afattad

340 599 67 28 enligt
422 599 71 20 sådan
508 599 88 28 grund:

408 629 32 19 1:0
451 630 32 18 att
493 627 91 22 ämbets-
595 627 38 21 och
644 627 131 26 tjänsteman
783 628 8 20 i
799 628 84 21 allmän
891 627 69 28 tjänst

338 657 58 21 skall
412 663 53 14 vara
480 656 83 28 mäktig
579 656 85 21 landets
680 656 66 29 bägge
761 656 82 27 språk;

406 687 34 20 2:0
464 687 31 19 att
517 685 81 21 enhvar
613 692 48 21 eger
676 685 35 21 till
726 685 91 21 domstol
832 685 53 21 eller
900 692 58 22 myn-

339 714 71 28 dighet
426 714 72 21 vända
514 715 33 27 sig
560 715 32 26 på
608 713 90 22 svenska
713 715 52 20 eller
780 713 83 27 finska;

407 744 33 19 3:0
464 745 31 18 att
517 743 110 27 sakegare,
646 745 57 18 utom
723 743 9 20 i
752 743 71 20 nedan
846 745 114 26 upptagna

335 772 55 27 fall,
407 778 47 21 eger
476 772 61 20 såväl
553 772 8 20 i
576 772 60 27 lägre
658 778 45 14 som
726 771 63 28 högre
812 771 91 21 domstol
921 771 39 22 och

339 799 123 28 myndighet
484 802 45 19 rätt
551 803 32 18 att
598 801 9 20 i
622 800 86 26 ärende,
724 807 44 14 som
788 800 30 27 af
828 800 77 21 honom
921 807 39 14 an-

338 829 149 28 hängiggöres,
511 829 50 27 utfå
586 829 115 26 protokoll,
725 829 72 27 utslag
823 829 38 20 och
885 836 75 14 annan

338 858 124 27 expedition
477 859 9 20 i
501 858 97 27 original
614 858 32 26 på
663 858 34 20 det
712 857 73 27 språk,
802 857 91 21 svenska
909 859 51 20 eller

336 886 80 26 finska,
432 886 44 21 han
492 886 61 28 själf
565 886 105 28 begagnat
685 886 53 21 eller
753 886 74 25 äskat;

406 916 34 20 4:0
457 917 31 19 att
504 915 43 21 där
562 915 79 21 ärende
663 915 181 28 anhängiggjorts
864 916 31 26 af
904 916 56 26 flere

339 943 103 28 sakegare
465 944 38 20 och
521 944 58 20 desse
595 944 96 28 begagna
707 944 58 21 olika
781 944 75 27 språk,
872 944 88 28 expedi-

340 972 44 21 tion
407 972 57 21 skall
486 972 106 28 utfärdas
611 973 32 27 på
661 973 34 21 det
711 972 74 28 språk,
801 972 91 21 svenska
909 974 51 20 eller

333 1001 84 26 jinska,
439 1001 93 24 flertalet
554 1001 69 26 äskat,
647 1008 47 14 men
716 1002 38 20 vid
775 1000 46 22 lika
845 1002 63 20 antal
928 1002 32 27 på

339 1032 72 19 ortens
426 1029 206 28 kommunalspräk;

408 1059 35 20 5:0
460 1061 32 18 att
507 1059 8 20 i
530 1059 87 26 ärende,
633 1065 44 14 som
700 1059 86 20 enskild
801 1058 105 27 sakegare
921 1066 39 13 an-

338 1087 147 28 hängiggjort,
498 1087 111 27 protokoll
624 1087 38 21 och
677 1087 124 28 expedition
817 1087 8 20 i
840 1087 65 27 högre
915 1089 45 19 rätt

339 1117 51 20 eller
413 1116 123 27 myndighet
554 1116 92 27 afattas
659 1117 32 26 pä
707 1116 35 21 det
756 1115 68 28 språk
839 1116 61 27 lägre
915 1118 45 19 rätt

339 1145 51 21 eller
406 1145 121 27 myndighet
548 1145 4 20 i
566 1151 84 14 samma
665 1145 80 20 ärende
761 1144 116 28 begagnat;

408 1174 33 20 6:0
462 1176 32 18 att
509 1173 65 27 ifrån
590 1173 192 27 bestämningarna
798 1173 112 27 angående
925 1173 35 21 det

338 1202 74 27 språk,
426 1202 84 27 hvarpä
524 1202 122 27 expedition
664 1202 37 20 bör
716 1202 9 20 i
740 1202 96 28 original
853 1202 106 27 utgifvas,

339 1230 46 21 icke
400 1230 72 22 andra
482 1230 114 28 undantag
608 1232 35 20 mä
655 1238 39 20 ega
705 1237 48 15 rum
764 1232 28 19 än
804 1230 32 25 de,
847 1237 45 14 som
903 1231 56 21 tills-

339 1259 74 21 vidare
428 1259 97 28 belingas
538 1260 31 27 af
577 1268 26 12 en
613 1259 35 21 del
659 1260 61 20 äldre
730 1260 144 27 tjänsiemäns
883 1266 76 20 genom

338 1288 94 28 tidigare
447 1288 256 28 kompetensstadganden
717 1288 112 28 reglerade
843 1288 117 28 ställning;

408 1318 33 20 7:o
455 1319 32 18 att
502 1317 108 27 handling
623 1317 38 21 och
677 1316 142 22 meddelande
831 1316 60 28 från
901 1316 59 22 dom-

337 1346 43 20 stol
394 1346 52 20 eller
461 1345 124 28 myndighet
600 1346 35 20 till
650 1346 100 20 kommun
763 1345 53 21 eller
822 1345 138 28 församling

337 1374 59 21 skall
418 1374 92 28 affattas
524 1375 33 27 pä
578 1374 47 21 dess
638 1374 190 28 protokollsspräk
843 1374 59 25 eller,
918 1374 42 21 där

337 1403 224 27 expeditionsspräket
577 1403 94 27 lagligen
685 1403 55 21 varit
754 1403 34 20 det
801 1402 79 26 andra,
891 1403 69 27 ätföl-

335 1432 37 27 jas
388 1432 30 27 af
430 1432 171 27 öfversättning;

406 1461 34 20 8:0
464 1462 31 19 att
518 1460 115 21 enahanda
655 1460 100 27 skrifter,
778 1459 96 28 afsedda
898 1463 30 18 att
952 1462 7 19 i

338 1488 80 29 kyrkor
434 1488 116 28 kungöras,
566 1489 26 20 sä
608 1489 38 21 ock
661 1489 134 27 myndighets
806 1489 85 27 anslag,
903 1490 55 20 lika-
