1067 1739
277 176 277 23 Petitionsbetänkande
570 176 45 23 N:o
630 176 23 23 8.

366 411 154 22 Allmänna
538 411 307 28 petitionsutskottets

293 445 181 23 betänkande
494 446 43 22 N:o
558 445 14 23 6
594 445 9 23 i
618 445 134 29 anledning
770 445 27 23 af
809 445 37 23 ett

296 480 41 22 till
359 480 187 22 Presteständet
564 480 139 22 inlemnadt
718 480 128 28 petitions-

296 514 93 28 förslag
414 514 10 22 i
450 514 65 28 syfte
540 515 37 21 att
601 514 210 28 undervisningen
837 514 10 22 i

300 548 184 28 kyrkohistoria
514 548 46 23 och
589 548 117 22 Finlands
742 548 105 23 historia

297 582 131 23 framdeles
448 582 78 24 mätte
546 583 125 22 meddelas
691 582 14 23 ä
720 583 127 28 lyceernas

298 617 77 28 högre
389 617 95 22 klasser
498 617 32 29 pä
540 617 99 23 skolans
649 617 198 28 undervisnings-

299 652 81 28 spräk.

333 708 89 22 (Prestest.
447 708 75 18 Petition
534 708 33 18 N:o
580 708 35 22 49.)

163 761 84 21 Genom
263 760 196 29 protokollsutdrag
475 760 23 20 af
510 760 41 20 den
563 761 26 20 10
600 759 144 22 innevarande
755 759 94 21 februari

94 796 39 21 har
148 794 163 22 Presteständet
322 794 32 21 till
364 794 114 21 Allmänna
489 794 219 28 petitionsutskottets
719 793 131 27 behandling

94 830 119 28 hänskjutit
235 832 30 18 ett
287 829 32 21 till
341 828 67 28 sagda
430 828 63 22 stånd
514 828 118 21 inlemnadt
646 828 203 28 petitionsförslag
837 824 17 38 i

95 864 56 28 syfte
167 866 32 19 att
219 863 180 27 undervisningen
414 864 7 20 i
436 862 158 29 kyrkohistoria
610 862 39 22 oeh
665 862 184 22 fäderneslandets

96 898 87 22 historia
200 898 65 21 mätte
281 897 109 21 meddelas
405 897 13 21 &
433 897 110 28 lyceernas
558 897 66 28 högre
639 897 82 21 klasser
731 896 28 29 pä
769 898 81 20 elever-

96 940 37 14 nas
157 935 49 25 eget
231 932 70 28 spräk,
317 932 41 21 och
373 931 33 21 fär
420 931 114 22 Utskottet
549 931 48 21 med
614 931 115 28 anledning
743 930 62 22 häraf
818 930 33 21 till

96 966 115 22 ständerna
227 966 84 28 afgifva
325 966 95 28 följande
436 965 140 22 betänkande.

166 1103 87 28 Nädiga
276 1103 152 28 förordningen
451 1103 22 21 af
489 1103 40 21 den
546 1104 26 20 23
588 1103 85 27 augusti
689 1104 60 24 1883,
765 1102 88 21 hvilken

98 1138 111 21 medförde
223 1138 80 27 ganska
323 1137 131 21 omfattande
470 1137 150 28 förändringar
634 1138 7 20 i
657 1137 47 21 värt
719 1136 61 22 lands
795 1136 58 21 skol-

98 1172 95 21 väsende
219 1172 40 21 och
284 1172 60 21 hvari
369 1171 65 22 bland
458 1175 66 17 annat
545 1171 103 28 fastslogs
671 1179 44 13 som
731 1171 41 21 den
794 1170 60 21 lärda

98 1206 86 21 skolans
202 1206 129 28 skyldighet,
347 1209 31 18 att
393 1206 52 21 söka
460 1206 98 28 bibringa
571 1206 46 21 sina
633 1206 70 21 elever
715 1213 26 13 en
754 1204 101 29 grundlig

99 1240 120 21 kännedom
243 1241 7 20 i
273 1240 36 22 det
331 1240 67 22 andra
420 1240 112 21 inhemska
552 1240 93 28 spräket,
660 1248 38 12 var
712 1240 32 20 till
760 1244 45 17 stor
819 1238 36 22 del

99 1274 126 21 framkallad
247 1274 23 21 af
285 1274 130 22 Ständernas
431 1274 124 21 uttalanden
571 1274 37 21 vid
624 1275 53 20 1877
694 1274 40 21 och
750 1274 54 21 1882
821 1273 34 21 års

99 1308 133 29 landtdagar.
262 1309 11 21 I
289 1309 134 28 underdänig
438 1309 90 28 petition
544 1308 22 22 af
581 1308 41 21 den
639 1310 27 20 28
677 1308 113 22 december
801 1308 53 20 1877

100 1343 55 21 hade
171 1343 120 21 Ständerna
307 1343 89 21 anhållit
410 1351 34 13 om
462 1346 45 18 »att
521 1343 28 28 pä
564 1343 37 21 det
616 1343 98 21 eleverna
725 1342 36 22 vid
772 1341 83 22 landets

100 1377 71 28 lyceer
192 1377 73 31 mätte
280 1378 65 21 vinna
367 1385 26 13 en
416 1378 38 20 alit
469 1377 163 27 fullständigare
647 1376 96 28 förmäga
759 1379 31 19 att
804 1377 7 19 i
826 1376 31 20 tal

100 1411 40 21 och
157 1412 65 20 skrift
238 1412 97 28 begagna
350 1412 84 21 landets
450 1412 66 20 andra
531 1411 111 21 inhemska
656 1411 115 28 tungomäl,
787 1410 69 21 Eders

100 1445 123 28 Kejserliga
244 1446 103 28 Majestät
369 1446 7 20 i
399 1445 66 21 näder
486 1446 50 20 ville
558 1448 50 25 taga
630 1445 68 21 under
720 1444 137 29 ompröfning

169 1491 105 17 Allmänna
286 1490 182 18 Petitionsutskottets
480 1490 111 18 betänkande
602 1490 38 17 N:o
654 1490 16 17 6.
