1086 1742
460 217 46 19 Med
520 217 83 25 ändring
617 218 26 24 af
655 218 14 19 2
684 219 14 23 $
713 218 14 19 2
743 223 56 14 mom.
815 217 8 19 i
837 216 136 26 förordningen
988 218 22 22 af

392 245 35 20 den
440 246 16 19 2
470 246 53 24 april
537 246 60 24 1883,
608 246 97 25 angående
714 246 116 25 försäljning
840 246 33 20 och
883 245 127 25 utskänkning

392 274 26 24 af
429 275 133 25 maltdrycker,
585 276 71 19 sådant
668 276 61 24 sagda
743 276 82 19 moment
844 274 54 25 lyder
912 274 8 20 i
934 274 75 24 förord-

392 303 68 25 ningen
474 304 36 19 den
525 304 13 19 9
547 304 46 24 juni
607 304 60 24 1892,
683 304 70 20 varder
766 304 106 19 härmedels
881 304 90 24 stadgadt
980 304 30 18 att

391 332 70 20 nämda
475 334 83 18 moment
571 333 52 19 skall
637 333 75 20 erhålla
726 333 85 25 följande
827 332 77 25 lydelse:

458 390 102 25 ySkriftlig
575 390 85 20 ansökan
675 397 31 13 om
721 390 215 25 försäljningsrättighet
950 390 59 19 som
998 386 15 34 i

391 418 60 20 denna
466 420 14 23 $
494 420 83 23 nämnes,
599 420 60 24 jämte
673 420 53 25 intyg
745 426 30 14 om
792 419 105 20 sökandens
910 418 51 25 frejd
975 418 33 20 och

390 448 78 24 uppgift
480 448 13 19 å
507 448 69 24 stället,
592 449 37 19 där
643 449 113 25 rättigheten
771 450 23 18 är
809 448 67 24 afsedd
887 449 29 18 att
924 448 82 24 utofvas,

390 476 96 20 inlämnas
502 477 30 19 till
546 478 130 24 magistraten,
698 484 40 14 som
752 483 43 19 eger
809 477 86 20 inhämta
909 476 98 24 stadsfull-

390 505 91 25 mäktiges
496 506 46 19 eller
556 506 164 20 rädhusstämmas
733 507 52 19 samt
794 506 166 25 poliskammares,
971 506 37 19 där

389 534 61 20 sådan
467 534 67 24 finnes,
556 536 88 23 yttrande
658 536 34 19 och
706 536 115 22 densamma,
846 535 48 24 efter
906 534 100 25 pröfning,

390 563 69 23 bifalla
480 564 48 19 eller
541 564 58 24 afslå.
630 564 16 20 I
656 564 124 26 Helsingfors
802 564 31 20 må
847 564 48 19 dock
908 563 98 24 stadsfull-

390 592 92 25 mäktiges
496 593 88 24 yttrande
599 593 54 24 öfver
667 593 53 25 dylik
734 593 85 20 ansökan
833 593 40 19 icke
883 592 123 24 ovilkorligen

389 620 115 24 erfordras",

319 676 133 27 Helsingfors
468 679 40 19 den
524 679 11 20 8
551 679 90 20 februari
659 680 60 20 1897.

764 736 39 22 Elis
819 736 117 26 Furuhjelm.

348 1464 102 17 Helsingfors,
460 1464 80 16 Tiduings-
549 1463 12 14 &
571 1465 194 16 Tryckeri-Aktiebolagets
775 1465 70 17 tryckeri,
856 1465 38 12 1897.
