1075 1750
327 168 238 23 Petitionsbetänkande
582 169 35 22 N:o
633 168 38 23 32.
863 169 12 20 3

126 241 38 26 las,
180 243 32 18 att
227 239 48 22 icke
291 239 89 29 frivillig
396 240 133 28 sparsamhet
544 240 6 20 i
567 240 73 28 hvarje
655 240 39 22 fall
711 248 51 15 vore
776 239 102 22 tillförlit-

127 277 66 28 ligare
210 275 40 22 och
266 283 45 14 mer
327 275 178 29 fruktbringande
521 277 25 20 än
563 276 41 21 den
621 276 114 29 påbjudna.

198 312 100 27 Kraftigt
320 312 43 21 tala
379 312 85 27 jemväl,
481 312 66 28 enligt
567 312 126 21 Utskottets
715 313 92 28 mening,
824 315 56 18 emot

127 347 218 30 petitionsförslagets
374 347 157 28 godkännande
557 348 27 21 de
608 348 110 29 praktiska
742 347 138 30 svårigheter,

128 392 45 13 som
196 383 193 29 tvängssystemets
419 383 173 29 förverkligande
621 383 163 30 otvifvelaktigt
812 383 68 22 skulle

128 420 104 22 medföra.
263 419 211 29 Petitionsförslaget
496 419 126 22 inskränker
643 421 32 27 sig
699 420 128 21 härutinnan
848 419 32 22 till

130 459 32 19 ett
177 456 88 21 allmänt
280 455 40 22 och
337 455 121 22 obestämdt
474 456 79 26 utkast,
569 456 26 21 dä
611 456 46 21 deri
673 456 77 22 endast
767 455 90 22 likasom
874 456 5 20 i

130 492 139 29 förbigående
291 491 97 29 antydes,
404 494 31 19 att
461 492 168 29 »arbetsgifvare
645 492 40 21 och
702 492 112 22 husbonde
830 499 50 14 vore

130 528 121 28 berättigad
274 527 39 22 och
337 527 118 29 förpligtad
478 530 31 19 att
534 528 32 21 till
588 528 83 21 förmån
695 528 34 21 för
752 527 128 29 tjenstehjon

129 565 85 28 aflägga
230 571 25 15 en
273 563 97 23 bestämd
387 563 34 22 del
438 563 22 22 af
476 563 61 23 deras
554 564 34 21 lön
605 565 7 20 i
628 563 196 29 bankinrättning»,
840 563 41 22 och

129 602 7 20 i
152 600 66 29 öfrigt
234 600 63 22 ordas
313 608 34 13 om
364 600 170 28 tjenstehjonens
558 600 123 28 skyldighet
702 603 32 19 att
758 600 50 28 sjelf
828 601 52 27 göra

129 637 144 28 besparingar.
304 636 11 20 I
338 636 107 21 anseende
468 636 34 21 till
525 636 76 21 sakens
626 637 46 27 vigt
695 636 41 21 och
752 636 128 27 omfattning

131 672 54 21 hade
201 672 38 21 det
255 672 55 21 dock
327 673 57 21 varit
400 672 125 27 önskvärdt,
541 675 32 18 att
588 673 142 27 petitionären
746 671 135 29 grundligare

130 709 55 21 hade
196 708 111 22 förberedt
323 709 38 20 sitt
376 708 81 29 förslag
474 708 39 21 och
529 708 49 22 med
595 708 49 21 stöd
660 708 61 21 deraf
736 715 145 22 noggrannare

131 745 93 28 angifvit
244 745 50 21 dess
310 744 111 29 praktiska
436 745 142 28 tillämpning.
609 744 34 29 Ty
657 744 169 29 tjenstehjonens
842 743 40 22 vil-

131 781 39 21 kor
193 781 40 21 och
253 780 155 27 förhållanden,
424 780 151 29 aflöningssätt
590 789 26 12 m.
633 789 26 12 m.
675 782 36 19 äro
728 781 7 20 i
751 780 57 21 olika
824 779 59 22 delar

132 817 22 21 af
170 817 72 21 landet
263 817 80 28 ganska
361 816 62 21 olika.
455 817 62 21 Huru
536 817 67 21 skulle
623 819 16 19 t.
655 824 32 14 ex.
707 815 138 30 afläggandet
860 815 22 22 af

131 853 138 28 besparingar
289 853 106 21 anordnas
416 852 28 21 dä
463 852 63 22 lönen
547 853 95 28 erlägges
665 853 8 21 i
697 851 185 30 klädespersedlar

131 897 17 13 o.
174 897 17 13 a.
217 889 31 21 d?
279 888 31 22 På
330 889 70 21 skilda
418 891 57 19 orter
496 889 69 21 skulle
585 889 64 21 äfven
670 888 147 22 förbindelsen
833 887 49 22 med

130 925 199 28 bankinrättningar
345 932 51 14 vara
418 925 77 21 lättare
518 925 50 21 eller
587 924 91 27 svärare,
698 924 108 22 beroende
822 923 61 22 deraf

130 969 34 14 om
175 969 24 13 en
214 960 59 29 dylik
286 961 117 28 inrättning
416 961 94 22 befunne
522 961 31 28 sig
568 961 7 20 i
587 968 52 21 egen
650 961 100 21 kommun
767 961 51 21 eller
834 961 7 20 i
857 968 26 13 en

130 1003 69 14 annan
211 1004 58 13 mera
284 996 103 29 aflägsen.
411 996 85 22 Genom
514 997 37 21 allt
565 996 58 22 detta
643 997 68 21 skulle
726 999 102 26 systemet
847 1003 36 14 na-

130 1032 108 29 turligtvis
254 1032 70 22 blifva
339 1032 88 29 mycket
442 1032 131 27 inveckladt,
589 1033 40 21 och
644 1032 28 29 pä
687 1032 58 22 hvad
759 1034 43 19 sätt
812 1031 72 22 kunde

131 1068 34 21 väl
176 1068 76 22 härvid
269 1076 25 13 en
311 1068 94 21 kontroll
422 1068 112 27 anordnas,
545 1076 44 13 som
601 1067 103 23 innebure
716 1076 26 13 en
753 1068 84 28 värklig
852 1069 33 20 sä-

132 1103 76 21 kerhet
224 1104 34 20 för
274 1106 31 19 att
321 1104 41 21 den
380 1104 5 20 i
402 1104 164 28 ifrägavarande
583 1104 56 28 syfte
656 1104 88 21 stiftade
760 1104 61 28 lagen
837 1103 48 22 icke

130 1139 72 22 blefve
219 1147 25 13 en
261 1139 43 22 död
319 1139 97 22 bokstaf.
447 1140 53 21 Icke
516 1140 66 21 heller
597 1140 39 21 har
651 1140 142 29 petitionären
809 1140 54 28 tagit
878 1140 7 20 i

130 1175 166 29 Ofvervägande,
320 1176 58 21 hvad
394 1183 47 14 som
465 1184 51 13 vore
539 1179 31 18 att
591 1178 50 27 göra
657 1177 6 20 i
680 1176 102 21 händelse
798 1177 87 27 tjenste-

130 1211 78 28 hjonen
231 1211 34 21 för
281 1214 31 19 att
328 1211 72 29 undgä
416 1215 31 18 ett
464 1212 148 28 obligatoriskt
628 1212 127 29 afläggande
772 1212 22 21 af
809 1212 76 28 bespa-

131 1248 70 27 ringar
223 1247 39 21 alls
284 1247 48 22 icke
357 1247 69 22 skulle
452 1251 77 25 antaga
545 1249 64 27 tjenst
625 1248 28 28 pä
668 1249 45 20 viss
729 1247 33 22 tid
776 1247 50 22 med
841 1247 45 21 mä-

130 1283 63 21 nads-
216 1283 51 21 eller
290 1283 77 21 ärslön.
398 1279 75 26 Äfven
497 1284 69 21 denna
589 1284 110 28 möjlighet
718 1283 68 22 mäste
802 1284 84 28 tagas
874 1275 14 41 i

131 1319 146 27 betraktande,
293 1319 90 22 emedan
399 1319 13 21 &
428 1327 27 14 en
479 1319 34 22 del
533 1322 56 19 orter
605 1321 7 20 i
633 1319 73 22 landet
729 1319 156 29 tjenstehjonen

131 1355 66 22 redan
219 1355 137 21 härförinnan
380 1355 71 29 börjat
472 1355 68 22 blifva
563 1355 110 29 obenägna
690 1358 32 19 att
737 1355 101 22 förbinda
854 1355 33 28 sig

132 1391 32 21 till
179 1391 67 28 tjenst
262 1391 27 28 pä
305 1391 73 28 längre
389 1391 38 22 tid.
450 1391 65 22 Klart
528 1393 23 20 är
561 1394 32 19 att
603 1394 31 19 ett
647 1391 71 29 dylikt
728 1391 159 29 tvängssystem

133 1427 48 21 icke
198 1435 51 13 vore
266 1427 79 28 egnadt
361 1430 32 18 alt
408 1427 120 22 förminska
543 1427 41 22 den
597 1428 32 27 sig
641 1428 38 21 allt
694 1435 45 14 mer
755 1427 133 22 utbredande

134 1463 112 28 motviljan
262 1466 45 18 mot
323 1463 121 28 antagande
461 1463 23 21 af
494 1463 144 29 regelbunden
653 1464 67 28 tjenst
731 1466 52 19 utan
794 1464 93 21 tvärtom

208 1505 184 18 Ekonomiutskottets
404 1505 112 18 betänkande
528 1505 33 18 N:o
574 1506 27 17 16.
