1070 1742
161 134 142 27 Öfversättning.

542 232 141 20 Bondeståndet
697 233 37 19 N:o
749 234 28 18 11.

244 437 52 19 Till
316 437 156 19 hedervärda
491 437 204 20 Bondeståndet.

163 494 279 26 »Hushållningssällskapet
456 494 7 19 i
478 494 115 26 Uleåborgs
608 494 46 20 län"
672 494 85 20 innehar
771 495 76 19 visser-

93 522 55 26 ligen
163 525 30 17 ett
209 523 173 23 statsunderstöd,
398 525 53 17 stort
469 523 74 23 10,000
558 523 64 24 mark,
638 530 46 13 men
700 523 35 19 det
745 524 60 25 åtgår
815 524 33 19 till

93 552 25 19 de
141 552 142 25 mångahanda
301 551 101 24 ändamål,
418 558 43 13 som
478 552 114 25 sällskapet
607 552 96 19 omfattar
719 552 6 19 i
740 552 60 25 fråga
815 559 32 13 om

90 580 124 25 jordbruket
236 580 38 20 och
297 580 47 20 dess
362 580 124 26 binäringar,
502 580 7 19 i
525 583 30 17 ett
570 581 23 19 så
608 580 117 20 vidsträckt
739 581 38 19 och
793 584 55 16 ännu

93 609 132 19 outveckladt
249 609 81 19 område
353 616 41 12 som
414 609 87 19 nämnda
516 609 34 19 län
566 612 28 20 är,
610 609 121 26 isynnerhet
746 610 25 18 de
786 610 61 19 nord-

92 637 64 26 ligare
179 638 38 20 och
239 638 44 19 inre
304 638 90 19 delarna.
424 638 128 25 Visserligen
567 638 37 19 har
618 638 66 19 under
699 638 34 19 det
748 638 52 20 sista
815 639 32 19 år-

92 666 80 20 tiondet
187 666 185 26 boskapsskötseln
388 666 37 20 och
441 666 195 26 smörberedningen
651 667 46 25 gått
708 666 81 24 framåt,
801 674 47 12 men

93 695 57 20 detta
166 695 37 19 har
218 695 32 19 till
267 702 25 12 en
307 695 33 19 del
356 695 56 19 skett
427 696 26 24 på
469 695 170 25 sädesodlingens
653 695 122 20 bekostnad.

161 724 32 19 De
215 724 117 20 vidsträkta
354 724 75 19 kärren
452 724 38 19 och
507 724 65 19 sanka
588 724 108 19 markerna
711 724 6 19 i
731 724 117 26 Uleåhorgs

92 752 41 24 län,
149 752 86 26 erbjuda
250 755 30 17 ett
291 754 53 18 stort
354 752 117 24 arbetsfält,
482 752 32 20 för
524 752 217 26 ladugårdsskötselns
752 752 95 26 höjande.

92 781 11 19 I
127 782 60 18 södra
210 781 59 19 delen
293 782 37 18 och
352 781 59 25 längs
434 781 74 19 kusten
526 784 23 16 är
564 781 147 25 kärrodlingen
726 781 123 26 visserligen

92 810 64 19 redan
178 810 8 19 i
209 816 24 13 en
256 810 41 25 god
319 810 79 25 början,
414 816 47 13 men
476 810 6 18 i
498 810 34 19 det
548 810 44 19 inre
606 810 23 19 af
642 810 70 19 landet
727 813 22 16 är
765 810 38 19 den
819 810 30 19 alt

92 841 54 18 ännu
162 839 73 19 endast
251 839 115 25 obetydligt
381 838 62 20 känd.
459 850 27 3 —
501 838 43 20 Der
560 838 75 20 saknas
651 838 58 20 såväl
723 838 66 20 medel
805 845 44 13 som

93 866 117 21 erfarenhet
226 867 32 20 för
273 868 25 19 de
313 868 79 19 mindre
408 867 38 20 och
461 867 98 26 fattigare
572 866 171 27 jordbrukarena.

160 896 11 19 I
194 896 56 19 länet
273 896 66 20 finnas
362 896 123 25 visserligen
507 903 126 18 agronomer,
649 903 46 12 men
711 897 60 18 dessa
786 896 63 19 hinna

92 925 52 23 icke,
160 925 7 18 i
183 931 24 13 en
223 926 22 18 så
261 925 116 20 vidsträckt
392 925 100 23 landsdel,
509 925 94 20 meddela
617 925 38 19 råd
670 925 35 19 vid
721 925 71 25 hvarje
803 925 46 19 litet

91 953 81 26 företag
188 953 60 20 äfven
263 961 32 12 om
311 954 73 19 sådant
400 953 66 20 skulle
481 953 69 20 äskas.
579 954 111 19 Dessutom
706 957 22 16 är
744 954 39 19 den
797 954 52 19 min-

93 982 35 19 dre
143 982 120 19 bemedlade
275 982 70 19 alltför
355 983 84 25 mycket
449 982 84 25 försagd
544 982 38 24 för,
594 985 31 16 att
635 982 85 25 inbjuda
730 989 25 12 en
767 982 82 25 ,herre-

92 1012 58 18 man"
168 1011 33 19 till
217 1011 37 19 sitt
269 1011 75 26 fattiga
358 1011 47 20 hem
422 1011 37 19 och
475 1011 44 19 sina
535 1011 119 26 oansenliga
670 1011 100 26 odlingar.

159 1039 166 26 Agronomernas
348 1039 121 24 kännedom,
493 1047 32 12 om
538 1039 99 26 jordytan
657 1040 37 19 och
709 1039 118 24 botaniken,
843 1040 6 19 i

93 1068 28 19 all
144 1071 41 21 ära,
203 1069 37 18 bör
255 1069 53 19 dock
323 1068 61 20 äfven
400 1068 39 19 den
455 1068 108 25 praktiska
579 1069 92 19 bondens
686 1068 115 20 kännedom
817 1075 32 13 om

93 1097 163 27 arbetsmetoder
271 1097 38 20 och
324 1097 52 20 hans
392 1097 140 20 erfarenheter
548 1097 65 19 aktas.

162 1126 98 25 Önskligt
281 1133 55 16 vore,
359 1128 31 17 att
415 1125 278 26 ',Hushållningssällskapet
713 1125 6 20 i
734 1125 115 26 Uleåborgs

93 1153 46 20 län"
165 1154 67 20 skulle
254 1154 66 20 aflöna
343 1157 30 16 ett
388 1161 37 19 par
441 1154 87 24 erfarna,
544 1155 38 19 och
597 1154 7 19 i
619 1154 119 25 kärrodling
754 1154 96 19 inkomna

93 1182 142 26 allmogemän,
251 1190 44 13 som
309 1183 100 20 vintertid
425 1183 67 20 skulle
508 1183 71 20 beresa
590 1183 25 19 de
625 1183 125 23 kommuner,
762 1183 6 19 i
779 1183 71 19 hvilka

94 1211 145 26 kärrodlingen
262 1215 54 16 ännu
332 1213 43 18 står
390 1212 26 25 på
431 1212 34 25 låg
480 1211 135 26 ståndpunkt,
632 1212 37 19 och
685 1211 53 20 hålla
754 1211 96 26 föredrag

94 1247 33 12 om
148 1240 147 25 kärrodlingen
317 1241 113 19 berörande
445 1243 80 17 ämnen.
555 1240 44 19 Där
615 1240 188 19 ortförhällandena
819 1241 31 18 så-

94 1268 50 19 dant
163 1269 82 25 påkalla
268 1269 68 20 kunde
355 1269 25 19 de
396 1269 100 25 därjämte
512 1272 48 22 taga
575 1269 33 19 till
623 1269 40 19 tals
680 1269 72 25 frågan
767 1275 32 13 om
814 1269 36 19 bo-

95 1297 162 25 skapsskötseln.

162 1326 49 19 Man
227 1327 58 18 torde
301 1326 68 19 kunna
384 1328 82 23 antaga,
483 1328 31 17 att
529 1333 24 12 en
570 1326 64 19 sådan
649 1326 118 25 rådgifvare
782 1326 23 19 af
813 1325 37 20 all-

93 1354 118 25 mogeklass
229 1355 46 19 icke
291 1355 65 19 skulle
372 1355 64 19 hafva
452 1357 55 17 stora
522 1355 125 25 fordringar.
677 1354 38 20 Om
730 1355 41 19 han
785 1355 66 18 under

94 1383 82 19 vintern
199 1383 67 20 skulle
284 1390 46 13 resa
347 1384 39 19 300
403 1385 11 18 å
431 1384 40 19 400
487 1383 113 24 kilometer,
617 1383 73 20 därvid
704 1383 77 19 besöka
799 1383 24 19 10
839 1384 12 17 å

97 1411 24 20 12
144 1411 119 20 kommuner
285 1412 49 19 eller
357 1413 56 24 byar,
437 1412 38 19 och
490 1419 60 12 resan
566 1412 66 19 skulle
647 1411 62 20 räcka
725 1412 56 19 cirka
797 1412 26 19 30
839 1412 12 18 å

95 1440 26 19 40
145 1440 69 25 dagar,
239 1441 38 19 och
295 1447 32 12 om
342 1441 40 18 han
398 1441 45 18 ifall
459 1440 23 19 af
495 1440 65 20 behof
574 1440 60 19 äfven
650 1440 118 19 sommartid
785 1439 66 20 skulle
