1056 1734
204 238 35 4 MUN
274 209 36 21 Ett
324 211 98 21 lifsvilkor
437 213 32 20 för
484 215 71 19 staden
570 218 24 17 är
609 216 78 20 säledes
702 219 30 18 att
747 218 113 20 densamma
875 218 88 21 kommer

202 243 13 27 i
230 240 224 24 jernvägsförbindelse.
491 242 77 22 Endast
584 244 84 21 sålunda
682 246 52 20 skall
747 246 35 20 det
796 246 63 21 blifva
873 252 24 15 en
912 249 49 24 möj-

201 266 63 24 lighet
286 268 32 20 för
336 270 70 20 staden
429 274 29 16 att
481 272 105 20 återvinna
607 274 121 20 åtminstone
746 275 61 24 nägot
822 276 23 19 af
858 276 35 20 sitt
907 276 54 21 förra

201 295 171 23 handelsomräde.

272 324 53 21 Utan
348 329 30 17 att
398 334 26 14 nu
446 328 47 26 vilja
515 332 46 22 taga
586 331 103 25 vällofliga
710 332 176 24 borgareständets
909 334 50 19 tid
944 320 18 41 i

200 354 88 23 anspräk
303 356 44 18 med
362 358 30 18 ett
406 357 174 26 äterupprepande
596 360 22 19 af
632 360 24 20 de
671 361 51 23 skäl,
738 367 42 13 som
790 361 22 20 af
819 365 140 21 representan-

199 383 57 32 terne
271 383 33 19 för
318 384 111 22 Brahestad
444 387 33 19 vid
492 388 56 20 såväl
564 388 56 20 1885
636 394 42 14 som
697 389 55 20 1888
767 390 59 20 årens
841 391 118 24 landtdagar

199 413 29 17 uti
251 411 22 19 af
294 412 43 20 dem
360 414 29 19 till
412 415 80 20 stäpdet
509 416 76 24 ingifna
604 418 198 23 petitionsmemorial
818 418 67 21 blifvit
898 420 60 19 fram-

198 437 67 35 hållna
284 440 32 20 för
338 441 152 25 ifrågavarande
512 445 53 20 bana
588 446 37 19 och
639 447 69 20 hvilka
722 447 44 20 skäl
781 447 124 20 fortfarande
920 451 38 22 äga

198 472 30 16 sin
243 469 50 20 falla
307 471 97 24 giltighet,
419 473 36 19 ber
468 473 35 24 jag
518 476 30 17 att
563 474 65 20 såsom
643 476 118 23 ytterligare
776 476 61 19 motiv
850 476 31 20 för
891 477 66 20 denna

198 497 62 21 banas
276 499 102 25 byggande
394 501 20 20 få
429 502 76 25 anföra,
520 505 30 18 att
572 503 74 24 derest,
661 505 65 19 såsom
736 505 103 24 antagligt,
850 505 105 20 Savolaks-

199 527 64 20 banan
283 529 71 20 varder
368 529 92 26 förlängd
475 532 53 19 ända
542 531 50 20 fram
607 533 30 19 till
652 533 80 24 Kajana
747 534 51 24 stad,
814 535 83 23 uppstår
911 535 44 19 med

198 559 108 20 detsamma
324 561 59 20 äfven
398 560 56 24 fråga
470 566 31 14 om
516 561 113 25 riktningen
644 562 22 19 af
680 563 38 18 den
734 567 60 15 norra
810 563 144 20 sammanbind-

196 589 124 24 ningsbanan
342 589 84 20 emellan
449 589 125 21 Savolakska
595 591 37 20 och
654 591 138 24 Uleåborgska
814 592 140 25 jernvägarna,

195 618 83 20 hvarvid
294 619 64 19 såsom
377 619 37 20 den
430 619 130 24 naturligaste
575 620 38 19 och
628 619 66 20 tillika
708 621 90 18 kortaste
814 621 139 23 sträckningen

196 651 30 15 ter
242 647 30 24 sig
289 653 25 14 en
331 648 55 23 linie,
402 654 48 17 som,
465 648 98 24 utgående
579 648 45 20 från
638 649 61 24 något
714 649 57 19 ställe
787 649 12 19 å
814 649 65 20 banan
894 649 59 20 söder

195 681 31 14 om
248 676 80 25 Kajana
349 678 51 23 stad,
424 677 71 23 skulle,
517 677 45 19 med
580 677 112 20 berörande
708 677 22 20 af
744 677 124 20 Vuottolahti
884 678 33 19 vik
932 678 21 19 af

194 704 51 21 Uleå
261 706 61 23 träsk,
337 705 94 21 fortsätta
446 711 70 20 genom
531 706 83 25 Kestilä,
626 706 101 20 Frantsila
743 707 37 19 och
795 706 86 20 Paavola
896 707 55 18 kom-

193 739 69 14 muner
284 735 6 18 i
305 735 37 19 rak
356 735 96 24 riktning,
468 735 83 20 sålunda
566 737 30 17 att
611 735 58 20 deras
685 735 91 24 samtliga
791 735 74 24 kyrkor
879 736 71 23 jemväl

193 762 22 19 af
233 763 108 25 jernvägen
364 765 103 23 berördes,
482 765 30 18 till
527 763 64 25 Lappi
608 765 73 18 station
697 764 12 19 å
724 764 138 23 Uleåborgska
876 764 73 24 banan,

192 791 44 20 från
254 792 76 20 hvilket
349 793 58 20 ställe
422 793 86 20 bibanan
524 793 30 19 till
570 793 111 19 Brahestad
696 795 24 17 är
734 792 70 20 afsedd
818 795 30 17 att
862 793 87 24 vidtaga.

192 819 75 21 Genom
290 827 24 14 en
336 822 253 26 sammanbindningsbana,
605 822 74 23 dragen
694 822 7 19 i
716 822 132 24 nyssnämnda
861 821 89 24 riktning

192 849 37 20 och
252 850 45 20 med
312 851 113 24 anslutning
440 851 30 19 till
485 851 86 20 nämnda
588 851 73 20 bibana
677 850 63 20 blefve
756 850 44 20 icke
815 850 51 20 blott
880 850 68 20 behof-

191 880 32 18 vet
238 878 22 20 af
274 879 37 19 den
327 880 29 18 till
372 880 105 20 utförande
492 880 119 24 ifrågasatta
628 880 63 20 Vaala
706 880 66 19 banan
783 879 97 24 betydligt
890 879 57 19 redu-

190 908 70 18 ceradt
282 910 47 17 utan
347 914 75 14 vunnes
444 910 100 18 dessutom
563 910 38 18 den
617 908 90 20 fördelen
722 911 30 16 att
768 908 33 20 det
816 908 42 20 inre
873 908 75 23 landet,

190 941 42 14 som
246 936 13 20 &
273 936 45 20 hela
333 937 38 19 den
386 938 59 23 långa
460 938 139 19 kuststräckan
615 937 43 20 från
673 936 154 24 Gamlakarleby
842 936 30 20 till
887 936 60 20 Uleä-

189 964 49 24 borg
261 967 23 17 är
302 966 7 18 i
324 966 98 20 afsaknad
437 966 22 20 af
473 966 215 25 jernvägsförbindelse
715 966 44 18 med
781 965 74 24 hafvet,
871 964 75 20 erhölle

188 998 25 14 en
236 993 32 20 för
289 997 71 21 export
381 996 37 18 och
440 996 73 24 import
534 996 46 23 god,
596 996 47 23 djup
659 994 37 20 och
712 994 37 20 lätt
764 994 117 24 tillgänglig,
899 994 45 19 med

188 1021 88 25 ledfyrar
296 1022 82 21 försedd
396 1024 64 25 hamn,
480 1030 42 14 som
537 1024 67 20 dertill
620 1024 46 19 höst
680 1023 38 20 och
733 1023 36 19 vår
784 1022 75 20 tillåter
875 1022 72 24 sjöfart

187 1051 143 28 sammanlagdt
345 1052 83 24 ungefär
443 1059 24 13 en
482 1053 71 19 månad
568 1053 68 23 längre
652 1055 26 17 än
693 1051 112 24 Uleåborgs
820 1052 65 18 hamn.

258 1080 64 20 Afven
343 1082 32 18 må
395 1082 71 19 härvid
485 1082 89 24 påpekas
595 1083 30 18 att
640 1081 26 19 dä
681 1082 30 18 ett
723 1080 125 20 seminarium
863 1085 84 14 numera

186 1107 65 21 blifvit
269 1109 88 24 förlagdt
376 1110 30 19 till
424 1110 112 20 Brahestad
551 1112 51 18 samt
617 1110 107 19 detsamma
739 1109 44 19 med
799 1108 27 20 all
841 1108 102 20 sannolik-

184 1136 35 20 het
240 1138 53 19 inom
315 1138 51 20 allra
384 1141 99 18 närmaste
505 1138 80 20 framtid
600 1139 72 19 varder
686 1138 104 23 utvidgadt
805 1137 30 19 till
851 1139 28 17 ett
894 1142 49 14 sam-

185 1169 87 16 mansatt
286 1166 72 20 sådant
373 1168 45 20 med
433 1170 29 18 ett
477 1168 99 20 elevantal
590 1167 22 21 af
625 1167 61 24 något
702 1166 56 20 öfver
774 1165 41 20 200
826 1168 50 17 samt
885 1165 57 20 äfven

184 1194 34 20 det
232 1194 13 20 å
261 1198 56 16 orten
328 1195 119 27 förefintliga
457 1196 199 21 handelslärovärket
665 1196 37 20 har
712 1195 56 21 öfver
779 1195 77 19 hundra
871 1194 73 24 elever,

184 1224 22 19 af
226 1225 67 19 hvilka
316 1225 24 19 de
355 1224 58 22 flesta
436 1229 35 17 äro
494 1226 37 20 och
553 1226 79 18 komma
650 1227 30 17 att
697 1230 49 14 vara
762 1223 44 20 från
821 1224 42 18 vidt
877 1224 66 19 skilda

183 1253 79 20 trakter
276 1253 22 20 af
311 1254 44 20 vårt
370 1254 54 27 land,
439 1255 37 19 bör
492 1255 34 19 det
540 1254 87 19 tillskott
638 1254 7 18 i
655 1254 137 19 inkomsterna
803 1252 43 20 från
859 1258 82 18 person-

182 1282 93 23 trafiken,
290 1288 43 14 som
347 1282 65 21 banan
428 1284 37 19 har
480 1285 30 17 att
524 1282 90 25 påräkna
622 1282 20 19 af
649 1282 173 25 nämnda:elevers
833 1280 48 20 flere
893 1280 48 25 gän-

182 1315 35 19 ger
232 1316 30 14 om
278 1311 44 20 året
337 1311 87 20 skeende
439 1317 57 14 resor
515 1311 45 20 icke
576 1310 62 20 blifva
653 1311 22 19 så
690 1310 118 24 obetydligt.

253 1339 58 20 Efter
330 1340 34 19 det
378 1340 151 25 ifrågavarande
544 1339 73 20 bibana
632 1339 173 23 hufvudsakligast
819 1338 26 25 på
859 1337 82 20 stadens

180 1367 113 21 bekostnad
314 1368 67 20 blifvit
401 1369 46 20 med
467 1368 113 25 Kejserliga
603 1367 97 20 Senatens
722 1367 57 20 bifall
793 1367 147 20 instrumentalt

180 1397 110 20 undersökt
301 1397 21 20 af
333 1397 139 25 Uleåborgska
480 1396 286 25 jernvägsbyggnadskomitén
775 1396 62 19 under
846 1395 94 20 inseende

180 1425 22 19 af
216 1425 45 20 dess
283 1426 151 25 öfveringeniör,
450 1427 36 19 har
502 1426 69 19 staden
582 1425 117 24 ytterlikare
710 1430 70 19 genom
796 1424 143 23 stadsingeniö-

178 1459 36 14 ren
237 1455 86 20 Herman
338 1455 99 20 Norrmén
460 1455 46 20 låtit
528 1456 94 23 upprätta
636 1454 34 20 två
685 1454 67 19 skilda
766 1453 173 23 kostnadsförslag
