1092 1736
333 165 239 23 Motionsbetänkande
588 165 38 23 N:o
644 165 34 23 12.
839 168 12 19 3

129 231 56 22 blott
200 231 73 22 derför
293 233 32 19 att
347 231 79 21 honom
450 230 90 23 beredes
562 232 118 28 möjlighet,
704 234 31 19 att
756 232 34 21 dit
811 230 71 22 afleda

130 270 93 19 vatten».

201 302 53 22 Med
276 302 158 29 godkännande
459 302 22 21 af
509 302 250 30 frivillighetsprincipen
786 303 38 21 har
844 302 38 21 ko-

130 339 66 22 miten
217 339 8 21 i
249 339 72 21 stället
342 338 112 29 föreslagit
476 337 160 23 bibehällandet
658 339 23 21 af
696 338 186 22 bestämmelsen
870 333 16 38 i

134 376 57 20 1868
200 374 33 22 års
245 374 126 29 förordning
386 373 80 28 derom,
484 377 45 18 »att
544 373 168 30 underbyggare,
726 382 78 21 genom
819 374 64 22 hvars

131 411 61 21 mark
215 410 49 22 dike
287 413 113 26 upptages,
421 411 23 20 är
459 410 77 29 pligtig
551 412 37 23 att,
608 411 3 20 i
626 409 49 22 män
692 410 23 21 af
730 410 42 22 den
788 409 95 22 faktiska

130 449 67 26 nyttä,
218 446 42 22 han
284 446 23 21 af
329 445 118 22 detsamma
469 445 81 30 drager,
565 445 86 29 deltaga
666 447 8 20 i
690 445 50 23 dess
756 446 128 29 anläggning

132 483 40 21 och
189 481 132 23 underhåll».
351 481 84 22 Endast
455 481 137 22 beträffande
612 481 90 22 dikenas
724 482 52 29 djup
791 481 39 22 har
845 481 38 22 ko-

131 519 66 21 miten
220 518 58 23 velat
301 517 23 22 få
340 517 33 22 till
397 517 62 22 stånd
475 520 32 19 ett
522 517 88 22 allmänt
625 517 124 29 stadgande,
767 517 47 22 »för
830 519 32 20 att
876 518 8 20 i

132 554 27 22 de
174 554 45 27 fall,
235 553 28 22 då
282 553 54 22 flera
357 553 75 22 förena
451 554 32 28 sig
499 561 35 14 om
549 553 61 22 dikes
627 553 143 29 upptagande,
786 555 56 20 sätta
857 561 26 14 en

132 591 63 28 gräns
213 590 34 21 för
267 589 95 29 oskäliga
383 588 92 30 anspräk
494 588 28 30 pä
537 588 176 23 medintressents
729 589 155 29 delaktighet
872 584 17 39 i

132 626 127 28 företaget».

205 661 64 22 Säväl
291 660 37 22 vid
351 660 178 22 remissdebatten
552 662 8 20 i
579 660 163 22 Bondeständet
757 669 46 13 som
819 660 65 23 äfven

133 698 58 21 inom
214 697 107 22 utskottet
342 697 66 22 hafva
429 704 80 14 samma
527 696 85 30 äsigter,
627 696 136 23 beträffande
779 696 38 22 det
832 696 53 22 obil-

133 734 43 28 liga
191 734 8 21 i
214 732 125 23 förberörda
353 732 73 30 tväng,
443 733 94 25 uttalats,
562 740 46 14 som
631 732 27 22 de
681 733 75 22 hvilka
774 733 23 21 af
817 732 68 22 komi-

134 772 36 19 ten
185 769 74 22 blifvit
273 768 133 22 framhällna.
427 769 74 29 Enligt
516 768 108 22 utskottet
630 768 115 22 meddelad
755 769 131 29 upplysning

135 805 38 21 har
189 806 18 28 ej
223 805 68 21 heller
306 805 133 21 motionären
456 805 58 21 velat
529 804 141 30 ovilkorligen
686 804 81 30 päyrka
784 812 26 14 en
826 804 59 29 dylik

135 841 78 21 allmän
223 841 140 28 förpligtelse,
379 844 51 18 utan
446 840 61 22 torde
523 840 103 29 förslaget
640 840 182 29 hufvudsakligen
833 840 53 27 afse,

135 879 32 19 att
181 876 24 22 ät
223 876 224 29 dikningsnämderna,
462 876 39 22 der
516 876 80 22 sädana
610 877 96 26 inrättas,
722 876 107 21 förskaffa
844 875 41 22 den

134 913 140 28 legalisation,
297 920 46 14 som
367 914 23 19 är
412 912 130 29 nödvändig,
557 912 35 21 för
610 915 32 19 att
660 911 62 22 deras
738 911 72 23 beslut
825 911 61 22 skola

136 956 40 21 ega
198 948 110 22 obestridd
331 949 106 28 giltighet,
460 948 139 29 hvarigenom
621 947 139 30 framgängen
782 948 23 21 af
827 949 59 20 näm-

135 984 78 22 dernas
229 984 138 22 verksamhet
381 984 149 29 betryggades.

206 1020 49 21 Den
278 1021 115 28 vigtigaste
414 1020 176 27 beslutanderätt,
606 1027 46 14 som
667 1021 8 20 i
691 1020 196 29 motionsförslaget

135 1055 134 23 förbehällits
285 1056 22 21 ät
323 1056 136 27 nämnderna,
474 1056 116 22 innefattas
605 1057 7 20 i
628 1056 156 29 befogenheten
800 1059 32 18 att
850 1063 36 14 an-

136 1092 61 21 ställa
221 1100 39 21 syn
283 1092 42 21 och
343 1092 83 29 afgifva
442 1092 110 21 utlåtande
567 1093 7 20 i
590 1093 77 21 tvister
682 1092 89 21 emellan
788 1091 98 23 enskilde

134 1128 111 29 jordegare
261 1128 110 29 angående
386 1127 215 30 vattenafledningar.
632 1128 49 21 Den
697 1129 91 28 princip,
802 1128 8 21 i
823 1127 65 29 enlig-

134 1163 38 21 het
193 1163 103 22 hvarmed
319 1166 32 19 ett
373 1164 48 28 laga
444 1164 59 21 kraft
526 1163 81 29 egande
629 1163 71 22 beslut
716 1163 72 22 kunde
804 1163 34 21 fäs
854 1163 33 21 till

136 1198 63 22 ständ
214 1202 51 19 utan
281 1199 104 22 domstols
402 1199 123 29 afgörande,
541 1199 38 21 har
594 1199 64 21 äfven
675 1199 23 21 af
713 1199 105 22 komitens
840 1199 48 28 plu-

136 1235 72 22 ralitet
224 1235 86 22 erkänts
326 1235 71 29 riktig,
413 1235 71 22 fastän
500 1235 124 22 densamma
639 1235 59 22 velat
713 1235 97 29 tillämpa
825 1235 59 28 prin-

136 1272 63 28 cipen
215 1271 76 22 endast
307 1271 38 22 vid
355 1271 28 22 de
398 1271 115 29 vigtigaste
529 1271 84 28 företag
628 1270 23 22 af
661 1270 164 29 ifrågavarande
836 1271 52 28 slag,

136 1307 70 22 såsom
229 1307 106 28 sänkning
355 1307 22 21 af
393 1307 57 28 sjöar
465 1307 41 22 och
522 1308 112 20 strömmar
650 1309 55 19 samt
719 1307 140 28 invallning.,
876 1306 12 21 I

136 1343 104 22 komitens
264 1342 136 23 betänkande
422 1342 90 22 föreslås
528 1343 112 28 nämligen,
656 1345 32 19 att
704 1350 26 14 en
746 1342 27 29 pä
793 1342 73 21 stället
880 1343 8 20 i

134 1379 149 28 jordegarenes
299 1380 92 20 närvaro
401 1378 72 22 hällen
489 1379 182 28 syneförrättning
682 1378 68 22 skulle
762 1379 66 22 vinna
840 1378 48 28 laga

136 1415 63 26 kraft,
216 1414 23 22 sä
255 1414 65 21 framt
335 1415 18 28 ej
371 1414 132 29 päminnelse
512 1414 96 22 deremot
619 1415 58 21 inom
688 1415 45 21 viss
744 1413 144 23 föreskrifven

135 1450 33 22 tid
182 1450 85 28 gjordes
284 1449 38 23 vid
337 1449 218 23 Guvernörsembete.

207 1497 208 19 Ekonomiutskottets
429 1497 127 19 betänkande
569 1497 37 18 N:o
621 1498 27 18 31.
