1078 1745
386 144 205 29 Petitionsförslag.

115 205 107 37 Prestest.
775 209 38 24 N:o
829 208 36 24 54.

186 528 156 27 (Öfversättning.

252 605 53 20 Till
325 605 170 27 Högvördiga
516 604 206 22 Presteståndet.

188 665 10 20 I
214 668 64 17 staten
300 665 92 21 framstår
413 666 37 20 och
472 666 78 21 känner
565 666 29 27 sig
609 666 64 20 folket
688 666 65 20 såsom
769 668 29 17 ett
812 671 53 20 orga-

115 695 56 20 niskt
191 695 47 25 helt,
254 695 59 21 hvars
329 695 114 27 skyldighet
458 697 27 24 är,
509 699 29 17 att
552 696 62 21 hafva
629 695 94 21 omtanke
738 703 33 12 om
786 695 17 27 ej
820 694 46 21 alle-

116 728 46 17 nast
178 725 23 20 de
217 727 60 18 större
293 725 92 21 delarnas
402 739 27 2 —
440 726 133 25 kommuners,
584 726 123 27 föreningars
718 725 38 21 och
767 725 99 26 sällskaps

116 754 39 25 väl,
181 758 49 17 utan
256 755 61 21 äfven
341 762 31 14 om
400 756 68 27 hvarje
495 757 58 26 ringa
584 755 190 21 samhällsmedlems
804 755 62 23 bästa,

115 784 83 21 hvilken
209 792 77 20 omsorg
302 786 57 20 dessa
374 786 42 20 åter
431 786 12 20 å
459 787 30 19 sin
505 786 44 20 sida
563 786 73 20 belöna
651 786 45 20 med
711 785 103 27 återtjenst
829 784 37 20 och

115 814 87 22 bistånd.
234 816 30 19 Af
286 823 25 13 en
327 816 63 20 sådan
406 823 23 13 ur
445 823 51 13 sann
519 816 120 20 fosterlands
658 815 72 21 kärlek
751 814 115 21 utkommen

115 845 105 27 ömsesidig
242 846 133 20 vexelverkan
398 846 74 20 mellan
494 846 33 20 det
545 846 46 20 hela
610 846 37 20 och
668 846 45 20 dess
733 845 60 24 delar,
811 844 57 21 beror

115 875 116 20 samhällets
246 875 61 27 lycka
322 876 36 20 och
369 875 110 21 förkofran.
511 875 39 21 Till
561 875 219 27 statsorganisationens
794 874 73 26 många

115 905 101 27 uppgifter
236 905 36 21 hör
287 906 61 21 äfven
363 905 319 28 förmynderskapsinstitutionen,
698 912 71 19 genom
785 903 81 22 hvilken

116 938 65 17 staten
197 935 44 20 med
258 936 30 20 sin
303 935 107 22 moraliska
425 936 61 27 insigt
501 936 37 20 och
553 935 48 28 vilja
612 935 65 20 träder
688 935 7 20 i
706 935 86 20 sådanas
803 933 63 25 ställe,

116 965 71 20 hvilka
206 965 21 20 af
248 973 24 13 en
288 965 48 21 eller
360 973 68 13 annan
451 966 60 20 orsak
532 966 62 21 hafva
617 965 66 21 blifvit
705 965 116 26 oförmögna
837 963 30 21 till

117 995 169 28 sjelfförsörjning,
308 996 31 20 för
354 999 29 17 att
399 995 86 21 sålunda
500 996 46 27 höja
561 996 58 20 dessa
633 995 31 20 till
680 1003 25 12 en
721 995 63 20 sådan
800 993 67 22 stånd-

116 1025 72 26 punkt,
209 1029 28 17 att
257 1026 25 19 de
302 1025 133 28 sjelfständigt
457 1026 33 20 mä
505 1025 59 22 såväl
587 1025 69 21 kunna
678 1032 41 14 som
737 1025 48 26 vilja
800 1024 68 21 arbeta

116 1054 32 21 för
163 1055 31 20 sin
209 1056 92 20 existens.

189 1086 33 20 Då
243 1086 115 26 oförmågan
379 1085 31 21 till
431 1085 167 28 sjelfförsörjning
621 1085 175 26 hufvudsakligast
811 1084 57 20 beror

116 1115 27 26 pä
163 1115 101 21 bristande
285 1115 95 28 kunskap
400 1115 48 21 eller
463 1116 98 27 sedlighet
575 1115 48 21 eller
638 1115 26 27 pä
680 1116 61 25 nägot
756 1113 112 28 kroppsligt

116 1144 47 27 lyte,
187 1153 57 13 anser
266 1149 65 18 staten
352 1146 33 20 det
407 1153 42 13 som
471 1146 31 20 sin
523 1145 112 27 skyldighet
658 1148 29 17 att
702 1145 94 26 aflägsna
810 1144 58 20 dessa

116 1174 71 21 brister
201 1176 45 20 med
262 1176 84 27 tillhjelp
362 1176 22 20 af
399 1175 78 25 skolan,
495 1175 78 28 kyrkan
585 1175 37 20 och
632 1183 25 12 en
668 1175 76 20 ordnad
757 1173 110 22 helsovärd.

116 1205 50 20 Men
182 1208 70 19 största
268 1206 58 21 delen
342 1206 22 20 af
378 1205 140 21 kulturfolken
534 1206 63 20 förstä
611 1205 43 20 icke
670 1207 55 18 ännu
737 1205 89 20 vilkoren
837 1203 31 20 för

116 1241 26 14 en
165 1235 125 28 sjelfständig
314 1236 92 20 existens.
445 1236 74 27 Lättja,
542 1235 115 21 tanklöshet
679 1235 37 20 och
739 1233 129 28 slösaktighet

116 1265 53 20 fräta
192 1267 56 19 ännu
262 1267 28 26 pä
305 1265 48 21 flere
376 1265 73 21 ställen
473 1265 116 21 samhällets
608 1265 98 20 lifsrötter.
737 1264 131 27 Förmynder-

117 1294 197 27 skapsinstitutionen
338 1296 36 20 har
394 1297 56 19 ännu
471 1299 30 16 ett
520 1295 98 21 vidsträkt
638 1295 112 20 arbetsfällt
771 1295 31 19 för
817 1294 51 26 sig
858 1290 15 35 i

117 1324 145 22 förbättrandet
285 1326 21 20 af
327 1326 40 20 den
388 1325 92 27 fattigare
502 1325 153 27 befolkningens
677 1324 101 27 ställning.
809 1323 59 20 Atti

117 1354 74 27 själfva
207 1356 69 20 värket
292 1356 54 20 detta
360 1355 139 21 förbättrande
514 1355 21 20 af
551 1355 38 20 den
605 1355 90 26 fattigare
713 1354 155 26 befolkningens

117 1384 97 28 ställning
235 1386 61 20 äfven
311 1386 6 19 i
333 1386 44 20 värt
399 1385 49 20 land
471 1385 62 20 redan
556 1387 47 18 trätt
617 1392 42 20 upp
675 1384 30 21 till
720 1384 48 21 nivä
783 1384 45 20 med
843 1383 25 19 de

117 1414 105 27 viktigaste
237 1409 72 36 frågor,
320 1414 60 23 detta
395 1415 79 20 bevisar
490 1415 57 20 såväl
562 1415 39 20 den
616 1414 31 20 till
662 1414 114 21 Ständerna
786 1413 81 26 nyligen

117 1444 78 21 aflåtna
210 1445 74 26 nådiga
303 1445 120 26 proposition
439 1451 32 14 om
487 1452 28 19 ny
530 1445 34 26 lag
579 1444 103 27 angående
697 1443 171 27 fårmynderskap,

117 1481 42 14 som
181 1475 37 20 ock
242 1478 28 17 att
292 1475 60 20 äfven
368 1475 25 20 de
416 1474 60 21 flesta
497 1475 33 20 vid
549 1475 65 19 denna
636 1474 98 26 landidag
755 1472 113 21 inlemnade
