1095 1742
268 169 10 17 2

244 226 102 18 öfverdrift
368 227 66 22 sägas,
454 228 29 17 att
501 227 135 23 fattigvården
655 228 103 18 flerstädes
775 227 21 18 är
813 227 37 18 den
869 226 21 18 af
908 226 23 18 de
950 226 52 18 kom-

245 255 79 18 munala
336 256 237 22 förvaltningsgrenarna,
587 262 42 12 som
642 256 23 18 af
675 257 44 17 sina
731 256 136 18 handhafvare
880 255 79 18 kräfver
970 256 33 17 det

244 284 76 18 största
332 284 72 18 måttet
416 285 22 17 af
449 285 119 23 skicklighet
581 285 36 18 och
629 285 121 23 pligttrohet.

312 312 29 18 Då
353 318 26 12 nu
392 313 127 23 lagstiftaren
531 314 97 18 förklarat
640 314 87 18 kvinnan
739 313 71 18 valbar
822 313 30 18 till
865 312 71 19 sådant
947 313 56 17 svårt

244 341 89 23 uppdrag
346 341 36 19 och
394 342 61 18 under
467 342 37 18 den
518 342 28 18 tid
559 348 42 12 som
615 342 61 18 sedan
689 342 45 18 dess
748 342 75 18 förlidit
831 342 59 22 ingen
898 342 105 22 anledning

245 372 72 22 yppats
336 372 30 17 att
384 371 63 18 önska
466 371 63 18 denna
547 372 73 18 reform
635 372 73 23 ogjord,
720 371 60 19 borde
794 371 59 18 äfven
866 370 36 18 den
914 376 88 12 varsam-

246 400 64 18 maste
327 400 128 18 betraktaren
473 400 23 18 af
513 400 23 18 de
554 400 139 23 förändringar
711 400 45 18 vårt
769 399 121 19 samhällslif
900 399 102 18 efterhand

246 428 98 23 undergår
356 429 66 17 kunna
435 429 69 17 förena
517 430 32 21 sig
562 434 30 13 om
605 429 36 18 den
655 429 58 23 åsigt,
726 429 30 17 att
768 428 235 23 lagstiftningsåtgärden

245 458 23 17 af
284 458 44 18 1889
343 458 53 17 varit
408 458 71 18 endast
492 459 29 17 ett
533 458 64 18 första
610 458 44 22 steg
665 458 7 17 i
685 458 112 22 riktningen
810 458 30 16 att
853 457 52 18 inom
917 457 85 18 kommu-

246 491 61 13 nerna
324 487 97 22 inrymma
440 487 37 18 den
496 486 167 24 röstberättigade
681 487 86 17 kvinnan
784 486 104 18 enahanda
901 486 102 18 valbarhet

247 520 42 13 som
301 520 90 13 mannen.

312 544 53 18 Enär
378 544 78 21 kvinna,
470 550 41 12 som
524 545 59 18 råder
595 545 55 18 öfver
664 546 31 22 sig
707 546 35 17 och
753 545 35 17 sitt
796 544 55 23 gods,
861 544 22 18 är
892 544 40 18 lika
941 544 61 17 skatt-

245 572 79 23 skyldig
337 573 30 17 till
379 573 122 22 kommunen,
515 578 42 13 som
570 574 46 18 dess
629 574 86 22 manliga
728 574 133 20 medlemmar,
874 573 59 18 borde
944 572 58 18 äfven

246 601 23 18 de
288 601 123 23 rättigheter,
429 602 67 18 hvilka
514 603 77 22 grunda
607 604 30 22 sig
653 603 25 23 på
691 603 63 18 denna
767 602 174 22 skattskyldighet,
954 606 49 13 vara

232 642 2 2 +
245 630 100 18 desamma
358 630 31 18 för
401 631 73 19 kvinna
487 637 43 13 som
543 632 30 18 för
581 637 50 13 man.
651 632 38 22 Jag
697 632 34 18 vill
740 632 50 18 dock
798 632 44 17 icke
850 632 6 16 i
865 631 37 17 den
910 630 93 23 rättsliga

245 659 166 23 likställighetens
424 661 107 21 grundsats
544 661 50 17 söka
607 661 32 17 det
652 661 109 18 förnämsta
773 660 66 18 stödet
848 660 30 18 för
888 659 32 18 det
928 659 75 22 förslag

243 688 36 22 jag
297 688 54 18 afser
370 689 30 17 att
417 689 118 23 framlägga.
559 690 28 22 Ty
602 690 87 18 hvarken
705 689 104 19 valbarhet
822 689 48 17 eller
882 693 34 13 ens
929 688 74 18 valrätt

245 716 30 18 till
288 716 101 24 offentliga
402 718 46 18 värf
459 718 22 18 är
493 718 30 18 att
535 718 94 18 hänföras
643 719 29 17 till
685 719 23 17 de
721 724 16 12 s.
745 718 18 18 k.
772 718 100 22 naturliga
881 717 122 22 rättigheter.

247 750 42 12 som
307 745 48 18 böra
374 746 109 18 tillkomma
501 747 68 24 hvarje
585 747 185 18 samhällsmedlem.
794 746 27 18 På
834 746 33 18 det
879 746 124 18 kommunala

245 774 57 18 såväl
318 779 42 13 som
375 775 26 22 pä
414 775 32 18 det
458 776 94 22 politiska
565 776 88 18 området
666 776 63 18 måste
743 776 101 22 omfånget
856 776 23 16 af
889 774 114 22 medborga-

246 807 59 13 renas
324 803 68 18 aktiva
410 804 117 22 befogenhet
543 805 86 22 grundas
645 805 25 23 pä
683 804 117 24 pröfningen
812 804 23 18 af
844 804 53 17 hvad
910 804 30 17 för
953 808 50 13 sam-

246 831 62 18 hället
326 832 36 18 och
381 832 70 18 staden
467 832 22 18 är
505 833 107 23 gagneligt.
636 834 44 17 Men
695 834 6 17 i
717 834 33 17 det
763 833 63 20 ämne,
839 832 81 18 hvarom
933 832 36 18 här
981 832 23 17 är

244 860 63 23 fräga,
319 861 106 18 förefinnes
434 867 80 12 numera
523 863 17 22 ej
549 862 66 23 nägon
624 863 104 22 stridighet
737 862 72 18 mellan
819 861 122 18 sistberörda
949 861 53 22 regel

245 889 36 17 och
300 889 36 17 den
356 889 100 18 allmänna
471 891 68 17 satsen
555 891 30 17 att
597 896 46 12 man
655 891 35 18 bör
703 891 48 18 söka
763 890 83 18 utstaka
858 889 145 23 rättigheterna

246 917 37 18 och
296 917 160 23 skyldigheterna
469 919 51 18 efter
532 924 76 13 samma
621 920 112 18 mättstock.

312 947 7 16 I
332 946 74 23 själfva
417 947 70 18 verket
499 947 36 18 har
547 948 127 23 lagstiftaren
684 949 65 21 redan,
759 948 25 18 dä
793 953 27 12 nu
828 947 92 23 gällande
929 947 74 22 system

245 974 31 18 för
288 975 259 24 kommunalförvaltningen
560 976 42 18 blef
612 977 69 20 införd,
694 977 25 22 pä
731 976 68 19 landet
813 981 70 18 genom
896 975 107 18 förordnin-

244 1008 38 18 gen
301 1003 22 18 af
334 1003 37 18 den
383 1004 11 17 6
407 1004 47 18 febr.
468 1005 44 18 1865
525 1005 36 18 och
573 1006 6 17 i
593 1005 92 18 städerna
697 1011 70 17 genom
780 1004 142 23 förordningen
934 1005 23 16 af
967 1004 37 17 den

243 1033 11 16 8
270 1032 102 18 december
388 1033 50 21 1873,
450 1033 7 18 i
469 1033 112 19 hufvudsak
594 1034 69 18 erkänt
675 1035 30 17 att
717 1035 73 17 kvinna
803 1033 41 18 lika
857 1038 42 13 som
912 1037 44 14 man
969 1032 36 18 bör

243 1061 60 18 hafva
320 1061 56 18 talan
388 1062 7 17 i
408 1062 31 17 sin
451 1062 102 18 kommuns
567 1063 170 22 angelägenheter.
755 1063 42 17 Den
810 1061 85 19 rösträtt
907 1061 32 18 vid
951 1061 52 18 kom-

243 1090 153 18 munalstämma
418 1091 36 18 och
474 1091 165 22 rädhusstämma,
659 1097 42 12 som
721 1092 63 21 enligt
805 1090 64 23 sagda
887 1090 118 22 författning

243 1118 67 18 tillhör
327 1119 76 22 kvinlig
421 1119 201 22 kommunalmedlem,
641 1120 22 18 är
681 1120 43 18 icke
738 1120 51 18 blott
802 1124 24 13 en
839 1118 80 21 valrätt,
932 1118 37 18 den
982 1118 23 18 är

244 1152 24 13 en
287 1147 95 23 rättighet
400 1149 31 17 att
447 1149 79 22 deltaga
542 1149 7 17 i
561 1149 174 23 öfverläggningar
748 1149 36 18 och
797 1148 71 17 beslut.
893 1147 29 18 Dä
934 1147 70 18 endast

244 1176 29 18 ett
291 1177 57 22 ringa
366 1177 50 18 fätal
434 1177 173 18 landskommuner
624 1177 61 18 infört
699 1177 139 18 institutionen
852 1176 22 17 af
884 1176 119 18 kommuna!-

245 1205 129 23 fullmäktige,
389 1205 37 18 har
440 1206 87 18 kvinnan
539 1207 78 17 säledes
630 1207 84 17 faktiskt
727 1206 62 18 sedan
802 1206 30 17 tre
846 1204 102 19 ärtionden
961 1205 43 17 haft

242 1233 42 18 rätt
299 1234 30 17 att
344 1234 40 18 lika
397 1235 44 17 med
454 1240 84 13 mannen
550 1235 68 18 rädslä
630 1235 36 18 och
679 1235 77 18 besluta
769 1233 105 24 angäende
887 1233 93 23 samtliga
993 1233 12 18 ä

244 1263 199 18 kommunalstämma
461 1263 142 18 ankommande
622 1264 89 17 ärenden.
736 1264 7 17 I
759 1263 97 18 städerna
868 1262 37 17 har
917 1261 33 18 det
963 1262 40 17 fak-

241 1291 55 18 tiska
311 1291 132 19 förhållandet
458 1292 97 23 gestaltat
571 1293 31 22 sig
616 1293 127 20 annorlunda,
757 1291 83 19 emedan
854 1291 59 18 äfven
926 1290 22 18 de
961 1291 43 17 små

243 1319 99 22 städerna,
362 1325 42 13 som
422 1321 44 18 icke
485 1326 46 13 vore
550 1321 64 18 dertill
633 1321 87 22 lagligen
739 1319 115 21 förbundne,
874 1319 130 18 öfverlemnat

243 1349 127 18 kommunens
381 1349 158 18 beslutanderätt
549 1350 21 17 åt
579 1350 186 22 stadsfullmäktige,
776 1349 30 18 till
817 1348 49 23 följd
872 1348 73 18 hvaraf
949 1348 55 17 kvin-

242 1382 51 13 nans
305 1378 7 17 i
325 1378 57 22 fråga
395 1378 88 18 varande
495 1378 96 23 rättighet
603 1378 43 18 haft
659 1379 31 17 sin
702 1377 126 23 tillämpning
841 1376 71 18 endast
920 1372 10 34 ä
945 1376 23 17 de
979 1376 25 18 få,

242 1411 31 13 om
295 1407 36 18 ock
352 1407 77 22 vigtiga
448 1407 90 21 ärenden,
560 1412 42 13 som
620 1407 6 18 i
645 1407 45 20 alla)
703 1407 67 18 städer
789 1406 35 18 äro
844 1405 161 18 rådhusstämma

242 1434 128 19 förbehållna.
396 1435 43 18 Men
452 1436 6 17 i
471 1436 112 23 principielt
595 1436 111 18 hänseende
717 1436 36 18 har
763 1436 56 17 detta
830 1434 50 18 dock
890 1433 114 22 betydelsen

241 1464 24 17 af
281 1469 24 12 en
320 1465 155 22 utgångspunkt,
492 1465 43 17 från
548 1465 79 17 hvilken
639 1469 45 13 man
697 1464 121 24 följdriktigt
832 1463 89 18 kommer
934 1462 29 17 till
976 1466 29 13 er-

241 1492 113 18 kännandet
372 1494 30 17 att
418 1493 73 18 kvinna
504 1493 35 18 bör
551 1493 99 18 likställas
664 1493 43 18 med
719 1498 46 13 man
775 1492 79 25 jämväl
867 1492 7 17 i
888 1491 92 18 afseende
994 1491 11 16 a
