1092 1739
329 150 213 22 Motionsbetänkande
558 150 34 22 N:o
608 150 20 22 2.

405 453 266 23 Ekonomiutskottets
695 452 163 23 betänkande

308 489 34 22 N:o
357 488 14 22 5
393 488 5 22 i
419 488 107 28 anledning
550 488 20 22 af
592 488 72 22 tvenne
687 487 172 27 motionsförslag,

307 524 128 27 framstälda,
445 523 34 22 det
495 529 39 16 ena
548 523 52 22 inom
612 522 153 23 Presteständet
776 522 38 22 och
825 522 36 22 det

309 558 64 22 andra
391 558 52 22 inom
467 558 157 25 Bondeständet,
640 558 99 22 hvardera
754 556 106 28 angäende

310 594 83 27 ändring
409 594 21 21 af
445 593 28 22 25
489 593 13 27 $
518 593 4 21 i
539 593 93 27 gällande
646 592 116 28 förordning
778 598 31 16 om
820 592 40 22 för-

309 628 87 28 säljning
411 628 38 22 och
465 628 133 28 utskänkning
614 628 20 22 af
650 628 140 28 maltdrycker.

173 698 170 23 Ofvanherörda
364 697 39 22 två
420 697 190 29 motionsförslag,
626 697 77 22 hvilka
718 697 74 22 såsom
806 697 55 22 bila-

104 739 41 22 gor
160 733 79 28 åtfölja
256 733 62 22 detta
332 732 149 27 betänkande,
497 732 76 27 hafva,
588 732 7 21 i
611 731 107 22 afseende
734 731 12 22 å
762 731 99 22 förbere-

105 767 72 22 dande
199 767 138 28 behandling
358 767 135 27 hänskjutits
513 767 35 21 till
563 766 226 27 Ekonomiutskottet,
806 772 54 21 som,

105 802 54 22 enär
182 801 115 29 förslagen
319 801 48 22 afse
390 801 96 28 ändring
501 801 26 22 af
540 807 85 16 samma
647 801 95 28 lagrum,
757 801 105 28 upptagit

105 837 51 21 dem
171 837 34 21 till
227 836 138 28 behandling
379 836 7 21 i
402 837 32 20 ett
449 836 163 28 sammanhang
628 836 41 22 och
685 835 79 22 dervid
776 835 86 28 jemväl

104 871 58 28 tagit
184 871 127 22 kännedom
326 877 36 16 om
377 871 182 22 Presteståndets
574 871 38 22 vid
627 871 38 22 det
680 871 40 21 der
735 870 127 29 framlagda

105 905 218 29 motionsförslagets
339 905 161 29 föredragning
516 905 64 22 förda
595 905 42 23 och
652 905 110 22 utskottet
771 905 90 22 medde-

104 941 52 22 lade
171 940 257 29 diskussionsprotokoll.

174 1044 171 23 Framhållande
360 1045 33 21 att
408 1044 43 23 den
467 1044 133 29 maltdryck,
616 1050 48 16 som
679 1044 71 22 under
760 1051 68 15 namn
839 1043 26 22 af

105 1079 135 28 svagdricka
262 1079 165 22 åstadkommes
449 1085 83 22 genom
554 1079 126 28 hembrygd
703 1079 51 22 med
773 1079 88 22 biträde

105 1114 80 22 endast
200 1114 26 22 af
238 1115 53 28 eget
305 1114 91 22 husfolk
410 1114 56 21 eller
475 1114 137 28 tjenstehjon
623 1114 32 21 uti
666 1114 133 28 byggnader
810 1113 51 22 med

104 1149 78 28 vanlig
197 1149 118 28 inredning
330 1148 35 22 för
379 1147 195 29 hushällssysslor,
590 1148 104 22 stundom
708 1149 59 21 visat
782 1148 36 29 sig
827 1148 33 21 in-

104 1183 91 22 nehälla
210 1190 28 15 en
253 1183 25 22 sä
292 1183 46 29 hög
357 1183 185 28 alkoholprocent
557 1184 33 21 att
604 1189 70 16 varan
690 1183 70 22 måste
776 1183 85 22 likstäl-

105 1218 33 21 las
154 1218 51 22 med
227 1218 146 29 rusgifvande
393 1218 77 28 dryck,
486 1217 86 29 päyrka
587 1217 226 29 förslagsställarene,
829 1219 33 20 att

106 1253 38 22 det
158 1253 8 21 i
181 1255 27 20 25
224 1253 13 27 $
252 1253 26 22 af
290 1252 82 29 nädiga
394 1253 162 28 förordningen
579 1253 43 21 den
638 1255 12 19 2
666 1253 63 28 April
746 1255 62 24 1883,
824 1259 37 15 an-

105 1287 88 29 gäende
216 1288 133 28 försäljning
363 1288 42 22 och
420 1288 154 28 utskänkning
589 1288 26 22 af
627 1288 158 28 maltdrycker,
801 1287 61 22 med-

105 1322 64 28 gifna
190 1322 140 28 undantaget
352 1324 33 20 att
400 1322 93 28 försälja
508 1322 134 28 svagdricka
657 1322 69 22 mätte
741 1322 67 28 göras
824 1322 38 21 be-

105 1357 84 21 roende
204 1356 26 22 af
242 1357 173 22 kommunernas
430 1356 106 29 pröfning
552 1357 41 21 och
608 1356 185 22 beslutanderätt.
816 1356 46 22 Me-

106 1391 43 22 dan
173 1392 38 21 det
225 1398 42 15 ena
289 1391 207 29 motionsförslaget
514 1391 60 22 afser
590 1392 32 21 att
636 1391 111 28 inrymma
761 1391 101 22 kommu-

106 1432 70 16 nerna
197 1426 138 28 befogenhet
357 1428 33 20 att
412 1426 59 22 efter
493 1426 106 28 pröfning
613 1426 7 22 i
636 1426 60 22 vissa
714 1426 39 21 fall
768 1425 95 22 beröfva

105 1460 146 22 tillverkaren
267 1460 25 22 af
305 1460 134 28 svagdricka
461 1460 45 22 rätt
521 1462 33 20 att
570 1460 91 28 försälja
676 1460 136 27 densamma,
827 1461 34 20 ut-

174 1502 193 19 Ekonomiutskottets
381 1502 115 20 betänkande
512 1502 37 19 N:o
566 1502 18 20 5.
