1073 1748
358 162 299 28 Petitionsmemorial.

197 230 116 36 Bondest.
732 232 46 22 N:o
795 231 23 22 6.

663 411 179 27 (Öfversättning.)

295 473 49 19 Till
358 473 161 18 Hedervärda
533 472 195 18 Bondeständet.

199 530 29 19 Pä
246 531 124 18 Ständernas
389 530 35 18 vid
443 530 44 18 1888
507 530 39 18 och
565 530 44 18 1894
628 529 33 19 ärs
680 530 122 23 landtdagar
820 530 69 18 därom

131 560 120 18 framstälda
274 559 110 24 petitioner
403 559 38 17 har
461 559 59 17 Hans
540 559 112 23 Kejserliga
674 559 96 23 Majestät
791 558 97 19 Finlands

131 588 113 19 Storfurste
260 589 66 17 täckts
344 588 8 18 i
370 587 66 19 Näder
454 588 71 18 bifalla
544 588 31 18 till
594 594 26 12 en
635 588 148 23 nedskattning
795 588 37 18 och
845 588 44 18 där-

128 618 65 23 jämte
208 617 7 18 i
230 617 100 18 särskilda
345 617 37 18 fall
401 616 62 19 äfven
484 616 31 18 till
528 616 212 24 mantalsförmedling
752 616 12 18 å
774 617 116 23 jordlägen-

132 646 84 18 heterna
228 646 55 18 inom
295 646 46 18 hela
352 639 78 25 Älands
443 645 64 18 härad
520 647 53 16 samt
585 645 56 18 inom
650 645 54 23 flere,
713 645 31 18 till
753 646 64 17 andra
826 645 64 18 härad

130 675 92 17 hörande
240 675 120 17 kommuner
378 674 23 18 af
415 668 44 24 Åbo
476 674 45 18 läns
538 672 98 24 skärgård
649 674 37 17 och
699 674 45 18 dess
757 674 132 18 kusttrakter.

132 704 48 17 Men
197 703 30 18 uti
242 703 34 18 det
288 703 7 17 i
308 702 109 23 anledning
429 702 62 18 häraf
500 702 110 18 utfärdade
622 702 78 24 Nådiga
712 702 86 18 Brefvet
810 702 80 22 saknas,

131 738 35 12 om
177 737 48 12 man
237 732 102 18 undantar
347 731 115 18 Houtskärs
476 731 37 18 och
526 731 67 23 Korpo
606 730 149 24 församlingar,
768 731 70 18 hvilka
850 731 40 18 vis-

132 760 89 23 serligen
242 761 63 17 redan
322 760 135 18 härförinnan
478 759 85 24 åtnjutit
583 763 103 20 temporär
711 760 134 23 nedsättning
868 760 24 18 af

132 789 62 21 skatt,
212 789 62 18 bland
292 789 24 18 de
334 789 119 17 kommuner
472 794 44 12 som
534 788 86 23 åtnjutit
638 788 62 18 sådan
717 788 66 18 fördel
798 788 42 19 helt
852 788 38 18 och

133 816 62 20 hållet
207 818 59 22 Nagu
276 818 76 23 jämväl
362 817 55 18 inom
424 816 125 24 skärgården
559 817 85 23 belägna
656 817 79 23 socken,
744 817 7 18 i
761 817 83 18 hvilken
853 817 37 18 här

133 845 97 19 förinnan
242 846 133 23 nedsättning
386 846 23 17 af
420 846 55 18 skatt
484 846 44 18 icke
541 845 85 19 kommit
636 846 64 18 andra
711 846 31 18 till
750 846 32 18 del
792 849 27 15 än
827 845 63 24 några

134 874 67 19 såsom
214 875 23 18 de
249 877 52 16 mest
313 874 118 19 vanlottade
444 874 89 19 ansedda
547 874 99 23 hemman,
660 877 29 16 ett
701 874 133 23 förhållande,
847 881 44 12 som

134 903 62 19 äfven
212 903 89 24 framgår
313 909 25 12 ur
350 903 34 18 det
396 903 23 18 af
429 903 153 18 vederbörande
594 903 177 18 häradsskrifvare
783 903 108 18 utfärdade

134 932 64 24 intyg,
209 937 42 13 som
262 932 74 18 härhos
345 932 124 23 närslutes.')
490 931 27 18 På
527 932 94 23 grunder,
630 937 45 13 som
684 932 35 18 vid
728 932 163 19 framställandet

133 961 25 17 af
173 961 86 22 tidigare
280 960 77 24 förslag
375 961 31 18 till
425 960 226 23 skattenedsättningar
670 961 63 18 redan
751 961 85 22 anförts,
854 961 37 18 och

134 989 33 18 till
178 989 70 18 hvilka
258 989 36 24 jag
306 989 71 18 endast
389 991 57 21 tager
457 989 43 23 mig
513 989 89 18 friheten
614 989 38 18 här
664 989 92 23 hänvisa,
765 993 53 14 samt
828 990 64 23 enligt

134 1018 55 18 hvad
202 1017 22 18 af
234 1018 133 18 kommunens
381 1018 74 18 ombud
468 1018 7 17 i
487 1018 99 23 härjämte
598 1017 81 24 bilagda
692 1018 128 23 skrifvelse?)
829 1021 63 22 ytter-

134 1047 64 22 ligare
218 1047 86 21 anföres,
326 1047 91 18 befinner
435 1047 32 22 sig
485 1046 60 24 Nagu
563 1047 102 22 kommun,
678 1047 55 18 hvad
745 1047 96 18 skattetal
854 1047 38 18 och

134 1075 182 24 mantalssättning
328 1075 125 18 vidkommer
465 1075 8 18 i
482 1081 78 12 samma
569 1075 45 23 läge
622 1081 45 12 som
675 1075 86 24 tidigare
771 1075 66 24 öfriga
846 1079 46 14 när-

134 1104 86 23 belägna
238 1104 123 23 kommuner,
377 1103 21 19 ät
415 1104 71 18 hvilka
503 1103 57 24 dylik
576 1103 133 24 nedsättning
726 1105 63 17 redan
807 1104 85 24 medgif-

134 1132 47 18 vits.
205 1133 62 18 Detta
279 1133 81 23 sakläge
373 1135 52 16 samt
437 1132 181 23 nödvändigheten
630 1132 23 18 af
664 1139 25 12 en
703 1133 106 18 enahanda
818 1133 74 18 skatte-

135 1161 133 23 nedsättning
283 1161 77 24 jämväl
375 1161 56 18 inom
447 1161 59 23 Nagu
519 1161 75 18 socken
606 1161 105 24 bestyrkes
728 1162 92 23 tydligen
832 1161 61 19 äfven

136 1189 23 18 af
176 1189 39 18 den
231 1190 75 18 härhos
322 1190 107 18 närslutna
447 1190 38 17 och
504 1189 23 18 af
540 1190 215 18 kommunalnämdens
773 1193 53 16 samt
838 1191 55 18 kom-

135 1218 182 18 munalstämmans
326 1218 123 18 ordförande
458 1218 31 18 till
498 1218 124 23 riktigheten
630 1218 106 24 bestyrkta
747 1218 145 24 förteckning?)

136 1246 58 19 öfver
212 1247 98 18 särskilda
326 1247 31 18 till
373 1247 124 18 kommunen
513 1247 90 18 hörande
622 1247 104 18 hemmans
740 1247 102 24 jordareal
855 1247 38 18 och

136 1275 70 18 dessas
218 1275 108 18 förmäner.
344 1275 41 18 För
397 1277 30 16 att
440 1279 95 14 närmare
547 1274 71 25 pävisa
630 1275 39 18 den
680 1275 130 24 betungande
818 1277 76 18 skatte-

136 1303 38 18 och
190 1304 212 23 mantalssättningen,
415 1304 82 23 bifogar
507 1304 37 23 jag
556 1303 100 24 härjämte
668 1310 26 12 en
706 1305 66 22 tabell,
784 1305 109 18 utvisande

136 1331 64 24 enligt
212 1332 112 19 sistnämda
336 1333 72 23 bilaga,
420 1333 85 18 hvilken
515 1332 103 24 jordareal
630 1332 39 18 och
680 1333 136 18 kronoskatti
823 1333 70 24 jämna

136 1360 30 18 tal
183 1360 55 19 inom
257 1361 40 18 fem
315 1361 100 19 särskilda
433 1361 52 24 byar
504 1361 58 18 faller
581 1360 25 24 pä
624 1361 44 18 helt
685 1361 83 22 mantal,
786 1361 107 20 äfvensom

136 1388 54 18 huru
202 1389 81 18 skatten
296 1390 69 18 ställer
377 1390 32 23 sig
421 1389 7 18 i
443 1389 95 19 afseende
550 1389 12 18 ä
570 1389 123 19 tunnlandet
704 1390 118 24 odlingsbar
836 1391 58 18 mark

136 1419 53 16 samt
201 1417 7 18 i
221 1417 94 19 afseende
327 1417 11 19 ä
350 1418 47 18 hela
409 1418 86 19 arealen.

205 1475 13 22 1)
230 1475 61 23 Bilaga
303 1476 13 17 I.
342 1476 12 23 ?)
368 1475 61 24 Bilaga
441 1477 23 18 II.
489 1476 13 23 ?)
514 1477 62 22 Bilaga
588 1477 32 18 JI.
