1067 1731
231 168 84 23 Ständ.
332 168 54 23 Pet.
403 181 27 3 —
446 168 173 23 Petitionsbet.
636 168 45 22 N:o
697 168 23 22 6.
846 169 12 19 3

102 238 43 20 Det
160 238 26 20 är
200 239 33 19 att
245 237 81 21 märka
337 239 32 19 att
379 237 68 21 dessa
457 237 98 21 lektorat
565 237 125 21 inrättades
701 237 30 27 på
742 244 29 14 en
781 236 39 27 tid,
829 236 30 21 då

102 279 28 13 en
146 271 89 21 ordnad
246 271 165 27 undervisning
422 271 6 21 i
440 272 96 20 modern
551 272 87 26 filologi
653 271 39 21 vid
705 271 155 21 universitetet

102 308 64 19 ännu
181 306 50 21 icke
251 312 41 14 var
307 306 35 20 för
357 306 100 26 handen,
474 305 83 21 medan
573 305 263 21 universitetsstudierna
852 305 7 20 i

103 340 61 21 detta
186 340 52 20 fack
261 346 103 20 numera,
381 340 108 20 särskildt
511 346 83 20 genom
609 340 170 20 utnämnandet
794 339 24 21 af
831 346 28 14 en

104 377 61 18 extra
179 374 114 21 ordinarie
315 374 116 27 professor
449 374 53 21 med
518 374 241 27 examensskyldighet
774 374 7 20 i
797 373 63 21 såväl

103 408 131 28 germanisk
250 415 50 14 som
313 408 120 21 romanisk
446 408 93 27 filologi,
552 408 75 21 blifvit
637 408 30 28 på
675 410 31 19 ett
716 408 143 26 någorlunda

103 442 208 22 tillfredsställande
331 444 44 19 sätt
393 442 102 21 ordnade
515 443 44 21 och
579 443 82 20 vunnit
683 442 70 27 nödig
775 442 83 27 stadga.

104 477 62 21 Efter
176 477 139 21 inrättandet
327 477 25 20 af
361 477 98 21 berörda
472 477 178 27 lektorstjenster
658 477 38 21 vid
708 478 151 26 reallyceerna

104 511 89 21 medför
208 511 44 21 den
276 511 134 21 nuvarande
426 511 159 27 anordningen
601 511 44 21 den
662 511 151 27 oformlighet,
829 513 31 18 att

105 546 127 27 aspiranter
240 545 33 21 till
282 545 66 21 dessa
356 545 93 27 tjenster
460 545 73 21 under
544 546 35 20 sin
590 545 165 27 obligatoriska
767 545 92 21 auskul-

104 580 73 26 tering
198 580 39 21 vid
260 580 198 27 normallyceerna
481 580 65 20 skola
567 580 128 20 handledas
719 580 25 20 af
757 579 104 21 arvodes-

105 614 79 26 lärare,
200 614 35 20 för
257 614 90 20 hvilkas
363 614 136 27 kompetens
514 614 59 26 gälla
589 614 110 27 betydligt
714 614 88 26 ringare
818 614 43 20 for-

105 648 93 27 dringar
224 649 30 19 än
281 648 35 20 för
342 648 104 21 lektorer.
478 648 50 21 Och
556 655 38 14 om
622 649 30 20 än
678 648 44 21 den
745 647 116 22 blifvande

106 683 88 20 lektorn
208 682 7 21 i
227 682 67 27 tyska
307 683 44 20 och
367 682 94 21 franska
477 682 74 21 likaså
563 682 48 21 litet
623 689 51 14 som
687 682 28 21 de
728 681 133 22 nuvarande

106 717 186 21 arvodeslärarne
305 716 54 27 egde
372 716 99 21 bedöma
484 717 27 20 de
523 717 118 27 praktiska
652 717 54 27 prof
716 723 51 14 som
777 717 7 20 i
795 716 66 21 dessa

106 753 84 19 ämnen
214 751 38 20 vid
275 751 198 27 normallyceerna
495 751 106 26 afläggas,
618 751 25 21 så
666 752 25 19 är
712 751 37 20 det
765 750 59 21 dock
840 750 24 21 af

107 785 131 26 obestridlig
261 785 54 26 vikt,
331 787 32 19 att
386 785 160 27 öfverlärarne,
562 786 30 27 på
615 785 79 21 hvilka
713 785 61 21 detta
795 784 67 21 bedö-

106 819 84 21 mande
206 819 143 27 ankommer,
365 820 69 20 hafva
450 822 33 18 att
497 820 63 27 tillgå
575 827 28 13 en
619 819 98 27 skicklig
731 821 78 26 expert
824 818 38 21 vid

106 854 38 21 sitt
159 856 48 24 eget
223 854 110 21 läroverk.

175 888 35 20 Då
226 887 173 28 ifrågavarande
415 888 84 21 reform
515 888 70 27 enligt
599 888 66 27 gjord
680 888 127 27 beräkning
822 895 41 13 un-

106 922 40 21 der
161 929 28 14 en
205 922 53 27 lång
278 922 93 21 framtid
386 922 19 27 ej
423 922 94 21 komme
533 925 32 18 att
583 923 3 20 i
601 922 130 21 nämnvärd
747 923 55 20 mån
818 922 45 21 öka

106 956 146 21 statsverkets
277 956 95 27 utgifter,
397 956 71 21 borde
493 957 37 20 väl
555 963 28 14 ur
606 957 116 20 finansiell
745 956 119 28 synpunkt

106 991 56 20 intet
184 991 83 20 hinder
288 993 63 18 möta
372 991 52 20 dess
448 991 185 26 genomförande.
664 991 43 20 Vid
724 991 82 21 sådant
821 990 43 21 för-

106 1025 109 20 hållande
231 1025 44 21 och
291 1025 97 21 emedan
404 1025 38 21 det
457 1025 82 21 endast
553 1025 30 28 på
599 1025 76 21 denna
691 1027 43 25 väg
749 1025 44 21 blir
808 1024 56 28 möj-

107 1059 39 27 ligt
161 1061 33 19 att
209 1060 34 20 för
258 1059 195 27 undervisningen
464 1060 8 20 i
484 1060 67 27 tyska
566 1060 44 21 och
621 1060 94 21 franska
726 1060 38 20 vid
775 1059 89 21 landets

107 1093 115 22 klassiska
244 1094 74 27 lyceer
337 1094 72 20 vinna
425 1094 52 21 fullt
492 1094 147 27 kompetenta
655 1095 78 26 lärare,
751 1101 49 14 som
816 1093 48 21 helt

107 1128 45 21 och
174 1128 92 21 odeladt
289 1128 80 21 kunna
391 1133 58 22 egna
472 1128 33 27 sig
529 1128 23 21 åt
567 1128 38 21 sitt
619 1128 174 27 betydelsefulla
808 1127 56 26 värf,

107 1162 70 21 hafva
200 1162 126 21 Ständerna
349 1165 74 18 ansett
445 1162 34 27 sig
501 1163 57 20 böra
581 1163 96 20 omfatta
692 1161 172 28 ifrågavarande

107 1197 199 26 petitionsförslag,
329 1197 60 20 helst
413 1197 208 26 undervisningens
648 1197 145 26 grundlighet
815 1195 49 22 icke

107 1231 99 21 behöfde
222 1231 46 20 lida
283 1237 83 20 genom
379 1233 31 19 ett
423 1231 200 20 sammanslående
635 1231 25 20 af
668 1231 197 26 läraretjensterna

108 1265 6 20 i
131 1265 70 26 sagda
220 1267 90 19 ämnen.
341 1265 34 28 Ty
391 1265 8 20 i
415 1267 86 19 statens
517 1265 122 27 reallyceer
654 1271 56 20 eger,
727 1265 30 27 på
773 1266 43 19 sätt
831 1264 33 21 of-

108 1306 45 14 van
169 1299 118 28 antyddes,
303 1299 71 22 redan
394 1307 33 13 nu
443 1306 90 14 samma
548 1299 74 21 lektor
637 1299 123 21 undervisa
775 1299 8 20 i
798 1299 67 27 tyska

108 1333 45 21 och
168 1334 94 21 franska
278 1334 99 27 språken
393 1334 45 21 och
451 1334 7 20 i
471 1341 40 14 sex
523 1334 26 20 af
556 1333 89 21 landets
656 1333 83 27 fjorton
751 1333 114 21 klassiska

108 1368 75 26 lyceer
208 1369 40 19 äro
275 1368 70 26 bägge
370 1368 195 27 språktjensterna
587 1368 108 20 förenade
718 1368 30 26 på
771 1374 28 14 en
822 1367 43 20 och

108 1408 90 14 samma
222 1402 69 26 hand,
307 1404 56 18 utan
387 1404 32 18 att
442 1402 71 26 några
536 1402 145 26 olägenheter
698 1402 25 20 af
735 1402 77 20 denna
827 1407 39 14 an-

108 1436 99 26 ordning
229 1436 116 27 försports.
378 1436 124 21 Dessutom
519 1438 25 18 är
559 1438 32 19 att
605 1436 88 26 märka,
710 1438 31 18 att
757 1436 44 20 den
817 1435 49 20 uni-

108 1470 207 27 versitetsexamen,
331 1476 51 15 som
398 1470 26 20 af
442 1470 158 28 aspiranterna
615 1470 34 21 till
664 1470 28 20 de
707 1476 46 21 nya
769 1470 97 26 kollega-
