1067 1745
216 174 27 19 16
373 172 76 23 Ständ.
465 173 48 22 Pet.
531 185 25 3 —
572 172 153 23 Petitionsbet.
741 172 38 23 N:o
795 171 19 23 2.

283 238 44 21 Till
349 239 110 28 Borgare-
483 239 43 21 och
549 238 178 21 Bondestånden
742 237 69 22 hafva
826 237 39 22 vid
880 238 92 21 inneva-

214 273 70 22 rande
299 273 110 28 landtdag
419 272 225 30 petitionsmemorial
655 273 126 25 inlemnats,
789 273 65 21 hvari
865 272 105 25 anhålles,

214 310 33 19 att
262 315 29 14 en
305 308 166 29 normalspårig
485 308 83 21 bibana
583 309 68 20 måtte
667 308 35 21 för
717 307 147 22 statsverkets
874 307 98 28 räkning

214 342 52 21 med
288 342 25 21 af
329 342 79 21 staden
423 342 179 21 Fredrikshamn
616 342 104 29 erbjudet
736 342 80 28 bidrag
831 342 54 21 eller
900 344 72 19 ränte-

213 376 90 29 garanti
324 377 89 28 byggas
434 377 56 28 från
512 378 102 27 Ingerois
635 379 52 20 eller
710 379 111 20 Tavastila
844 379 81 20 station
940 377 32 22 till

215 412 181 22 Fredrikshamn.

283 445 198 30 Petitionsförslag
502 446 8 21 i
533 446 62 21 detta
617 446 60 29 syfte
699 445 70 22 hafva
791 446 50 21 från
860 446 43 21 och
920 445 51 22 med

213 480 140 29 landtdagen
373 483 25 18 år
415 483 55 19 1888
485 481 60 21 varit
560 481 93 21 föremål
668 481 35 21 för
719 480 139 22 Ständernas
873 480 98 21 beband-

214 515 55 28 ling,
291 522 53 14 men
367 515 72 21 ehuru
463 515 79 22 staden
563 515 178 21 Fredrikshamn
765 515 61 22 såväl
849 514 122 29 ombesörjt

215 549 90 21 teknisk
327 549 124 28 utredning
467 549 117 28 angående
600 549 152 22 kostnaderna
767 549 35 22 för
818 557 28 13 en
861 549 64 28 dylik
940 549 31 21 bi-

215 583 58 22 bana
289 591 48 14 som
353 584 42 21 ock
411 583 71 22 utfäst
497 584 129 28 betydande
642 583 80 28 bidrag
737 583 36 22 för
788 583 122 29 företagets
928 583 43 22 för-

214 618 155 29 verkligande,
385 619 41 20 har
441 619 52 21 dess
508 619 67 28 länge
590 618 71 21 närda
676 618 156 29 förhoppning
842 618 70 21 likväl
922 617 48 22 icke

215 653 76 21 blifvit
305 653 106 28 uppfyld.
439 653 101 21 Orsaken
555 653 34 21 till
604 653 131 28 upprepade
751 653 73 28 afslag
838 653 51 20 från
907 653 64 20 Stän-

214 688 82 21 dernas
319 687 49 22 sida
390 688 41 21 har
453 687 61 28 legat
536 687 155 28 förnämligast
710 687 55 25 däri,
782 690 31 18 att
829 687 79 21 staden
924 687 47 21 vid-

215 722 63 21 hållit
294 721 39 22 sitt
348 722 105 28 anspråk,
470 725 31 18 att
516 722 76 21 banan
607 722 70 21 borde
692 722 89 28 byggas
797 721 43 22 och
854 721 117 22 trafikeras

214 757 36 21 för
270 757 147 20 statsverkets
434 756 103 28 räkning,
554 756 81 21 medan
651 757 100 20 däremot
767 756 50 21 från
833 756 137 21 Ständernas

214 791 50 21 sida
280 790 73 29 gjorts
368 791 111 28 gällande,
495 794 32 18 att
543 791 130 21 densamma
680 799 55 13 vore
747 791 24 21 af
779 790 192 28 hufvudsakligen

214 825 60 21 lokal
292 825 117 28 betydelse
429 828 57 19 samt
501 825 62 28 förty
577 825 71 22 borde
664 827 74 20 såsom
753 825 75 28 privat
842 825 59 21 bana
916 824 55 29 byg-

213 867 42 20 gas
271 859 42 21 och
328 859 124 21 trafikeras.

283 888 78 27 Äfven
382 894 8 20 i
409 902 32 13 nu
461 894 155 28 föreliggande
632 894 224 28 petitionsmemorial
870 893 100 29 begäres,

214 931 33 18 att
263 928 136 22 statsverket
414 930 69 20 måtte
499 928 76 29 bygga
591 929 42 21 och
648 928 106 22 trafikera
769 936 29 13 en
806 928 83 21 bibana
900 927 70 21 antin-

213 970 46 21 gen
273 963 51 20 från
339 963 103 28 Ingerois
458 963 52 21 eller
521 963 114 22 Tavastila
645 963 84 22 station
739 963 34 21 till
783 962 187 22 Fredrikshamns

213 997 58 25 stad,
287 997 41 21 och
345 997 96 22 utfäster
456 998 35 28 sig
507 998 80 21 staden
601 997 34 22 till
650 1000 44 19 rätt
709 997 129 28 betydande
846 997 124 28 uppoffrin-

213 1039 42 20 gar
266 1032 36 21 för
314 1032 62 22 detta
386 1032 205 29 järnvägsföretag.
614 1031 210 29 Stadsfullmäktige
836 1031 8 21 i
854 1031 117 22 Fredriks-

214 1066 69 21 hamn
304 1066 70 21 hafva
395 1067 115 28 nämligen
533 1074 82 21 genom
637 1067 50 28 laga
709 1066 62 21 kraft
793 1069 87 18 vunnet
898 1066 72 21 beslut

214 1100 154 22 tillförbundit
391 1101 80 21 staden
493 1104 33 18 att
548 1101 36 21 för
603 1101 28 21 de
650 1101 71 21 första
736 1101 32 21 tio
784 1102 54 19 åren
852 1103 119 26 garantera

213 1135 138 21 statsverket
374 1143 28 14 en
425 1136 57 28 årlig
499 1135 164 22 nettoinkomst
678 1135 25 22 af
714 1135 83 26 banan,
812 1135 159 22 motsvarande

213 1170 76 26 31/9%/g
305 1171 12 19 å
328 1170 268 29 anläggningskapitalet,
605 1170 124 21 beräknadt
737 1170 36 21 till
783 1170 66 28 högst
859 1171 112 24 1,517,000

213 1203 65 21 mark
300 1203 36 22 för
355 1211 28 14 en
398 1204 60 21 bana
472 1204 34 21 till
521 1204 102 29 Ingerois
640 1205 43 21 och
697 1205 68 28 högst
781 1206 111 23 1,200,000
908 1204 63 21 mark

213 1237 37 21 för
265 1245 28 13 en
308 1238 59 21 bana
382 1238 34 21 till
431 1239 121 25 Tavastila,
569 1239 53 21 eller
638 1239 42 21 ock
695 1242 33 18 att
741 1239 129 21 alternativt
881 1238 91 29 erlägga

213 1271 139 22 subvention
374 1272 34 21 till
427 1273 84 28 belopp
531 1273 26 20 af
569 1273 128 28 respektive
713 1275 93 23 600,000
822 1273 42 20 och
879 1275 92 22 400,000

213 1306 71 25 mark,
301 1306 140 22 oberäknadt
457 1307 160 21 kostnadsfritt
632 1307 109 29 upplåten
756 1307 69 21 mark.

283 1340 81 22 Såsom
384 1341 55 25 skäl,
455 1341 94 21 hvarför
564 1344 73 19 staten
652 1342 71 21 borde
739 1343 66 26 åtaga
820 1341 35 29 sig
870 1340 101 29 byggan-

214 1374 38 22 det
267 1375 44 21 och
326 1375 162 21 trafikerandet
503 1375 25 21 af
541 1376 74 21 denna
628 1376 104 28 järnväg,
744 1376 41 20 har
796 1375 50 21 från
854 1375 117 21 Fredriks-

213 1408 81 22 hamns
317 1409 62 21 stads
395 1410 50 21 sida
460 1409 125 29 åberopats,
602 1412 32 19 att
649 1410 38 21 det
702 1410 35 21 för
753 1417 29 13 en
797 1409 174 22 kommunalför-

212 1442 105 30 valtning
332 1451 55 14 vore
402 1444 105 22 förenadt
522 1444 52 21 med
589 1447 60 19 stora
665 1444 140 28 svärigheter
820 1447 32 18 att
868 1444 104 21 bedrifva

210 1476 184 29 järnvägstrafik,
411 1478 152 29 synnerligast
579 1486 37 14 om
631 1478 116 22 samtrafik
761 1478 52 22 med
823 1478 50 21 hela
883 1478 88 23 landets
