1073 1748
225 182 11 17 6

202 239 55 18 skall
268 239 8 18 i
288 240 111 18 allmänhet
411 240 33 18 för
456 241 43 18 helt
512 241 78 18 mantal
602 241 100 18 beräknas
715 241 55 18 ifrån
783 241 38 18 och
833 242 45 18 med
890 242 34 18 600
931 241 33 18 till

200 268 39 18 och
252 269 46 17 med
310 269 51 22 1,200
370 269 106 18 tunnland.
495 269 38 18 Uti
546 271 9 20 $
568 269 34 18 138
614 270 122 18 bestämmes
748 273 93 16 närmare
855 277 31 12 om
898 271 64 18 skatt-

203 297 37 17 bar
250 297 52 23 jord,
315 297 92 18 därifrån
419 298 129 23 undantages
561 299 47 17 kala
620 299 50 23 berg
679 299 38 18 och
728 299 95 23 skoglösa
832 305 78 13 mossar
919 305 43 12 som

202 325 18 23 ej
239 325 70 18 kunna
328 331 58 13 anses
406 327 103 18 brukbara
527 329 37 16 ete.
593 327 40 18 Vid
650 328 89 17 mantals
756 327 152 19 bestämmande
925 329 38 17 bör

202 353 70 19 vidare
290 355 38 18 enl.
352 357 9 19 $
380 355 34 18 140
435 355 23 18 af
476 355 136 19 förenämnda
630 356 133 23 Reglemente
782 352 180 32 hufvudsakligast

200 382 66 18 fästas
286 383 95 18 afseende
399 383 35 19 vid
452 383 112 25 tillgångar
582 384 26 24 pä
624 385 59 18 sädes
701 385 76 23 länder,
790 385 67 23 höbol,
873 386 88 18 mulbete

202 413 54 16 samt
274 411 69 18 fiskeri
361 412 38 18 och
417 413 64 18 andra
499 413 88 18 lönande
605 413 125 24 binäringar,
749 413 107 19 äfvensom
874 413 63 19 andra
955 415 7 17 i

204 439 68 18 denna
284 441 99 23 paragraf
393 442 130 23 uppräknade
534 442 203 23 biomständigheter,
749 441 68 19 säsom
829 443 61 18 bland
898 445 63 16 annat

202 475 37 16 nen
256 475 45 12 mer
317 470 48 17 eller
381 470 79 19 mindre
479 470 49 24 läng
546 471 37 18 och
595 470 49 19 svär
660 471 176 18 kommunikation
847 471 46 19 med
905 471 56 18 kust-

204 497 37 18 och
263 498 224 23 afsättningsorterna.*
517 499 33 18 Dä
570 499 183 24 mantalssättning
770 499 11 18 &
797 500 164 23 jordlägenheter

203 525 31 18 uti
246 526 46 19 värt
304 527 48 18 land
364 526 86 19 sälunda
463 527 7 18 i
482 527 57 19 tiden
552 528 121 23 bestämdes,
686 534 37 12 var
735 528 107 23 sjelffallet,
855 530 30 16 att
894 529 24 18 de
926 529 35 18 vid

203 554 109 23 sjöbandet
331 555 86 24 belägna
435 558 88 20 orterna,
542 556 69 19 säsom
626 557 36 23 jag
675 557 56 18 förut
743 557 117 22 framhällit,
874 556 25 19 dä
911 557 49 23 egde

202 583 51 18 flera
270 583 135 24 inbringande
423 585 120 24 binäringar
560 585 107 18 äfvensom
679 585 280 24 kommunikationsfördelar,

201 612 39 17 och
251 611 78 19 säledes
343 619 24 12 en
380 615 65 16 större
458 613 165 24 skatteförmäga,
633 614 67 18 skulle
709 613 35 19 vid
753 614 207 23 mantalssättningen

200 639 78 19 erhälla
290 647 26 12 en
328 641 79 19 mindre
417 642 102 24 jordareal
531 648 37 18 per
579 643 84 22 mantal,
676 646 27 15 än
715 645 59 18 orter,
788 643 113 23 aflägsnare
913 643 46 19 frän

200 669 123 24 sjövägarne
340 670 38 18 och
398 670 79 19 säledes
495 672 47 18 med
560 674 66 15 sämre
645 671 176 19 kommunikation
837 674 53 16 samt
908 674 51 16 utan

200 698 63 18 skildt
280 698 137 20 framstående
429 700 125 24 binäringar.
582 699 32 19 Då
626 700 68 18 såsom
704 700 36 24 jag
752 700 91 24 påpekat,
856 701 33 18 det
901 701 58 18 indre

200 726 70 19 landet
284 733 38 12 var
339 728 96 24 uppfyldt
451 728 24 18 af
486 729 47 17 kärr
551 729 38 17 och
606 734 85 18 mossar,
709 734 43 13 som
767 729 65 18 under
844 728 115 20 dåvarande

200 755 144 19 förhållanden
361 756 64 19 måste
442 763 59 12 anses
517 763 50 12 vara
585 757 117 18 obrukbara
721 758 37 18 och
776 758 77 18 således
865 758 18 23 ej
896 758 63 18 heller

200 784 68 18 kunde
286 786 59 22 tagas
363 786 46 18 med
426 786 7 17 i
445 786 115 23 beräkning
575 786 23 18 af
608 786 95 18 skattbar
712 786 52 24 jord,
777 792 38 12 var
827 793 25 12 en
864 786 51 24 följd
928 789 30 15 att

198 812 40 19 den
256 814 135 22 geometriska
409 815 82 17 arealen
505 814 45 19 blef
560 815 107 23 betydligt,
678 816 22 22 ja
712 814 68 24 någon
792 814 54 24 gång
857 814 101 19 måhända

198 840 123 20 ferdubbelt
338 845 69 21 större,
425 846 27 15 än
469 844 39 18 den
525 844 100 18 mantalet
643 844 154 18 tillkommande
814 844 79 18 arealen
905 844 53 18 efter

197 870 97 19 värderad
307 871 92 18 skattbar
409 872 52 23 jord.

268 900 61 18 Tider
348 901 38 17 och
401 901 143 18 förhållanden
556 901 64 19 hafva
632 901 113 19 emellertid
756 902 63 17 sedan
831 902 44 17 dess
889 901 68 18 förän-

197 928 63 18 drats.
273 929 40 18 Det
325 929 58 18 indre
389 929 80 19 landets
479 929 67 24 dåliga
556 930 200 18 kommunikationer
765 930 62 19 hafva
837 931 119 17 förbättrats

197 956 38 18 och
248 956 111 19 förbättras
372 958 37 18 allt
420 958 129 19 fortfarande
561 965 74 17 genom
645 959 115 23 jernvägar.
776 959 147 23 Afsättningen
935 959 24 17 af

195 985 132 22 jordbrukets
340 987 112 23 produkter
464 987 37 18 har
513 987 71 18 blifvit
593 987 74 18 lättare
677 987 37 18 och
724 987 86 18 sålunda
816 987 91 24 jemnare
915 987 40 18 för-

198 1013 59 18 delad
266 1015 75 17 mellan
351 1015 52 18 olika
416 1017 60 17 orter.
489 1016 127 18 Jordbruket
625 1016 38 17 har
672 1016 8 17 i
689 1021 76 13 samma
774 1015 48 19 mån
830 1015 43 24 gått
882 1015 75 19 framåt

196 1043 39 17 och
245 1043 74 24 många
329 1044 135 24 ödesträckor,
477 1050 45 13 som
531 1045 57 18 förut
596 1045 18 23 ej
624 1045 74 18 lönade
707 1045 30 23 sig
745 1045 33 18 för
787 1045 73 23 odling,
870 1045 49 18 bära
927 1051 29 12 nu

197 1071 82 24 frodiga
287 1072 90 18 skördar.
403 1073 116 18 Jordarbetet
528 1073 38 18 har
573 1073 137 18 underlättats
717 1079 73 18 genom
796 1079 41 19 nya
844 1073 113 18 ändamåls-

196 1100 68 23 enliga
273 1101 92 24 redskap.
373 1102 89 18 Tillfälle
468 1102 181 24 tilljordbrukslån
656 1102 37 18 och
698 1102 63 18 andra
766 1108 73 18 genom
845 1103 110 23 styrelsens

196 1128 128 19 omvårdnad
341 1130 118 24 uppkomna
479 1133 154 21 arrangements
646 1131 33 18 till
689 1131 130 23 jordbrukets
833 1131 124 23 förbättring

196 1156 65 20 hafva
278 1158 55 24 gjort
348 1160 31 17 att
394 1159 123 23 jordägaren
535 1166 85 12 numera
638 1160 47 18 med
703 1159 104 24 tämmelig
825 1160 74 18 lätthet
916 1160 40 17 kan

196 1188 50 20 göra
264 1186 61 19 forna
343 1188 123 18 ödemarken
484 1188 31 18 till
533 1188 154 18 fruktbärande.
711 1188 33 18 En
759 1188 51 23 följd
822 1188 59 18 däraf
892 1191 22 15 är
926 1190 31 16 att

199 1214 155 24 lägenheternas
372 1216 72 19 odlade
467 1217 77 18 arealer
562 1216 157 24 mängdubblats
741 1216 37 18 och
799 1216 66 19 såsom
878 1216 79 24 sagdti

196 1242 61 19 flesta
274 1243 38 18 fall
330 1244 75 24 många
421 1244 58 19 förut
497 1244 68 20 såsom
583 1245 98 23 odugliga
693 1245 32 18 till
737 1245 70 23 odling
819 1245 86 18 afskilda
918 1244 39 18 fält

196 1271 68 24 ingått
276 1272 33 18 uti
321 1272 34 19 det
364 1273 72 19 odlade
445 1273 96 19 området.
554 1274 45 18 Den
612 1274 131 23 odlingsbara
752 1274 79 18 arealen
841 1274 36 17 har
887 1273 70 18 därför

196 1300 71 18 blifvit
278 1301 79 23 ganska
370 1301 53 19 olika
435 1301 27 25 på
474 1302 54 18 olika
541 1306 59 19 orter,
611 1302 23 23 ja
643 1302 34 18 för
686 1302 66 18 skilda
759 1302 123 24 lägenheter.
899 1302 58 18 Man-

196 1329 51 18 talet
259 1329 38 18 har
309 1329 52 19 dock
373 1330 179 24 fortsättningsvis
565 1330 71 19 blifvit
648 1331 118 21 detsamma,
779 1331 38 18 och
829 1330 86 18 sålunda
927 1330 30 18 äf-

196 1363 40 13 ven
248 1358 166 24 beskattningen,
427 1358 68 19 såsom
507 1360 121 23 grundande
640 1360 33 23 sig
685 1359 26 24 på
719 1360 99 18 mantalet
827 1359 129 19 oförändrad.

264 1386 39 19 Att
319 1386 122 20 fastlandets
459 1388 167 23 jordlägenheter
638 1388 87 18 sålunda
737 1388 120 18 förbättrats
869 1388 41 18 kan
922 1394 35 12 en-

194 1414 48 18 dast
254 1415 69 24 glädja
335 1422 26 12 en
373 1416 57 18 hvar.
447 1416 48 18 Med
506 1416 126 24 skärgården
640 1416 137 18 förhåller
743 1410 34 35 det
789 1416 31 24 sig
826 1416 51 18 dock
883 1422 74 13 annor-

194 1443 70 18 lunda.
288 1444 31 18 De
337 1444 68 18 såsom
422 1444 92 19 faktorer
532 1445 36 18 vid
586 1445 230 23 mantalsberäkningen
831 1445 84 23 intagna
927 1445 30 18 bi-

194 1472 131 23 näringarna,
339 1472 74 24 sjöfart
425 1474 38 17 och
474 1473 66 23 fisket,
553 1474 64 18 hafva
629 1474 66 18 under
706 1474 91 18 tidernas
809 1474 47 23 lopp
869 1473 36 19 allt
914 1480 43 12 mer

194 1500 127 19 försämrats.
346 1501 109 24 Sjöfarten,
471 1508 44 12 som
528 1502 33 18 för
572 1508 37 18 par
620 1502 61 18 tiotal
693 1502 23 18 år
728 1502 63 18 sedan
803 1502 110 23 utvidgade
925 1502 32 22 sig
