1075 1750
214 177 13 20 2
367 175 75 23 Ständ.
459 176 46 22 Pet.
523 188 26 3 —
566 176 155 22 Petitionsbet.
737 176 37 22 N:o
791 175 34 22 26.

213 241 247 29 författarepensioner
477 249 36 14 om
531 243 61 26 1,500
609 242 65 21 mark
696 241 119 29 hvardera,
835 244 34 19 att
885 242 28 28 på
928 242 45 22 för-

214 276 51 28 slag
281 276 25 21 af
318 276 88 21 Finska
422 276 43 21 och
485 276 105 22 Svenska
608 276 249 29 litteratursällskapen
872 276 100 22 tilldelas

214 310 112 29 förtjente
342 310 123 22 inhemske
481 311 127 21 författare.

284 345 170 22 Grundtanken
469 346 9 21 i
493 346 64 21 detta
579 346 208 28 petitionsförslag,
811 346 55 21 eller
888 348 34 19 att
945 353 28 14 en

214 380 151 21 skönlitterär
387 380 148 28 produktion,
560 388 48 14 som
633 388 84 21 genom
733 380 156 22 framstående
904 380 70 22 alster

212 414 110 29 bidrager
337 417 34 18 att
389 415 62 21 rikta
467 415 258 28 nationallitteraturen,
737 419 24 17 är
776 415 97 28 förtjent
888 416 26 20 af
927 422 46 14 ma-

213 449 79 21 terielt
306 449 128 22 understöd
450 449 70 22 äfven
534 449 53 22 från
603 449 40 22 det
657 450 128 21 allmännas
801 449 56 28 sida,
869 450 41 21 har
925 456 48 15 om-

212 483 83 22 fattats
311 483 25 22 af
350 483 135 23 Ständerna.
516 479 79 27 Äfven
610 484 41 22 vid
670 484 139 29 föregående
829 484 142 29 landtdagar,

214 519 30 21 då
266 518 202 29 petitionsförslag
491 519 8 21 i
521 519 111 21 liknande
654 519 62 28 syfte
739 519 60 21 varit
821 519 97 21 föremål
937 519 36 21 for

213 553 141 21 Ständernas
372 553 147 29 behandling,
530 554 41 21 har
579 553 63 22 inom
655 553 212 29 representationen
879 553 94 22 uttalats

214 588 90 21 önskan
320 590 34 19 att
370 588 118 29 offentligt
503 588 127 22 understöd
646 589 72 21 måtte
741 589 87 21 lemnas
845 588 44 22 den
904 588 68 23 skön-

213 622 104 22 litterära
331 622 306 29 författareverksamheten,
662 623 72 21 ehuru
757 623 192 28 ständerpetition
965 623 8 21 i

213 660 79 18 ämnet
314 657 99 29 tidigare
436 658 52 21 icke
511 658 99 21 kommit
626 658 37 21 till
678 658 74 28 ständ,
769 658 203 28 hufvudsakligast

213 692 26 21 af
253 692 72 28 orsak,
342 694 34 19 att
391 692 201 29 samstämmighet
608 692 20 29 ej
645 692 90 22 kunnat
747 693 65 21 ernäs
820 692 96 22 rörande
926 692 46 21 for-

212 734 55 13 men
277 726 36 22 för
328 726 156 22 understöden
499 727 43 22 och
557 727 147 29 lämpligaste
721 729 70 19 sättet
806 726 36 22 för
857 727 64 21 deras
937 729 35 19 ut-

214 760 116 29 gifvande.

282 796 52 21 Den
349 803 32 14 nu
396 796 132 29 föreslagna
551 798 107 27 utvägen,
684 798 34 19 att
739 804 84 20 genom
842 796 129 22 författare-

213 830 125 29 pensioner
353 830 57 22 söka
425 831 107 21 befordra
544 831 219 21 skönlitteraturens
779 831 192 28 uppblomstring,

213 865 71 21 hafva
300 865 130 22 Ständerna
445 866 20 28 ej
482 866 74 21 heller
571 866 80 22 funnit
666 866 188 28 ändamälsenlig,
866 867 56 20 utan
933 873 39 13 an-

215 902 47 19 sett
277 900 73 28 syftet
365 900 76 21 bättre
456 900 80 22 kunna
550 902 66 20 ernäs
632 908 84 21 genom
733 900 140 29 premiering
889 900 24 22 af
926 900 45 22 fär-

213 934 55 28 diga
283 934 100 22 arbeten.
414 934 91 22 Härvid
519 935 71 21 hafva
605 935 130 21 Ständerna
750 935 52 21 icke
812 935 111 27 förbisett,
938 937 34 19 att

213 969 149 29 Regeringen
377 969 100 29 tidigare
493 972 70 26 egnat
580 970 83 28 frägan
683 969 131 22 beaktande
829 969 42 22 och
884 969 87 29 jämväl

212 1004 72 28 nägra
300 1004 87 28 gänger
402 1004 90 21 utdelat
506 1004 100 28 premier
621 1005 23 21 ät
659 1004 127 28 författare,
799 1004 78 21 hvilka
888 1011 84 21 genom

212 1038 157 21 framstäende
384 1038 90 22 litterär
489 1039 140 28 produktion
652 1040 89 20 lemnat
763 1038 156 28 förhoppning
935 1046 37 14 om

212 1072 96 22 fortsatt
323 1072 174 29 framgängsrik
513 1073 153 22 verksamhet.
685 1074 35 21 De
731 1073 81 28 anslag
827 1073 87 21 Finska
929 1073 43 21 och

213 1107 107 22 Svenska
334 1107 250 30 litteratursällskapen
600 1108 91 29 ätnjuta
706 1108 43 22 och
765 1108 28 21 de
802 1108 80 28 medel,
891 1115 48 14 som
949 1108 25 21 af

212 1142 132 21 Ständerna
369 1142 103 22 anvisats
497 1150 27 14 ur
548 1143 165 29 Längmanska
741 1142 229 28 testamentsfonden,

212 1177 70 21 hafva
306 1177 80 21 beredt
409 1177 70 22 äfven
501 1178 100 21 nämnda
624 1178 101 28 sällskap
749 1177 93 22 tillfälle
864 1179 34 19 att
919 1177 53 22 med

212 1211 91 22 mindre
314 1211 83 29 belopp
409 1212 112 28 premiera
529 1213 99 28 original
637 1213 182 21 skönlitteratur.
837 1212 54 21 Men
899 1211 72 22 ehuru

212 1246 153 21 författarene
381 1246 96 22 sälunda
492 1247 51 21 icke
559 1247 49 21 helt
619 1247 43 21 och
672 1247 73 21 hället
756 1247 83 21 saknat
848 1248 123 27 uppmunt-

212 1288 42 14 ran
270 1280 52 21 från
338 1280 40 21 det
393 1281 127 22 allmännas
536 1281 56 28 sida,
602 1281 42 22 har
652 1281 76 22 denna
743 1281 73 22 likväl
831 1281 60 21 varit
905 1281 67 28 ringa

211 1315 9 21 i
232 1314 137 29 jämförelse
391 1315 53 21 med
459 1315 28 21 de
503 1316 131 28 betydande
656 1316 91 28 belopp,
764 1322 49 14 som
829 1315 26 21 af
868 1316 104 20 statsme-

212 1348 38 22 del
268 1349 114 21 användts
398 1350 36 21 för
445 1350 44 21 den
499 1350 122 21 inhemska
628 1350 113 21 konstens
751 1349 134 29 främjande.
905 1349 66 22 Stän-

212 1383 72 21 derna
298 1384 70 21 hafva
383 1384 77 22 därför
483 1384 108 22 omfattat
610 1384 45 22 den
671 1384 67 28 äsikt,
756 1386 35 20 att
805 1392 29 13 en
849 1384 122 28 utdelning

212 1418 26 21 af
251 1418 100 28 premier
365 1426 28 14 ur
408 1419 116 21 allmänna
539 1419 75 21 medel
625 1419 37 21 för
672 1419 170 29 förtjenstfulla
849 1418 121 22 skönlitte-

210 1456 51 17 rära
277 1452 94 22 arbeten
387 1453 70 21 borde
473 1453 152 29 regelbundet
640 1461 43 21 ega
698 1461 58 13 rum.
