1056 1731
332 144 298 26 Petitionsmemorial.

167 209 118 35 Prestest.
698 214 43 22 N:o
757 213 36 22 27.

707 329 152 26 (Öfversättning).

202 396 63 19 Till
287 396 201 26 Högvördiga
510 384 250 32 Presteståndet.

160 452 84 27 Frågan
254 459 34 13 om
301 444 140 40 Östermyra—
451 452 113 28 Uleåborgs
576 444 95 40 jernvägs
685 453 136 26 förlängning
828 453 33 19 till

101 482 142 20 Kristinestad
258 482 51 19 eller
325 482 71 20 Kaskö
412 483 23 19 är
450 482 47 20 icke
512 489 36 19 ny.
578 482 42 20 Vid
633 483 42 19 fem
686 482 126 26 landtdagar
823 482 38 19 har

102 511 86 19 ärendet
209 511 67 19 under
298 511 70 19 skilda
388 511 78 19 former
483 511 126 19 behandlats
625 513 50 17 utan
691 512 30 18 att
737 511 54 20 dock
806 511 55 19 tills-

101 540 71 19 vidare
194 539 64 20 hafva
280 540 90 18 medfört
392 538 65 27 något
476 540 93 19 resultat.
600 540 63 19 Detta
678 540 118 19 ledsamma
812 540 49 18 sak-

100 568 132 20 förhållande
254 568 122 20 föranledde
398 568 136 20 landsdelens
552 568 128 20 innevånare
696 568 32 20 till
744 568 117 26 öfverlägg-

101 597 51 26 ning
172 604 36 13 om
230 597 56 19 hvad
306 597 6 19 i
334 597 66 19 saken
420 604 49 12 vore
485 598 30 18 att
530 597 91 25 tillgöra.
652 598 31 18 En
698 597 73 19 talrikt
786 597 76 19 besökt

101 626 169 19 sammankomst
281 626 23 18 af
311 627 168 24 representanter
490 626 32 19 för
531 626 153 20 kommunerna
694 626 56 19 hölls
763 626 5 19 i
776 626 86 19 Kauha-

102 654 43 26 joki
168 655 41 19 den
234 654 25 20 17
277 654 59 20 Febr.
360 654 59 23 1896,
435 654 40 20 och
492 655 84 25 deltogo
592 655 44 19 deri
651 654 134 26 fullmäktige
801 655 61 19 äfven

101 682 45 21 från
161 683 131 26 Björneborg
307 683 40 19 och'
363 684 91 18 socknar
461 690 84 13 norrom
554 684 69 19 denna
632 684 53 18 stad.
706 684 78 19 Mötets
792 683 71 19 beslut

101 712 45 20 blef
166 713 30 18 att
219 712 40 19 den
281 712 89 25 tidigare
392 711 101 26 påtänkta
505 712 118 26 jernvägen
640 712 68 20 skulle
724 711 89 21 sålunda
829 713 33 17 ut-

102 741 102 22 sträckas,
221 742 30 18 att
264 740 36 20 det
311 741 67 19 blefve
389 747 24 13 en
428 741 268 25 sammanbindningsbana
706 741 78 19 mellan
795 740 68 19 Wasa

102 769 39 20 och
150 769 143 25 Björneborgs
299 769 121 26 jernvägar.
438 768 56 21 Från
503 770 69 19 denna
581 770 203 25 förbindningsbana
793 768 70 20 skulle

102 804 26 14 en
149 798 74 26 bigren
246 798 84 26 byggas
353 798 120 19 alternativt
495 798 33 19 till
552 798 142 19 Kristinestad
717 798 51 20 eller
783 798 80 22 Kaskö,

102 827 117 25 hvarjemte
244 826 88 26 petition
355 827 7 19 i
384 827 86 19 ärendet
493 827 69 19 skulle
584 827 130 19 framställas
736 827 36 19 vid
793 826 70 20 denna

102 856 108 25 landtdag.
241 855 45 19 Den
302 854 86 24 komité,
404 862 45 13 som
466 856 34 18 vid
516 856 66 19 mötet
597 856 79 23 valdes,
692 856 42 18 fick
749 856 7 18 i
769 855 94 26 uppdrag

102 886 31 18 att
152 884 87 26 vidtaga
260 884 150 19 förberedande
433 883 98 26 åtgärder
550 884 40 20 och
606 884 63 19 hafva
684 890 86 20 omsorg
786 884 77 22 derom,

103 914 30 18 att
148 913 92 19 nämnda
255 913 87 25 petition
358 913 68 19 blefve
441 913 32 19 till
490 914 113 18 ständerna
618 913 114 19 inlemnad.

171 940 30 20 På
221 941 107 20 komiténs
348 942 95 25 uppdrag
461 942 97 19 anstälde
572 942 97 25 ingeniör
684 942 24 18 K.
724 942 20 19 J.
760 941 103 19 Karlsson

102 970 74 20 okulär
191 970 159 26 undersökning
366 971 22 18 af
398 969 126 27 ifrågasatta
534 970 252 26 jernvägssträckningar
794 970 40 19 och
842 968 21 20 få

102 999 22 19 vi
144 999 96 19 närsluta
257 998 125 26 härigenom
396 999 112 19 tillkomna
523 999 133 25 handlingar,
672 998 114 20 bestående
801 999 23 18 af
837 1004 26 13 en

103 1027 119 23 berättelse,
238 1028 154 25 generalkarta,
408 1028 175 25 topografikartor
598 1028 6 18 i
620 1027 12 20 6
648 1028 50 18 blad
710 1029 56 18 samt
776 1029 31 17 tre
818 1028 45 18 sär-

103 1056 69 20 skilda
195 1056 190 26 kostnadsförslag.
416 1055 77 21 Såsom
511 1056 23 19 af
547 1056 63 20 dessa
625 1056 127 26 handlingar
767 1057 97 26 närmare

103 1084 97 26 framgår,
216 1087 60 23 tager
292 1085 39 19 den
348 1085 121 25 föreslagna
481 1085 118 25 jernvägen
615 1086 33 18 sin
662 1084 75 26 början
750 1085 35 19 vid
794 1084 70 20 Öster-

102 1120 62 19 myra
180 1114 78 19 station
273 1114 40 19 och
329 1112 38 27 går
382 1120 77 19 genom
475 1114 80 22 Ilmola,
571 1114 95 19 Kurikka
681 1113 40 20 och
736 1113 128 25 Kauhajoki,

103 1141 116 27 åtföljande
235 1143 58 19 östra
308 1142 99 20 stranden
424 1143 22 18 af
460 1142 58 26 Kyrö
534 1142 30 20 elf
576 1142 33 20 till
624 1142 133 20 sistnämnda
773 1142 91 19 sockens

103 1170 89 20 Päntälä
214 1171 35 26 by,
272 1173 54 17 samt
349 1170 91 20 derifrån
456 1171 72 19 vidare
543 1178 76 18 genom
634 1171 86 25 Isojoki,
736 1170 128 26 Honkajoki,

103 1199 151 26 Kankaanpää,
269 1198 91 21 Påmark
375 1200 40 19 och
430 1200 116 19 Norrmark
560 1200 32 18 till
608 1199 136 26 Björneborg.
772 1199 41 19 Det
825 1205 40 13 ena

104 1228 134 20 alternativet
260 1229 31 19 för
314 1228 91 20 bibanan
421 1229 23 19 är
460 1228 74 26 draget
548 1228 46 20 från
610 1228 83 19 trakten
708 1229 22 18 af
744 1228 121 25 Kauhajoki

103 1257 69 25 kyrka
199 1263 77 19 genom
300 1252 122 24 Östermark
445 1256 40 20 och
508 1257 81 25 Närpes
612 1257 32 19 till
664 1257 78 23 Kaskö,
759 1258 56 18 samt
831 1256 35 19 det

104 1286 65 19 andra
190 1284 46 21 från
251 1286 89 19 Päntälä
356 1286 29 25 by
400 1286 6 18 i
422 1285 121 26 Kauhajoki
558 1292 77 19 genom
650 1286 75 19 Bötom
741 1285 40 20 och
797 1284 67 26 Tjöck

104 1314 29 26 by
148 1315 6 18 i
170 1314 113 26 Lappfjerd
298 1314 32 19 till
346 1314 148 19 Kristinestad.

174 1342 76 20 Såsom
269 1343 204 25 förbindningsbana
493 1342 77 20 mellan
586 1342 67 20 Wasa
668 1342 40 20 och
723 1342 143 26 Björneborgs

101 1372 116 25 jernvägar
232 1371 68 19 blefve
315 1372 69 19 denna
401 1386 10 9 ,,
414 1373 71 22 vestra
498 1371 280 25 sammanbindningsbana*
791 1371 23 19 af
823 1371 44 18 stor

104 1402 62 24 nyttä
182 1400 18 25 ej
218 1400 90 19 allenast
324 1400 32 19 för
371 1400 25 19 de
412 1402 55 17 orter
484 1400 40 19 den
539 1400 65 22 berör,
620 1401 51 18 utan
682 1399 39 20 ock
732 1400 32 18 för
776 1399 90 19 trafiken

104 1428 204 26 öfverhufvudtaget.
335 1429 9 18 I
360 1429 56 19 detta
432 1428 100 20 afseende
548 1429 108 19 äfvensom
673 1428 100 19 särskildt
788 1427 78 20 beträf-

104 1458 62 19 fande
182 1458 82 19 banans
280 1457 128 20 rentabilitet
423 1457 43 19 kan
482 1463 49 13 man
546 1457 57 19 bilda
618 1457 34 25 sig
667 1458 29 18 ett
706 1457 91 25 begrepp
809 1456 22 19 af
841 1456 26 18 de
