1067 1739
225 166 13 19 6
384 164 76 22 Ständ.
477 164 47 22 Pet.
542 177 25 2 —
585 164 152 22 Petitionsbet.
753 164 38 22 N:o
806 163 20 22 2.

226 232 39 23 7,70
273 231 28 26 %/g
317 230 22 21 af
354 230 85 21 banans
455 230 52 21 hela
521 229 75 22 lokala
611 229 149 29 godsrörelse.
781 229 83 22 Mellan
879 230 104 21 städerna

226 264 152 22 Tammerfors
394 265 43 21 och
453 265 34 21 S:t
497 264 140 29 Petersburg
647 264 90 22 utfaller
747 264 155 28 godstrafiken
911 264 72 21 under

226 306 85 14 samma
330 301 24 19 år
369 300 52 20 med
436 299 151 29 procenttalet
603 301 59 23 16,22.
692 300 42 21 Att
749 306 29 14 en
793 302 71 19 större
880 299 103 21 affärsort

226 334 53 20 eller
302 336 32 19 ett
352 334 100 22 starkare
468 333 177 26 trafikcentrum,
661 335 75 20 såsom
751 333 151 22 Tammerfors
917 334 7 20 i
939 333 44 22 för-

227 368 104 21 hällande
349 368 35 22 till
401 368 149 25 Tavastehus,
566 368 85 22 förmär
667 368 118 22 framkalla
799 376 29 14 en
842 368 142 28 väsentligen

228 405 72 19 större
316 402 127 22 lokaltrafik
460 404 13 20 å
488 403 44 21 den
547 403 66 25 bana,
628 403 98 21 hvarvid
741 403 45 21 den
796 402 79 29 ligger,
886 403 97 28 framgår

227 438 68 21 också
319 438 52 20 med
393 438 42 21 full
458 438 93 21 evidens
574 438 25 21 af
620 438 28 21 de
670 438 132 28 procenttal,
818 437 77 22 hvilka
910 437 74 22 utvisa

228 472 45 21 den
288 472 94 22 relativa
397 472 79 22 vikten
491 472 24 22 af
529 472 157 22 lokaltrafiken
701 472 7 21 i
723 472 119 22 inskränkt
857 472 97 28 mening.

296 506 62 22 Utan
381 509 31 19 att
434 506 55 29 ingå
508 506 8 21 i
535 506 79 22 vidare
629 506 136 29 utläggning
781 506 24 22 af
818 506 28 22 de
861 506 122 22 slutsatser,

228 548 49 14 som
292 541 77 21 kunde
385 542 24 21 af
421 542 100 20 nämnda
536 541 125 22 statistiska
676 541 93 22 tabeller
784 541 86 28 dragas,
887 541 23 21 få
920 541 64 21 Stän-

226 576 71 21 derna
319 576 107 28 slutligen
445 576 80 22 endast
540 576 124 25 framhålla,
681 579 32 19 att
729 576 126 21 Ständerna
870 576 40 21 vid
924 576 60 28 pröf-

228 610 86 29 ningen
337 610 25 22 af
382 611 28 21 de
432 611 41 21 vid
492 610 154 22 innevarande
661 610 110 29 landtdag
785 610 126 22 inlemnade
924 610 60 28 järn-

229 645 209 28 vägspetitionerna
455 645 50 21 sökt
520 648 53 26 taga
587 645 34 21 till
631 645 94 29 ledning
734 645 28 21 de
770 645 116 21 slutsatser
897 645 87 21 landets

227 680 72 21 redan
323 680 138 28 förefintliga
481 680 210 28 järnvägsstatistik
713 680 81 28 gifver,
817 680 29 20 då
867 680 37 21 det
923 683 24 18 är
962 680 23 21 af

226 716 85 19 största
325 714 50 22 vikt
391 717 32 19 att
439 722 29 14 en
482 714 52 22 fullt
549 714 100 28 naturlig
659 714 206 29 utvecklingsgång
875 714 109 28 iakttages

227 748 71 22 äfven
320 749 61 21 hvad
403 749 107 21 beträffar
525 749 63 21 tiden
604 750 42 20 och
663 749 127 28 ordningen
805 749 35 21 för
856 749 129 21 utförandet

226 782 26 22 af
267 783 27 21 de
311 783 72 22 skilda
399 784 90 21 delarne
505 784 26 21 af
543 784 88 21 landets
645 783 154 29 järnvägsnät.

296 921 12 21 I
331 921 110 22 särskilda
463 922 34 21 till
516 922 94 25 Preste-,
625 923 110 28 Borgare-
751 922 43 21 och
808 921 176 22 Bondestånden

227 955 89 29 ingifna
343 956 225 28 petitionsmemorial
593 957 41 21 har
656 957 40 21 vid
719 957 74 20 denna
817 956 109 28 landtdag
948 963 36 14 an-

227 990 76 21 hållits
327 997 36 14 om
385 991 173 28 undersökning
580 991 25 22 af
626 999 29 14 en
673 990 163 29 järnvägslinje
850 990 57 28 från
921 991 65 21 Kemi

227 1026 52 21 stad
293 1026 33 21 till
340 1026 129 22 Rovaniemi
483 1025 97 28 kyrkoby
595 1029 58 18 samt
669 1033 36 14 om
720 1025 143 28 proposition
878 1024 34 22 till
921 1027 64 18 nästa

229 1059 110 28 landtdag
355 1067 36 14 om
406 1067 29 14 en
451 1060 69 21 sådan
535 1060 70 21 banas
620 1060 129 29 byggande.
772 1059 80 21 Denna
868 1059 64 28 fråga
944 1059 40 21 har

227 1093 69 22 äfven
317 1093 96 29 tidigare
436 1094 59 21 varit
517 1094 95 22 föremål
630 1094 35 22 för
684 1094 138 21 Ständernas
841 1093 143 28 behandling,

227 1135 53 13 men
302 1127 50 22 icke
371 1128 47 21 ledt
437 1128 34 21 till
486 1129 100 25 resultat,
603 1136 36 14 om
654 1136 53 14 man
722 1128 69 21 äfven
805 1128 79 21 erkänt
900 1127 84 22 banans

228 1162 124 29 betydelse.
383 1163 32 22 Af
437 1163 40 21 lätt
499 1163 96 22 insedda
617 1163 48 22 skäl
687 1164 46 21 kan
755 1163 68 21 äfven
845 1170 28 14 en
890 1162 95 21 Kemi—

227 1196 136 23 Rovaniemi
386 1197 58 22 bana
466 1198 90 21 komma
578 1198 35 21 till
634 1197 122 22 utförande
778 1197 57 22 först
854 1197 70 21 sedan
942 1197 42 21 den

227 1230 67 29 länge
316 1231 121 29 planlagda
458 1231 126 29 järnvägen
599 1232 95 21 emellan
708 1231 116 28 Uleåborg
839 1231 43 21 och
897 1231 88 22 Torneå

227 1265 77 21 blifvit
329 1266 83 29 byggd.
443 1266 36 21 Då
497 1266 124 21 emellertid
637 1266 39 22 vid
691 1267 76 20 denna
781 1265 108 29 landtdag
904 1273 80 20 propo-

227 1299 70 22 sition
319 1301 118 28 angående
460 1300 139 22 sistnämnda
615 1300 109 29 järnvägs
740 1299 122 29 byggande
877 1299 107 29 förelagts

227 1337 58 18 samt
301 1334 25 21 af
340 1334 128 22 Ständerna
481 1335 84 28 jämväl
580 1335 120 28 godkänts,
716 1341 69 22 synes
800 1334 64 21 tiden
873 1333 35 22 för
918 1333 67 22 Kemi

227 1381 21 2 —
257 1368 135 22 Rovaniemi
407 1369 86 22 banans
508 1369 184 28 förverkligande
707 1369 70 21 hafva
792 1368 66 29 ryckt
873 1368 111 29 betydligt

226 1405 109 19 närmare.

296 1437 52 21 Den
362 1437 33 22 till
411 1445 29 14 en
455 1437 80 29 början
550 1438 66 28 ringa
631 1437 72 26 trafik,
720 1444 50 15 som
784 1436 114 29 troligtvis
914 1439 24 19 är
953 1439 32 19 att

227 1475 85 18 emotse
328 1474 29 26 på
372 1480 29 13 en
416 1472 81 22 mellan
511 1472 116 28 Uleåborg
642 1472 43 22 och
700 1472 89 21 Torneå
798 1471 82 29 anlagd
888 1470 97 30 järnväg
