1073 1748
293 164 279 23 Petitionsbetänkande
586 164 46 23 N:o
647 164 40 22 26.
857 165 12 20 5

116 237 61 27 lagdt
202 237 93 27 185,400
319 237 70 27 mark,
413 236 83 22 hvaraf
511 238 95 26 168,000
623 237 64 21 mark
703 236 101 27 utgjorde
820 236 50 21 sub-

116 273 89 22 vention
228 272 35 23 för
285 272 176 22 hutvudstadens
485 273 72 27 begge
580 272 93 22 stående
697 274 91 25 teatrar,
805 273 65 26 9,000

116 309 63 22 mark
202 309 149 27 statspension
374 309 24 21 åt
421 308 86 23 Finska
531 310 100 21 teaterns
651 308 164 27 grundläggare
830 307 41 22 och

117 345 100 22 direktör
239 347 57 20 samt
319 346 66 26 8,400
402 345 64 21 mark
482 344 122 22 understöd
619 343 36 22 för
671 344 104 22 sceniska
790 343 81 22 studie-

117 387 67 16 resor.
215 381 86 22 Finska
323 379 205 29 Konstföreningen
551 380 41 21 har
615 379 36 22 för
667 379 205 28 upprätthållandet

118 417 24 22 af
162 418 49 21 sina
233 417 106 21 ritskolor
353 416 106 27 uppburit
474 417 82 27 42,000
573 416 70 27 mark,
660 416 35 21 för
711 415 123 22 aflönandet
850 415 25 22 af

118 453 34 22 sin
167 453 117 22 intendent
299 454 66 25 3,600
381 453 70 27 mark,
463 452 123 28 hvarjemte
597 453 84 21 målare
693 453 40 21 och
745 452 127 27 skulptörer

118 489 95 27 hugnats
230 489 49 21 med
293 489 79 21 inalles
391 490 80 25 18,000
487 488 64 22 mark
565 488 9 21 i
590 488 57 22 form
663 488 25 21 af
701 487 121 23 understöd
838 487 35 22 för

119 525 141 22 studieresor.
293 524 207 22 Statsunderstödet
526 524 35 21 för
587 524 124 27 sångkonst
736 524 40 21 och
801 523 72 22 musik

119 561 101 27 utgjorde
242 560 71 22 under
328 566 82 16 samma
425 560 33 21 tid
477 562 94 25 191,900
588 560 69 27 mark,
674 559 83 23 hvaraf
771 559 102 27 Helsing-

118 595 47 23 fors
189 597 161 21 musikinstitut
373 596 106 27 uppburit
503 597 80 27 66,000
608 596 71 27 mark,
696 595 178 22 Filharmoniska

120 632 123 28 sällskapet
258 632 35 22 för
308 632 186 22 underhållandet
510 631 25 22 af
548 638 28 15 en
592 632 104 21 orkester
713 633 80 26 75,000
804 631 69 27 mark,

120 668 146 22 Musikaliska
282 668 123 27 sällskapet
425 667 8 22 i
449 660 49 29 Åbo
511 669 80 26 18,000
603 667 63 22 mark
678 668 39 21 och
728 667 147 22 Musikaliska

120 703 130 28 föreningen
273 704 8 21 i
305 704 58 21 Vasa
386 705 79 26 15,000
488 704 70 27 mark,
575 703 123 28 hvarjemte
718 705 77 26 17,900
812 702 62 22 mark

120 740 103 27 utgifvits
246 739 35 22 för
299 739 159 22 musikstudier
474 740 8 21 i
497 739 107 22 utlandet.
635 739 119 22 Dessutom
770 739 40 21 har
825 738 49 27 Sty-

121 776 80 27 relsen,
218 776 49 22 med
282 776 63 21 bitall
360 776 36 21 till
411 781 29 16 en
451 775 25 22 af
485 777 89 20 senaste
585 775 156 22 Ständermöte
751 774 125 22 framställd

121 812 99 27 petition,
244 811 92 28 beviljat
359 813 66 26 2,500
449 812 63 21 mark
536 811 87 28 årligen
642 813 33 20 att
691 811 54 27 utgå
761 811 113 21 under-10

121 847 37 22 års
173 847 33 22 tid
222 853 46 16 som
281 847 121 22 understöd
412 847 24 22 åt
447 847 161 28 förtjenstfulla
618 847 117 22 inhemska
746 848 128 20 tonsättare.

191 884 72 22 Dessa
285 890 95 16 summor
395 883 68 22 hafva
478 884 50 21 icke
544 883 86 22 anförts
647 883 35 22 för
698 885 33 19 att
746 882 86 28 påyrka
847 888 27 15 en

121 919 160 23 understödens
297 920 151 21 matematiskt
461 920 76 27 jämna
548 919 127 27 fördelning
686 919 80 22 mellan
778 919 26 21 de
815 918 60 22 olika

121 955 162 28 konstarterna,
306 957 53 20 utan
382 955 79 22 endast
485 955 35 22 för
544 957 33 20 att
600 955 83 27 antyda
704 957 33 19 att
753 954 121 28 Styrelsen,

121 997 45 15 som
182 991 92 22 sålunda
289 994 74 19 ansett
379 992 34 26 sig
429 991 145 22 oförhindrad
590 993 33 20 att
639 992 102 22 använda
751 990 124 28 betydande

121 1027 78 27 belopp
227 1028 24 21 af
275 1028 110 21 allmänna
408 1028 73 21 medel
505 1027 35 22 för
563 1028 43 21 den
630 1028 116 21 inhemska
769 1028 106 20 konstens

121 1062 128 29 främjande,
265 1064 49 21 icke
329 1064 64 21 torde
408 1070 55 16 vara
471 1064 115 27 obenägen
600 1065 34 20 att
645 1063 88 28 förhöja
743 1063 38 22 det
792 1062 83 28 anslag,

121 1105 45 15 som
182 1099 91 22 kommit
289 1100 200 22 skönlitteraturen
504 1100 36 21 till
556 1100 62 27 godo,
635 1099 50 22 ifall
701 1099 62 22 detta
779 1098 24 22 af
816 1100 60 20 stän-

122 1135 68 21 derna
205 1135 108 22 befunnes
330 1135 154 27 otillräckligt.

191 1171 142 22 Beträffande
349 1171 108 27 slutligen
473 1173 71 20 sättet
559 1170 36 22 för
605 1171 147 27 utdelningen
763 1170 25 22 af
796 1170 80 27 ifråga-

121 1207 97 22 varande
241 1208 102 27 premier,
357 1223 2 2 .
372 1207 67 22 hafva
466 1209 83 20 tvenne
572 1207 85 27 förslag
681 1207 58 22 inom
762 1207 115 22 Utskottet

121 1243 91 22 kommit
228 1243 69 22 under
313 1243 132 22 diskussion.
477 1236 21 29 Å
514 1250 42 15 ena
572 1243 63 22 sidan
651 1243 41 22 har
706 1243 128 27 föreslagits
845 1242 33 22 att

120 1278 144 28 utdelningen
290 1279 68 22 borde
381 1279 138 22 verkställas
544 1279 25 21 af
589 1279 116 27 Styrelsen
721 1279 59 22 efter
795 1279 82 21 inhem-

121 1314 77 22 tandet
221 1314 25 22 af
266 1315 85 22 Finska
375 1315 40 21 och
431 1314 103 23 Svenska
551 1315 255 26 litteratursällskapens
821 1314 56 21 utlå-

121 1350 72 22 tande.
224 1343 20 29 Å
268 1351 68 22 andra
359 1351 63 21 sidan
439 1351 41 21 har
499 1350 98 23 flertalet
615 1351 58 21 inom
689 1351 115 22 Utskottet
820 1349 59 22 varit

122 1385 25 21 af
167 1385 43 22 den
226 1387 95 27 mening,
345 1389 33 18 att
401 1386 38 22 det
463 1393 55 15 vore
541 1386 132 27 lämpligare
696 1393 34 14 om
747 1385 131 26 Sällskapen

122 1420 74 22 direkt
211 1421 106 22 försattes
333 1422 8 21 i
357 1421 90 22 tillfälle
463 1424 35 19 att
514 1422 85 21 fördela
616 1421 65 22 dessa
697 1422 53 26 pris,
773 1421 35 22 Då
822 1421 56 21 såle-

122 1456 39 22 des
176 1457 7 21 i
200 1457 116 22 Utskottet
331 1457 68 28 ingen
415 1457 262 28 meningsskiljaktighet
693 1457 51 22 rådt
753 1457 81 26 därom,
846 1458 34 19 att

193 1503 108 20 Allmänna
311 1505 185 22 petitionsutskottets
510 1505 118 18 betänkande
641 1504 37 18 N:o
696 1505 27 18 16.
