1073 1745
125 163 167 27 (Öfversättning.)

350 215 312 28 Petitionsmemorial.

232 276 118 36 Bondest.
676 279 44 24 N:o
735 279 39 23 54.

292 604 52 19 Till
360 604 163 21 Hedervärda
538 604 193 21 Bondeståndet.

203 676 49 20 Med
275 675 182 21 tillfredsställelse
479 676 38 19 bör
532 683 47 13 man
595 676 91 23 erkänna
702 676 39 20 den
757 675 128 27 mångsidiga

134 713 87 18 omsorg,
237 713 43 13 som
296 705 102 20 Finlands
413 705 88 20 Ständer
517 706 39 19 och
570 706 106 25 Regering
691 706 8 19 i
719 706 82 20 samräd
824 707 62 24 egnat

134 736 82 19 landets
240 735 107 26 ostligaste
370 735 107 26 landskap,
501 735 97 27 Karelen,
621 736 67 20 under
706 736 25 20 de
746 736 52 20 sista
814 735 71 20 decen-

135 765 72 20 nierna
223 766 38 19 och
276 767 26 24 pä
318 765 69 26 grund
402 765 76 20 hvaraf
490 766 68 19 denna
576 765 94 21 landsdel
692 766 68 25 börjat
782 772 49 20 repa
854 765 32 25 sig

135 795 46 20 från
205 795 35 20 det
262 795 104 20 allmänna
388 795 105 26 lägervall,
515 795 59 20 hvari
590 795 112 21 detsamma
716 795 83 26 tillföljd
815 795 23 20 af
850 795 36 20 sitt

133 825 95 26 aflägsna
248 825 53 26 läge,
321 825 59 20 forna
395 825 66 20 tiders
475 825 88 26 misstag
578 828 52 17 samt
645 826 79 20 bristen
738 827 28 25 pä
781 825 106 20 väckande

135 855 92 25 exempel
249 855 67 19 räkat.
347 855 64 20 Detta
433 855 88 20 intresse
544 855 38 20 har
597 856 38 19 hos
650 856 102 19 Karelens
767 855 43 20 folk
826 855 61 20 väckt

136 884 145 21 medvetandet
296 891 33 13 om
344 885 49 19 dess
407 885 77 25 plikter
499 885 39 20 och
548 885 116 20 framkallat
675 892 25 14 en
711 884 114 21 brinnande
835 884 52 20 ifver

137 916 31 18 att
188 914 82 26 deltaga
290 914 8 20 i
314 915 80 20 arbetet
409 914 31 20 för
455 914 146 21 fosterlandets
616 915 121 26 utveckling
752 918 53 17 samt
820 914 68 20 stärkt

136 947 48 17 tron
198 946 28 25 pä
240 944 114 21 framtiden,

206 975 49 19 Men
278 975 37 19 allt
338 975 128 20 fortfarande
491 975 76 20 saknar
582 975 124 26 landskapet
720 976 97 25 Karelen,
832 975 55 26 isyn-

136 1004 74 20 nerhet
232 1004 48 20 dess
304 1005 74 25 ostliga
401 1005 58 19 delar
475 1014 27 5 —
519 1005 24 20 af
562 1005 39 20 lätt
624 1005 86 20 insedda
733 1005 46 20 skäl
802 1017 29 3 —
854 1005 34 19 det

136 1040 150 19 gemensamma
310 1034 119 25 understöd,
453 1041 43 13 som
519 1038 24 17 är
564 1038 29 17 ett
608 1035 152 26 oundgängligt
774 1035 68 20 vilkor
858 1035 30 19 för

138 1063 48 20 dess
209 1064 95 29 fortsatta
327 1064 192 21 framåtskridande.
550 1065 46 20 Den
619 1068 42 17 mot
684 1065 84 26 Ladoga
791 1064 97 21 vättande

137 1093 61 20 delen
214 1093 22 20 af
257 1094 62 20 Östra
334 1094 91 20 Karelen
441 1097 24 17 är
480 1095 7 19 i
502 1095 122 26 fullständig
640 1095 100 20 afsaknad
756 1095 23 20 af
792 1101 24 14 en
832 1101 56 19 goss-

138 1123 64 24 skola,
218 1123 71 20 afsedd
305 1123 31 20 för
352 1124 63 26 högre
431 1124 201 27 skolundervisning.
648 1125 98 25 Joensuu,
756 1125 85 26 Nyslott
852 1124 37 20 och

138 1153 90 26 Viborgs
251 1154 69 25 lyceer
344 1154 56 25 ligga
420 1154 69 20 alltför
504 1154 87 26 aflägset
606 1155 32 20 för
654 1157 31 18 att
700 1155 50 26 fylla
766 1155 56 20 detta
838 1154 50 19 bild-

139 1183 128 26 ningsbehof.
292 1184 65 19 Rätta
373 1184 81 25 platsen
469 1184 32 19 för
517 1187 30 17 ett
563 1185 74 20 sädant
652 1185 95 20 läroverk
764 1187 22 17 är
797 1184 92 20 otvifvel-

139 1213 68 25 aktigt
230 1213 112 20 Sordavala
365 1214 52 25 stad,
436 1213 85 21 hvilken
537 1217 62 23 utgör
614 1215 67 20 denna
696 1214 106 21 landsdels
818 1214 71 20 ekono-

139 1242 67 20 miska
221 1243 38 20 och
274 1243 83 26 andliga
373 1246 97 17 centrum.

209 1272 72 21 Sävidt
304 1273 47 20 dess
374 1273 79 20 krafter
477 1273 109 26 medgifvit
606 1274 38 20 har
659 1274 61 20 äfven
734 1274 36 20 det
785 1273 44 21 lilla
845 1273 44 20 Sor-

136 1301 78 21 davala
232 1303 7 19 i
255 1302 57 20 detta
328 1303 96 19 afseende
440 1303 48 20 sökt
503 1303 63 20 häfda
581 1304 32 19 sin
629 1304 103 25 ställning.
764 1303 48 20 Med
827 1303 63 19 känn-

139 1331 51 20 bara
213 1331 142 27 uppoffringar
379 1332 38 20 har
440 1333 73 20 staden
533 1333 64 20 redan
617 1334 7 18 i
642 1336 93 17 närmare
749 1334 47 25 fyra
812 1334 33 18 års
860 1332 31 20 tid

140 1362 143 24 upprätthällit
299 1364 30 18 ett
344 1362 122 26 visserligen
491 1363 61 20 äfven
575 1363 23 20 af
618 1365 68 18 staten
709 1362 183 21 subventioneradt

140 1390 155 27 privatlyceum,
312 1398 43 14 som
370 1399 28 13 nu
414 1392 107 26 utvidgats
540 1393 31 19 till
586 1393 134 25 femklassigt.
744 1393 74 20 Denna
834 1392 58 20 skola

140 1420 38 20 har
201 1421 81 20 erhällit
298 1421 45 21 sina
353 1422 75 21 elever
443 1422 46 20 frän
505 1425 30 17 ett
549 1422 89 26 omräde,
654 1423 83 19 hvartill
752 1423 51 20 höra
819 1422 73 20 Sorda-
