1092 1742
399 238 120 28 Motion.

151 302 114 37 Borg.-st.
691 310 42 22 N:o
749 310 21 21 2.

707 502 134 19 (Öfversättning.)

261 630 44 18 Till
320 630 127 24 Vällofliga
462 630 197 23 Borgareståndet.

154 710 41 24 Dag
211 711 28 17 för
250 710 37 24 dag
299 710 64 18 vinner
375 710 31 18 det
418 710 170 24 åskådningssättet
600 711 35 18 allt
647 716 50 13 mera
708 711 7 18 i
728 712 69 22 stadga,
810 712 29 16 att

84 739 80 23 qvinnan
177 739 15 23 ej
205 740 20 17 är
237 739 119 23 underlägsen
369 744 78 13 mannen
459 739 7 18 i
478 739 119 23 uppfattning
612 740 67 21 derom,
692 739 7 18 i
711 739 73 19 hvilken
796 738 45 18 rikt-

84 768 45 22 ning
147 768 22 17 de
187 767 127 23 samhälleliga
333 768 130 18 sträfvandena
481 768 45 18 böra
544 768 55 20 ledas,
616 769 29 17 att
657 770 27 16 ett
696 768 56 23 lifligt
764 768 78 17 intresse

84 799 28 15 att
131 796 73 23 deltaga
222 796 5 18 i
245 796 136 23 befrämjandet
397 796 22 18 af
436 796 53 18 dessa
501 796 118 19 sträfvanden
632 797 55 17 äfven
700 796 96 18 förefinnes
808 796 34 18 hos

84 825 101 22 qvinnorna
203 825 6 18 i
227 824 113 19 vidsträckta
358 825 75 21 kretsar,
453 825 93 18 äfvensom
564 827 30 16 att
612 826 78 22 qvinnan
704 830 42 18 eger
758 824 84 23 förmåga

84 854 24 23 på
125 853 50 18 vissa
188 854 28 17 för
229 853 57 18 henne
299 854 69 22 egnade
381 853 86 18 områden
479 854 31 18 till
523 854 31 18 och
568 854 40 18 med
620 854 42 18 med
675 855 59 17 större
745 852 97 24 framgång

85 884 23 17 än
120 887 77 14 mannen
211 882 74 23 deltaga
297 882 7 18 i
316 882 71 18 arbetet
399 883 29 17 för
441 883 101 18 samhället.

154 911 151 23 Lagstiftningen
323 911 7 18 i
347 911 43 18 vårt
407 911 44 18 land
469 911 33 18 har
514 911 46 18 dock
573 911 39 18 icke
625 913 48 16 ännu
686 911 103 18 utvecklats
802 911 39 17 der-

85 941 40 19 hän,
144 942 28 16 att
191 940 21 18 de
230 940 94 20 skrankor,
340 940 64 18 hvilka
416 940 23 23 på
452 940 60 22 grund
524 941 21 17 af
557 941 52 17 forna
621 940 57 18 tiders
691 939 152 23 åskådningssätt

84 968 79 19 uteslöto
183 968 78 23 qvinnan
281 969 40 18 från
340 969 33 18 allt
390 969 128 22 deltagande
512 964 12 31 i
536 969 139 18 samhällslifvet
692 970 50 16 utom
754 968 88 18 hemmets

84 998 44 20 sfär,
141 997 60 18 skulle
213 997 62 18 blifvit
287 1003 31 12 ens
330 997 30 18 till
374 999 58 16 större
445 997 52 18 delen
509 997 118 24 undanröjda,
642 999 46 16 utan
701 999 20 16 är
733 997 32 18 och
778 997 65 18 förblir

85 1026 85 23 gvinnan,
188 1026 67 18 hennes
273 1025 83 24 förmåga
374 1026 29 18 må
421 1031 26 13 nu
465 1031 45 13 vara
528 1026 68 18 erkänd
610 1031 38 13 som
660 1021 47 22 huru
719 1025 123 18 framstående

84 1060 38 12 som
141 1054 54 22 hälst,
215 1056 48 16 ännu
281 1054 6 18 i
306 1055 67 22 många
391 1055 33 17 fall
442 1060 66 17 genom
526 1060 24 12 nu
568 1054 86 23 gällande
673 1054 31 23 lag
722 1054 77 18 hindrad
814 1055 29 16 att

85 1083 72 18 direkte
169 1083 72 23 ingripa
253 1083 6 18 i
273 1083 106 18 samhällets
391 1083 186 23 utvecklingsarbete.

154 1111 24 18 Så
190 1112 86 18 förhåller
289 1112 30 18 det
331 1112 29 23 sig
373 1112 54 18 äfven
439 1113 41 17 med
493 1113 21 17 de
522 1112 118 18 kommunala
648 1112 194 22 förtroendeposterna,

85 1146 27 12 om
132 1140 62 18 hvilka
213 1141 31 17 det
259 1141 76 22 stadgas
347 1141 7 18 i
366 1141 100 22 kejserliga
478 1141 134 23 förordningen,
625 1141 93 22 angående
730 1139 113 19 kommunal-

85 1169 114 23 förvaltning
217 1169 7 18 i
242 1169 47 22 stad,
307 1169 63 23 gifven
389 1169 34 18 den
435 1170 12 17 8
459 1169 94 18 december
566 1170 50 17 1893.
641 1170 9 17 1
664 1169 58 18 denna
735 1168 108 23 förordning

85 1197 76 24 beviljas
174 1197 110 24 visserligen
297 1198 20 18 åt
329 1198 72 22 qvinna,
415 1203 39 13 som
467 1199 33 17 har
513 1200 29 16 att
554 1198 44 22 sjelf
609 1198 52 18 öfver
674 1198 28 23 sig
715 1198 32 17 och
756 1197 34 18 sitt
796 1197 47 23 gods

85 1226 49 21 råda,
153 1227 77 17 rösträtt
248 1226 7 18 i
272 1227 115 18 kommunala
405 1227 160 23 angelägenheter,
584 1232 40 13 men
642 1227 35 18 hon
695 1226 29 18 må
738 1226 25 23 gå
776 1226 68 18 framåt

86 1257 23 16 än
127 1255 61 22 aldrig
205 1255 21 18 så
243 1255 54 23 långt
314 1255 6 18 i
338 1255 84 23 bildning
437 1255 33 18 och
483 1255 6 18 i
502 1256 85 17 afseende
599 1255 11 18 å
622 1255 29 18 sin
664 1255 116 18 ekonomiska
792 1255 50 18 ställ-

85 1284 50 23 ning,
153 1284 21 18 så
186 1284 100 23 medgifver
299 1284 54 23 lagen
366 1284 45 18 dock
424 1284 40 18 icke
477 1285 57 17 henne
546 1286 38 16 rätt
596 1285 29 17 att
637 1284 93 18 användas
743 1283 6 18 i
762 1284 79 18 kommu-

85 1313 43 18 nala
141 1313 192 23 förtroendeuppdrag.

154 1341 61 18 Häraf
232 1341 56 24 följer
306 1344 29 16 att
353 1342 102 22 samhället,
475 1342 29 18 till
522 1342 82 18 kännbar
622 1342 58 17 skada
698 1342 28 17 för
744 1341 29 24 sig
786 1341 57 23 sjeltt,

86 1371 42 18 ofta:
143 1370 40 19 icke
202 1371 36 18 kan
256 1371 85 18 använda
359 1371 30 18 för
407 1371 51 18 olika
476 1371 84 22 uppdrag
578 1371 33 18 och
629 1370 81 24 göromål
729 1371 21 17 de
768 1370 75 20 krafter,

86 1399 62 18 hvilka
166 1399 41 18 bäst
225 1404 43 13 vore
286 1399 68 23 egnade
373 1399 68 21 dertill,
463 1401 19 21 ty
500 1399 127 18 erfarenheten
645 1399 34 18 har
696 1399 52 20 visat,
767 1400 29 16 att
813 1398 32 18 det

86 1428 57 18 finnes
162 1427 81 23 qvinnor,
263 1427 63 19 hvilka
344 1428 48 18 hvad
405 1428 52 18 deras
472 1428 84 23 förmåga
568 1430 28 16 att
608 1428 80 23 fullgöra
700 1428 22 17 de
734 1427 30 18 till
778 1429 26 16 ett
816 1427 28 18 så-

87 1457 45 18 dant
143 1457 84 22 uppdrag
239 1456 80 18 hörande
331 1456 124 23 åliggandena
467 1457 117 22 vidkommer,
598 1456 138 23 otvifvelaktigt
747 1456 45 18 böra
800 1455 43 18 stäl-

86 1486 27 18 las
132 1486 75 18 framom
227 1485 77 22 mången
323 1485 5 18 i
347 1485 62 24 dylika
427 1486 44 19 värf
487 1485 72 20 använd
577 1491 121 18 mansperson.
722 1485 24 18 Vi
759 1489 43 14 anse
814 1484 31 19 det
