1075 1745
120 192 40 24 gan
181 195 33 15 om
235 190 173 20 edsformulärens
424 191 75 19 ärende
516 191 12 19 å
543 186 58 28 bane,
617 190 79 25 yttrade
712 191 26 18 bl.
755 196 29 13 a.:
818 190 50 23 ,Det

120 226 36 19 ges
173 221 77 19 sådana
266 226 43 14 som
326 221 47 18 med
388 221 28 19 flit
434 221 70 24 svärja
519 221 67 23 falskt,
603 221 38 19 och
657 221 25 18 de
697 220 42 20 lida
751 221 48 18 med
809 221 57 22 rätta,

120 251 26 19 då
166 251 25 18 de
207 251 95 24 företagit
318 250 32 25 sig
367 252 28 17 att
410 250 53 25 begå
479 252 27 17 ett
522 251 23 18 så
560 250 80 19 hemskt
655 251 62 23 brott;
733 256 48 13 men
796 250 34 19 det
845 250 23 19 är

120 281 45 19 icke
181 280 67 20 derför
265 281 38 18 rätt
319 283 28 16 att
363 286 73 19 genom
452 282 28 17 ett
495 280 82 25 oriktigt
592 280 135 19 edsformulär
742 280 75 25 betaga
829 280 38 19 den

121 310 112 25 ångerfulle
248 311 53 24 hopp
317 316 33 13 om
366 310 109 19 förlåtelse.
499 311 38 19 Det
553 315 37 20 ges
606 310 51 19 dock
669 311 53 18 ännu
732 310 56 23 flere,
800 309 68 20 hvilka

120 341 48 18 ville
191 341 26 24 på
241 340 30 19 sin
294 340 24 19 ed
335 341 51 24 säga
401 342 22 17 ut
438 340 53 19 hvad
508 341 25 18 de
548 341 70 22 visste,
635 346 47 13 men
698 340 70 19 hvilka
783 340 31 19 för
830 340 38 19 den

121 370 75 20 bäfvan
219 371 37 18 och
272 369 157 24 förskräckelse,
446 375 43 14 som
505 370 88 25 uppkom
608 370 7 19 i
631 369 49 26 följd
697 369 23 20 af
734 369 134 20 föreställnin-

122 406 45 19 gen,
192 401 28 19 att
243 400 25 19 de
291 406 27 13 nu
339 401 101 24 pantsatte
456 400 31 19 sin
504 400 44 25 själ,
565 400 18 25 ej
601 400 106 19 förmådde
723 400 41 19 tala
779 400 29 23 så,
825 405 43 14 som

122 431 24 19 de
161 431 64 22 velat;
242 431 37 18 och
296 430 33 19 det
345 435 37 20 ges
398 430 95 25 slutligen
509 430 83 23 sådana,
605 435 43 14 som
659 430 34 19 vid
705 430 108 25 edgången
824 429 44 20 icke

121 460 66 19 kände
203 460 75 19 sakens
294 460 75 25 riktiga
384 460 140 19 beskaffenhet
538 465 48 14 men
601 460 68 19 talade
684 460 68 19 såsom
764 460 25 19 de
799 459 70 20 trodde

123 490 63 19 saken
207 488 88 21 förhålla
310 490 38 25 sig.
380 489 28 20 Af
422 490 73 19 sådant
510 491 83 24 uppstår
609 492 28 17 ett
652 489 94 26 ofantligt
761 489 107 26 trångmål,

122 520 37 19 och
181 520 82 25 mycket
282 521 49 18 stort
347 520 22 19 är
386 520 75 19 antalet
477 520 23 19 af
513 520 52 23 dem,
583 525 44 14 som
642 519 66 20 blifvit
724 520 6 19 i
746 520 78 25 andligt
840 519 28 20 af-

123 550 74 19 seende
220 550 123 23 bortkomne,
359 549 23 26 ja
398 549 61 20 äfven
476 550 163 23 sinnesrubbade,
657 549 31 20 för
704 549 165 20 edsformulärets

123 579 57 20 skull.
213 579 38 20 Om
270 585 25 14 en
311 579 56 26 gång
383 580 40 19 alla
439 579 50 20 offer
504 580 27 25 på
546 580 55 19 detta
617 579 82 20 område
715 579 22 20 få
752 580 63 19 uttala
830 579 39 20 den

123 610 45 23 nöd,
192 610 25 19 de
240 609 49 24 lidit,
314 615 40 19 nog
378 609 58 20 skola
458 610 21 19 vi
495 610 67 25 häpna
577 609 58 20 öfver
651 609 40 20 den
706 609 103 26 härjning,
826 615 44 14 som

123 639 33 20 det
179 639 87 25 oriktiga
284 639 154 20 edsformuläret
454 639 83 20 kommit
553 640 12 19 &
581 640 64 29 stad.”
663 651 30 2 —
708 639 43 20 Och
768 639 54 20 detta
836 639 33 19 be-

123 669 104 20 kräftades
248 669 23 20 af
285 669 63 20 andra
364 670 64 19 talare
444 670 34 19 vid
494 671 67 18 mötet.
578 681 29 2 —
622 670 17 19 A
656 669 64 20 andra
735 669 59 20 sidan
809 671 61 23 yttra-

124 699 42 24 des,
183 701 28 18 att
227 699 86 20 känslan
329 699 31 19 för
376 699 62 20 edens
455 699 60 26 helgd
530 700 7 19 i
553 699 66 20 skilda
635 699 56 20 delar
707 699 23 20 af
743 699 68 20 landet
821 704 49 14 vore

124 729 79 25 ganska
218 735 58 19 svag.
299 729 67 20 Saken
382 730 22 19 är
421 730 59 19 alltså
496 729 22 20 af
532 730 59 25 högst
602 729 111 20 allvarsam
723 729 146 20 beskaffenhet.

194 759 47 20 Man
259 759 38 19 har
312 759 78 24 uttalat,
407 761 28 18 att
450 759 179 25 bestämningarna
645 765 33 14 om
694 759 26 20 ed
736 759 37 20 och
789 759 82 25 edgång

124 789 61 19 äfven
208 789 7 19 i
234 789 64 19 andra
313 789 112 20 afseenden
440 789 73 20 kräfde
529 789 92 26 ändring,
638 789 37 20 och
691 791 29 18 att
735 789 136 20 förevarande

124 819 59 25 fråga
205 819 68 20 kunde
296 821 101 23 upptagas
420 819 7 20 i
448 819 149 26 sammanhang
611 819 48 20 med
675 819 111 25 edsfrågan
801 819 7 19 i
824 819 47 19 dess

124 849 73 19 helhet.
219 849 62 20 Sannt
297 849 22 19 är
334 855 48 19 nog,
399 850 28 19 att
442 849 108 25 edgången
561 849 62 20 borde
634 849 98 25 betydligt
742 849 128 20 inskränkas.

123 878 38 20 Om
185 880 66 18 staten
274 878 37 20 ock
332 879 37 19 har
384 879 40 19 rätt
440 880 34 22 att,
491 880 37 18 när
543 879 72 19 sådant
631 880 23 18 är
669 879 76 25 nödigt,
762 878 69 20 fordra
846 878 26 20 ed

124 908 22 20 af
166 908 44 20 sina
225 908 140 24 medlemmar,
382 909 24 19 så
421 909 36 19 bör
473 909 54 19 detta
542 909 51 19 dock
609 909 37 19 ske
661 909 46 19 med
724 910 42 18 stor
781 914 91 14 varsam-

123 938 39 24 het,
187 939 24 19 så
234 940 28 18 att
285 939 107 19 samhället
415 939 45 19 icke
482 939 49 26 sjelf
543 939 92 19 kommer
651 941 29 17 att
695 938 106 20 föranleda
817 938 55 20 Guds

123 974 72 14 namns
218 969 161 19 missbrukande.
411 969 75 20 Vidare
505 970 23 19 är
543 969 33 20 det
591 969 118 26 uppenbart,
726 971 28 18 att
770 969 25 20 de
810 969 62 24 långa

124 998 166 24 edsformulären,
314 999 70 19 hvilka
407 999 93 20 stundom
524 999 79 25 ganska
626 999 42 20 ofta
682 999 66 20 måste
764 1004 107 20 upprepas,

123 1029 45 19 tära
183 1029 26 24 på
225 1029 63 19 edens
304 1029 68 25 helgd.
399 1029 46 19 Men
462 1029 33 20 det
510 1030 23 19 är
548 1029 101 26 knappast
664 1029 63 25 utsigt
740 1031 30 18 att
780 1029 21 20 få
812 1029 60 19 dessa

124 1058 69 25 frågor
216 1061 104 23 upptagna
343 1059 127 19 annorlunda
493 1060 25 19 än
534 1059 6 19 i
557 1059 148 25 sammanhang
721 1059 47 20 med
784 1059 39 19 den
838 1059 34 25 på-

123 1088 70 20 tänkta
213 1089 102 19 reformen
330 1089 6 18 i
353 1089 38 19 vår
407 1089 213 25 rättegångsordning,
637 1089 38 20 och
690 1089 63 20 innan
769 1089 66 20 denna
850 1089 23 19 är

124 1119 126 24 genomförd,
267 1119 40 19 kan
323 1119 33 19 det
372 1119 54 19 ännu
442 1119 62 19 hinna
519 1119 59 25 förgå
593 1119 49 25 lång
657 1119 34 19 tid.

194 1149 47 19 Men
264 1148 136 20 förevarande
423 1149 67 25 fråga,
514 1155 43 13 som
581 1149 110 25 ingalunda
713 1149 23 19 är
752 1148 122 25 oupplösligt

124 1178 121 25 förknippad
267 1179 47 19 med
337 1179 26 19 de
384 1179 64 19 andra
463 1179 126 20 reformerna
604 1179 126 20 beträffande
745 1179 89 24 edgång,
851 1179 23 18 är

125 1208 66 19 alltför
206 1209 65 24 viktig
287 1209 31 19 för
334 1210 29 17 att
378 1209 119 25 ytterligare
508 1209 125 25 uppskjutas.
660 1209 41 19 När
712 1210 66 18 staten
789 1209 85 24 ålägger

125 1238 45 19 sina
184 1239 134 19 medlemmar
333 1239 113 24 någonting
463 1239 23 19 så
502 1239 118 19 allvarsamt
635 1245 44 13 som
695 1239 89 24 edgång,
801 1239 23 18 är
835 1238 39 19 den

124 1268 73 25 pligtig
220 1270 29 18 att
271 1269 139 24 omsorgsfullt
434 1274 22 14 se
480 1269 34 23 till,
539 1271 28 18 att
588 1269 156 19 edsformuläret
760 1269 22 19 är
798 1268 75 25 riktigt.

124 1297 48 20 Man
194 1298 63 25 yrkar
279 1299 7 18 i
309 1299 51 18 våra
376 1299 65 24 dagar
458 1299 115 25 enständigt
588 1299 27 24 på
631 1299 137 19 afskaffandet
784 1298 23 19 af
821 1303 52 14 sam-

124 1328 119 25 vetstvång;
260 1328 37 19 här
313 1328 112 24 föreligger
441 1334 27 13 nu
484 1330 28 18 ett
523 1328 159 25 samvetstvång,
695 1328 107 25 angående
812 1328 62 19 hvars

125 1357 151 25 orättmätighet
296 1358 136 25 meningarna
451 1358 100 25 knappast
566 1358 69 20 kunna
651 1359 62 24 sägas
728 1363 51 14 vara
795 1358 78 19 delade.

126 1386 43 20 Och
184 1387 27 19 då
225 1388 135 25 kyrkomötet,
377 1393 44 14 som
437 1388 63 19 redan
517 1394 24 13 en
557 1388 56 25 gång
626 1388 130 25 omständligt
767 1388 108 19 behandlat

126 1417 67 19 denna
214 1418 43 23 sak,
274 1418 58 19 nästa
349 1418 23 18 år
388 1418 43 19 åter
447 1418 66 19 måste
528 1418 76 19 befatta
620 1418 32 24 sig
667 1418 46 19 med
730 1417 106 23 särskilda,
854 1417 23 19 af

125 1452 26 14 en
174 1446 75 21 komité
272 1447 27 25 på
321 1448 73 19 mötets
418 1447 93 26 uppdrag
534 1447 113 26 uppgjorda
670 1448 77 24 förslag
768 1447 107 25 angående
