1092 1739
325 181 226 22 Petitionsbetänkande
566 181 35 21 N:o
617 181 20 21 1.
846 183 13 18 3

101 243 128 23 skaffandet
251 243 42 22 och
316 243 142 22 underhållet
480 243 26 22 af
526 243 83 28 nödiga
627 243 105 28 redskap,
748 244 54 20 utan
817 242 43 22 ock

102 278 128 28 aflöningen
246 277 26 22 af
284 277 28 22 de
326 277 38 22 vid
378 277 186 29 torrläggningen
574 277 111 22 anställde
695 277 164 26 arbetsledare;

171 314 33 20 att
226 312 52 22 hela
300 312 44 22 den
366 312 73 28 öfriga
461 312 126 22 kostnaden
602 312 35 21 för
653 311 81 28 sjelfva
748 311 111 28 torrlägg-

102 347 156 28 ningsarbetet
279 346 26 22 af
323 346 87 22 kronan
433 346 154 27 förskotteras,
610 346 52 21 med
680 346 130 28 skyldighet
825 345 35 22 för

102 382 177 21 intressenterna
300 382 33 20 att
348 380 49 22 från
412 381 42 21 och
470 381 51 21 med
535 381 72 27 tredje
623 380 48 22 året
686 380 59 22 efter
760 380 99 22 arbetets

103 415 140 23 slutförande
259 415 123 22 återbetala
398 415 27 28 ?/;
440 415 68 22 deraf
520 415 94 22 sålunda
629 416 34 20 att
677 415 13 22 ä
705 415 63 22 detta
778 415 81 27 belopp

103 450 86 29 årligen
212 450 110 22 inbetalas
346 450 44 21 fem
408 451 100 27 procent,
524 450 83 21 hvaraf
619 452 35 19 tre
670 451 93 27 procent
778 449 82 22 räknas

103 485 74 22 såsom
198 485 66 22 ränta
282 484 42 22 och
339 484 129 22 återstoden
482 484 73 22 såsom
570 484 235 28 kapitalafbetalning,
820 484 41 21 allt

104 520 59 22 efter
185 520 44 21 den
251 518 127 29 fördelning
400 519 177 22 intressenterna
599 519 104 26 emellan,
727 525 48 16 som
797 518 38 22 vid
853 518 8 21 i

104 554 80 22 sådant
198 554 107 22 afseende
319 553 68 22 innan
401 553 269 29 torrläggningsarbetets
680 553 137 28 påbörjande
827 554 34 20 ut-

104 589 46 27 lyst
169 588 165 22 sammanträde
349 588 56 21 eller
420 594 81 16 annars
516 588 7 21 i
538 588 53 28 laga
606 588 96 28 ordning
717 587 75 22 blifvit
807 586 53 22 fast-

104 623 66 26 stäld,
192 622 118 22 äfvensom
331 622 52 22 med
402 622 74 22 vilkor
490 624 34 20 att
538 622 176 22 intressenterna
729 622 36 21 för
779 620 82 29 fullgö-

104 658 80 21 randet
206 657 26 22 af
252 657 72 21 denna
339 656 130 29 skyldighet
484 657 42 21 och
542 657 49 21 dem
607 656 121 29 åliggande
743 655 118 22 underhåll

104 692 27 22 af
143 692 191 27 hufvudafloppen
350 691 66 22 ställa
431 691 124 22 säkerhet.”

173 726 45 22 För
232 727 34 20 att
280 725 68 22 äfven
363 731 81 23 genom
460 726 104 28 exempel
580 725 49 22 från
639 726 98 21 kronans
747 725 49 22 sida
807 724 54 22 söka

105 760 118 22 motvärka
238 761 33 21 ett
285 760 99 28 skadligt
398 760 130 22 brännande
543 760 26 21 af
579 760 28 22 de
617 760 116 28 torrlagda
743 760 119 21 markerna

104 795 42 21 har
168 794 128 28 Kejserliga
318 794 97 22 Senaten
430 794 115 22 dessutom
561 794 43 22 den
620 796 26 20 15
662 794 129 22 November
806 796 55 20 1892

104 829 94 22 beslutit
212 830 40 25 att,
268 828 28 22 då
310 828 80 29 bidrag
404 828 26 22 af
442 829 114 21 allmänna
571 828 73 22 medel
660 828 85 22 lemnas
761 828 35 22 till
806 830 55 20 torr-

105 863 110 29 läggning
237 863 26 22 af
283 863 69 22 sanka
375 863 95 27 marker,
494 864 38 20 det
554 863 138 28 uttryckliga
714 863 73 22 vilkor
805 863 57 22 skall

105 898 71 22 fästas
198 899 34 20 att
246 898 118 21 markerna
379 897 59 22 efter
452 898 186 28 torrläggningen
653 897 50 22 icke
719 897 22 22 få
756 898 105 26 brännas,

104 932 70 22 innan
196 938 119 22 agronoms
330 931 114 22 utlåtande
460 932 95 21 rörande
571 932 152 28 bränningens
737 932 125 22 ändamäls-

105 967 101 28 enlighet
229 966 42 22 och
294 966 90 28 omfång
406 966 128 27 inhemtats,
556 966 39 22 vid
617 966 106 28 äfventyr
737 968 34 20 att
786 966 39 22 det
839 966 26 22 af

104 1001 87 22 kronan
206 1001 112 27 beviljade
333 1000 103 29 bidraget
451 1007 82 15 annars
548 1000 57 22 skall
620 1000 135 29 återgäldas.

174 1035 78 22 Såsom
268 1035 26 21 af
305 1034 150 29 nyssanförda
470 1035 169 28 bestämningar
650 1035 105 28 framgår,
765 1036 42 21 har
817 1036 45 27 sty-

104 1070 76 22 relsen
202 1071 70 27 egnat
286 1069 79 29 frågan
380 1075 36 16 om
432 1069 28 22 de
476 1069 70 22 sanka
561 1069 130 22 markernas
706 1070 157 28 torrläggning

106 1104 69 28 nödig
196 1104 198 28 uppmärksamhet
416 1104 42 21 och
482 1104 66 28 bragt
566 1104 27 21 de
609 1105 98 27 antagna
722 1104 141 28 principerna

104 1138 34 22 uti
160 1138 76 22 ämnet
250 1138 8 22 i
273 1139 91 27 system.
394 1138 41 21 Att
456 1138 73 22 under
543 1138 84 22 sådana
642 1138 157 22 förhållanden
814 1138 49 22 från

106 1172 138 23 Ständernas
260 1172 48 22 sida
322 1172 56 28 göra
392 1174 33 20 ett
440 1172 116 22 uttalande
570 1172 34 22 till
620 1172 87 22 förmon
723 1172 36 22 för
769 1172 44 22 den
823 1178 40 16 un-

106 1206 138 29 dersökning
266 1207 42 21 och
325 1207 28 21 de
368 1207 100 26 arbeten,
484 1207 77 21 hvilka
576 1206 106 22 särskildt
697 1206 63 29 ligga
775 1207 88 28 petitio-

105 1241 97 21 närerna
222 1247 36 16 om
272 1241 89 28 hjertat,
376 1247 68 22 synes
459 1241 116 22 Utskottet
590 1241 25 22 så
630 1241 91 28 mycket
735 1248 62 15 mera
812 1241 51 28 opå-

105 1275 87 22 kalladt
214 1281 48 16 som
283 1276 92 27 upplyst
397 1275 75 22 blifvit
491 1277 34 20 att
540 1276 93 21 ärendet
647 1276 7 21 i
670 1275 64 29 fråga
748 1276 116 21 allaredan

105 1309 79 29 bragts
198 1310 72 22 under
287 1309 169 22 vederbörande
474 1310 144 28 myndighets
636 1310 112 28 pröfning,
770 1310 94 22 hvarför

105 1344 120 22 Utskottet
239 1350 66 16 anser
320 1344 35 28 sig
369 1344 55 22 böra
439 1344 116 22 vördsamt
570 1344 83 22 föreslå

382 1398 32 18 att
425 1396 120 26 petitionen
560 1395 45 21 icke
620 1396 65 20 måtte
700 1395 34 21 till
747 1396 72 27 någon
831 1396 34 20 åt-

310 1430 58 27 gärd
378 1430 59 28 från
453 1429 136 21 Ständernas
603 1430 50 20 sida
663 1430 128 26 föranleda.

174 1480 142 30 Helsingfors
331 1481 44 22 den
392 1483 25 19 16
432 1480 109 22 Februari
557 1483 62 19 1897.

175 1516 193 20 Ekonomiutskottets
382 1516 118 20 betänkande
514 1516 37 20 N:o
567 1516 20 20 3.
