1075 1750
202 164 12 20 w

404 163 238 23 Petitionsbetänkande
659 164 35 22 N:o
711 163 37 23 32.

201 235 86 22 hvilket
308 236 142 28 petitionären
470 235 87 29 äsyftar.
588 235 49 22 Och
654 235 37 22 vid
707 243 25 14 en
750 234 96 22 sträfvan
862 235 8 21 i
886 234 70 22 denna

203 271 96 29 riktning
315 271 66 22 borde
394 279 48 13 man
455 271 115 29 ingalunda
581 272 66 21 minst
658 271 76 29 äsyfta,
746 274 31 18 att
793 270 64 22 äfven
869 272 88 27 tjenste-

204 307 79 28 hjonen
299 307 58 21 lärde
375 308 32 28 sig
422 307 72 22 blicka
513 307 72 29 längre
601 309 27 19 än
644 308 33 21 till
701 308 37 21 det
761 306 132 22 närvarande
917 306 40 22 och

201 343 213 22 tillfredsställandet
436 344 24 20 af
483 343 102 21 stundens
608 343 53 22 kraf.
707 343 163 29 Tjenstehjonet
891 344 23 20 är
935 343 22 28 ju

201 380 8 20 i
225 379 25 21 sä
265 379 42 29 hög
322 379 53 29 grad
395 379 107 22 beroende
518 379 22 21 af
556 380 32 20 sin
604 380 60 21 helsa
680 380 40 21 och
736 378 171 30 arbetsförmäga
926 382 32 18 att

203 414 126 28 detsamma,
344 415 28 22 dä
388 415 62 22 dessa
468 415 66 27 svika,
556 418 51 18 utan
626 415 158 29 fattigvärdens
801 415 156 26 mellankomst,

204 451 78 22 saknar
298 452 41 21 alla
355 452 129 28 betingelser
499 452 34 21 för
549 452 33 21 sin
597 452 102 27 utkomst,
715 452 76 21 derest
806 450 37 22 det
858 451 48 21 icke
922 458 36 22 ge-

203 495 50 14 nom
279 488 133 28 sparsamhet
435 488 114 21 säkerstält
575 488 32 28 sig
633 488 34 21 för
688 487 74 29 dylika
790 488 168 24 eventualiteter,

203 524 53 21 Men
273 523 37 22 det
325 524 61 21 torde
400 524 49 22 med
464 524 36 28 fog
514 524 73 21 kunna
603 524 143 29 ifrågasättas,
763 523 108 22 huruvida
887 523 36 21 det
939 524 18 28 ej

203 567 52 14 vore
271 562 56 19 orätt
343 562 32 19 att
386 560 130 21 underkasta
527 567 25 14 en
563 560 94 29 myndig,
668 561 33 28 sig
711 560 50 29 sjelf
772 559 135 29 försörjande
918 560 41 20 och

202 595 35 22 för
260 596 32 29 sig
315 596 133 22 ansvarande
471 596 192 22 samhällsmedlem
681 596 67 29 tväng
770 597 6 20 i
799 595 60 29 fräga
875 603 33 14 om
925 595 33 22 be-

203 632 129 29 tryggandet
355 632 23 21 af
401 633 33 20 sin
457 632 92 22 framtid.
588 633 49 21 Och
654 641 34 12 om
713 632 61 22 detia
790 632 64 21 äfven
870 631 89 29 ansäges

204 668 82 29 riktigt,
301 668 89 22 hvarför
406 668 54 22 skall
475 668 28 22 dä
513 668 106 29 tvängeti
636 668 88 22 främsta
744 671 93 18 rummet
852 668 107 29 tillämpas

203 703 13 22 &
236 704 164 29 tjenstehjonen,
424 704 27 22 dä
473 705 43 21 lika
540 704 82 27 talrika,
646 704 105 22 måhända
774 706 56 19 ännu
857 704 102 21 talrikare

205 747 95 22 grupper
323 741 22 20 af
366 740 40 22 den
423 740 115 23 arbetande
557 740 92 27 klassen,
667 740 103 22 särskildt
792 740 41 22 den
856 741 45 20 lösa
924 740 33 22 be-

203 776 132 29 folkningen,
362 784 46 14 som
435 778 8 20 i
471 777 136 21 ekonomiskt
628 777 102 21 afseende
753 776 116 29 ingalunda
893 778 35 19 äro
951 777 7 20 i

203 820 26 13 en
255 812 83 22 mindre
362 813 77 28 prekär
462 813 104 28 ställning,
589 813 68 21 skulle
677 812 71 29 undgä
768 812 127 22 detsamma.
925 812 35 21 Dä

203 856 50 13 man
275 848 103 29 derjemte
400 851 22 19 är
444 849 45 21 helt
510 849 40 21 och
566 848 66 22 hället
647 849 6 20 i
670 848 107 22 afsaknad
792 849 23 20 af
837 848 119 21 kännedom

203 884 81 26 derom,
302 885 106 21 huruvida
423 885 156 28 tjenstehjonen
595 885 78 28 sjelfva
688 884 92 22 ästunda
800 892 26 14 en
843 884 62 29 dylik
923 884 37 22 be-

204 920 229 29 sparingsskyldighet,
449 929 63 20 synes
528 921 37 21 det
580 929 51 13 vara
647 921 104 28 antagligt
767 923 34 19 att
820 920 61 21 deras
904 923 56 18 stora

202 957 73 23 flertal
292 956 69 22 skulle
382 958 8 20 i
413 957 69 22 denna
504 957 74 29 ätgärd
595 965 22 14 sc
633 960 31 19 ett
680 957 48 22 dem
746 956 81 22 utifrän
846 956 115 29 pätrugadt

203 992 73 29 tväng,
295 1000 25 14 en
343 993 121 29 kränkning
481 993 40 22 och
545 993 109 27 orättvisa,
672 993 88 22 hvilken
784 992 26 21 de
834 992 52 21 icke
910 995 50 19 utan

203 1029 102 28 missnöje
323 1029 69 21 skulle
411 1029 129 22 underkasta
556 1030 37 28 sig.

276 1064 11 21 I
303 1064 114 22 Utskottet
432 1065 38 21 har
486 1065 41 22 den
543 1066 85 28 mening
643 1066 56 27 gjort
715 1065 34 28 sig
764 1064 101 29 gällande
881 1066 32 19 att
927 1064 32 21 äf-

202 1108 42 13 ven
269 1100 66 21 andra
357 1101 68 21 medel
448 1101 33 22 stä
504 1101 31 21 till
555 1101 61 26 buds,
631 1101 146 28 hvarigenom,
793 1099 50 22 med
860 1099 95 22 bibehäl-

202 1134 63 24 lande
282 1136 23 21 af
319 1136 159 29 frivilligheten,
495 1137 154 28 tjenstehjonen
671 1136 72 22 kunde
760 1136 79 21 förmås
856 1139 32 18 att
903 1137 51 27 göra

202 1170 140 31 besparingar
364 1173 35 21 för
421 1173 144 29 betryggande
589 1173 22 21 af
633 1174 32 20 sin
687 1172 117 22 ålderdom.
835 1172 120 28 Tvängsät-

201 1207 107 29 gärderna
323 1208 72 22 kunna
412 1210 33 20 väl
462 1209 98 21 förefalla
575 1209 69 21 bättre
660 1209 40 21 och
716 1209 108 28 hastigare
846 1208 115 26 verkande,

202 1251 49 14 men
275 1252 34 13 om
333 1244 65 22 saken
420 1245 50 21 med
494 1245 78 21 sädana
587 1245 69 22 medel
673 1244 117 27 bedrifves,
809 1244 72 21 kunde
897 1244 63 20 häraf

201 1279 85 29 framgå
301 1280 89 22 resultat
406 1280 87 22 alldeles
509 1283 101 19 motsatta
625 1281 27 21 de
666 1280 106 29 åsyftade.
802 1280 113 28 Frivilligt
926 1280 31 20 af-

201 1315 107 29 läggande
323 1316 24 21 af
362 1316 138 30 besparingar
515 1316 143 22 förekommer
673 1316 67 22 redan
757 1317 5 19 i
780 1316 70 28 någon
866 1315 49 21 män
928 1315 31 21 äf-

202 1358 42 14 ven
261 1352 66 22 bland
342 1353 135 28 tjenstehjon,
492 1360 48 14 men
556 1352 49 22 med
621 1353 76 28 temlig
712 1352 86 22 visshet
808 1352 42 21 kan
861 1351 100 27 förutses,

202 1390 32 18 att
256 1387 43 22 den
315 1388 97 22 sträfvan
428 1388 34 22 till
479 1388 140 29 sparsamhet,
635 1396 45 14 som
699 1389 47 21 häri
763 1388 58 22 visar
837 1388 39 28 sig,
892 1387 68 21 skulle

201 1423 102 21 afstanna
331 1424 47 21 ifall
400 1424 157 28 tjenstehjonen
583 1424 69 22 skulle
675 1424 60 29 börja
764 1427 76 25 trygga
867 1424 32 28 sig
923 1422 37 22 vid

202 1459 23 21 af
239 1459 36 29 lag
286 1459 108 29 påbjudna
403 1460 143 29 besparingar.
563 1460 48 22 Och
628 1460 55 22 dock
694 1460 42 22 kan
750 1460 37 22 det
798 1460 18 28 ej
835 1467 37 14 ens
883 1459 78 22 betvif-

281 1502 182 18 Ekonomiutskottets
476 1502 107 18 betänkande
596 1502 34 18 N:o
643 1503 27 17 16.
974 1492 3 2 I
