1056 1731
315 180 297 27 Petitionsmemorial.

157 240 117 36 Bondest.
680 244 42 22 N:o
738 244 38 22 59.

623 564 153 26 (Öfversättning.)

236 660 52 20 Till
311 660 168 20 Hedervärda
494 660 205 20 Bondeståndet.

159 724 55 19 Enär
240 724 38 20 den
304 724 54 20 öfver
379 724 99 20 mellersta
499 724 85 20 Finland
606 723 82 21 afsedda
709 724 107 24 jernvägen
840 724 6 18 i

91 752 81 20 främsta
192 756 82 17 rummet
297 753 35 19 har
354 753 30 19 till
400 753 90 20 ändamål
506 755 29 17 att
557 753 25 24 på
605 753 90 19 kortaste
711 755 36 22 väg
762 752 84 20 försätta

91 783 55 18 östra
173 782 36 19 och
232 784 67 18 vestra
320 782 86 20 Finland
430 782 6 19 i
460 782 112 20 omedelbar
595 781 181 20 trafikförbindelse
801 782 44 19 med

90 810 119 24 hvarandra,
230 810 26 25 på
277 816 72 14 samma
370 810 50 24 gång
441 816 42 14 som
506 811 113 24 derigenom
640 811 38 19 den
702 810 56 20 öfver
779 810 68 20 landet

90 839 77 24 gående
195 840 154 19 internationela
367 839 84 20 trafiken
468 839 154 25 underlättades,
638 839 22 19 så
676 838 119 21 framställer
817 840 29 23 sig

89 867 59 20 häraf
169 867 80 25 frågan:
271 868 52 20 Vore
347 869 34 19 det
399 868 45 20 icke
467 868 158 24 fördelaktigast,
648 869 30 19 att
698 868 95 20 Savolaks
809 868 37 19 och

89 896 100 20 Karelska
211 896 164 20 hufvudbanorna
397 896 64 20 skulle
484 896 102 21 förbindas
606 896 56 20 öfver
684 896 91 20 Varkaus
795 896 51 20 bruk

90 926 36 19 och
142 925 96 24 Joensuu,
251 926 25 20 då
287 926 64 20 denna
362 926 244 24 sammanbindningsbana
618 925 82 20 framför
710 926 62 20 andra
782 925 63 20 skulle

90 953 88 21 medföra
193 954 27 20 bl.
236 961 17 13 a.
269 954 87 25 följande
371 954 98 21 fördelar:
483 955 97 25 nämligen

159 984 29 18 att
211 984 112 19 densamma
345 984 61 19 redan
430 984 48 23 egde
498 990 24 13 en
538 984 64 24 färdig
617 983 57 20 hamn
696 984 32 19 vid
744 983 102 24 Ladoga
835 979 16 33 i

90 1012 115 23 Sordavala,
221 1011 22 21 af
256 1012 80 20 hvilken
352 1012 55 20 såväl
422 1018 61 14 norra
500 1018 40 15 som
556 1012 100 20 mellersta
672 1012 86 20 Finland
769 1012 77 19 komme

90 1042 30 18 att
135 1040 61 24 draga
211 1042 66 23 nytta;

159 1071 30 17 att
209 1069 84 20 trafiken
317 1070 51 19 ända
383 1069 44 20 från
443 1069 137 21 Hvitahafvets
597 1070 91 20 stränder
704 1070 71 24 droges
791 1068 55 21 öfver

90 1098 89 20 Joensuu
195 1098 30 20 till
239 1098 102 20 mellersta
355 1098 96 24 Finland;

159 1128 30 18 att
204 1127 87 20 berörda
305 1127 52 20 bana
371 1127 76 19 komme
463 1128 29 18 att
507 1127 25 24 gå
546 1133 69 18 genom
632 1128 32 19 väl
675 1126 106 20 befolkade
791 1126 56 20 trak-

90 1157 38 21 ter,
151 1156 52 19 inom
224 1156 68 20 hvilka
309 1156 63 19 finnas
387 1154 14 21 2
415 1156 102 25 jernbruk,
534 1155 12 20 2
562 1155 124 26 skeppsvarf,
709 1155 6 20 3
731 1155 116 20 mekaniska

91 1184 123 24 verkstäder,
229 1184 14 20 8
259 1185 132 23 vattensågar,
407 1185 37 19 och
459 1184 81 20 hvarest
550 1184 119 25 jordbruket
680 1185 37 19 och
730 1184 116 24 ladugårds-

91 1212 88 20 skötseln
195 1213 31 20 stå
239 1213 143 24 jämförelsevis
398 1214 53 24 högt,
468 1216 50 17 samt

160 1243 31 19 att
212 1242 91 20 Varkaus
326 1242 37 20 och
385 1241 125 21 Lehtoniemi
532 1242 51 19 bruk
603 1242 61 24 jämte
680 1242 117 20 verkstäder
812 1244 35 17 äro

91 1272 29 18 att
135 1270 64 20 räkna
213 1270 60 20 bland
289 1271 78 19 landets
383 1273 75 17 största
472 1270 118 20 industriela
604 1271 142 24 inrättningar;

161 1301 30 17 att
203 1300 257 24 sammanbindningsbanan
481 1300 77 19 komme
574 1301 29 17 att
618 1302 52 17 sätta
684 1300 102 19 mellersta
800 1299 47 19 Fin-

91 1328 47 19 land
161 1328 6 19 i
190 1328 120 20 förbindelse
326 1329 44 19 med
389 1328 95 24 sjöfarten
500 1328 26 25 på
542 1328 83 26 Saimen,
640 1328 127 24 hvarigenom
782 1330 65 18 trans-

91 1359 79 21 porten,
193 1357 133 24 synnerligast
348 1357 21 20 af
390 1359 69 23 tyngre
483 1357 90 23 artiklar,
589 1357 122 25 väsentligen
726 1357 76 20 komme
818 1358 30 18 att

92 1385 130 20 underlättas.

161 1414 29 20 På
213 1414 63 24 grund
299 1414 21 20 af
339 1414 58 20 dessa
419 1415 6 18 i
448 1414 81 20 korthet
550 1414 116 20 framstälda
688 1414 42 20 skäl
753 1413 59 21 hafva
829 1414 19 19 vi

92 1441 55 21 velat
171 1442 78 25 påpeka
271 1445 30 17 att
325 1443 258 24 sammanbindningsbanan
608 1443 76 20 komme
707 1445 29 18 att
760 1442 89 20 medföra

93 1472 24 18 de
140 1473 73 18 största
235 1471 89 20 fördelar
341 1472 31 19 för
387 1477 60 14 norra
463 1472 38 19 och
516 1472 100 19 mellersta
631 1472 90 24 Finland,
743 1472 43 19 ifall
801 1472 48 19 den-

104 1505 63 15 amma
190 1500 73 24 bygges
287 1500 56 20 öfver
366 1500 99 20 Warkaus
488 1500 50 20 bruk
561 1500 29 20 till
614 1500 88 21 Joensuu
719 1500 37 20 och
772 1500 50 26 våga
838 1505 12 15 v
