1073 1745
233 239 32 20 för
281 239 72 27 hvarje
369 240 64 25 skola,
449 240 53 26 hyra
518 240 33 19 för
567 240 101 20 skollokal
684 243 53 17 samt
751 239 139 20 kostnaderna
905 239 32 20 för
946 239 39 20 ved

234 269 39 21 och
293 269 46 26 lyse
361 269 135 26 oberäknade,
515 270 39 19 har
576 270 147 25 statsanslaget
738 269 31 20 för
784 269 94 21 Joensuu
893 269 92 20 fruntim-

235 300 116 20 mersskola
369 300 80 26 utgjort
469 301 22 18 år
509 300 56 19 1895
584 300 57 19 5500
657 300 58 19 mark
731 299 37 20 och
783 299 89 20 sistlidet
887 301 24 18 år
926 299 59 20 6500

233 330 67 25 mark,
321 330 80 20 således
420 330 31 19 till
473 329 37 20 och
530 330 47 19 med
598 329 102 26 betydligt
719 329 79 20 mindre
814 332 26 17 än
856 329 35 20 det
905 329 79 26 belopp,

233 367 44 13 som
298 360 64 25 enligt
378 360 75 25 nådiga
469 359 146 26 förordningen
631 359 39 21 den
689 360 25 19 11
731 359 114 20 December
862 359 57 20 1884
934 359 51 20 kun-

233 392 36 17 nat
285 391 24 18 åt
325 390 72 19 skolan
415 390 91 25 beviljas.

305 419 163 26 Elevafgifterna
482 421 45 18 åter
543 420 62 20 hafva
620 419 36 20 vid
666 419 117 20 läroverket
793 420 89 25 uppgått
892 420 23 18 år
928 419 56 19 1895

233 449 33 19 till
289 450 59 19 4700
373 449 38 20 och
435 449 89 20 sistlidet
544 450 23 19 år
587 449 32 20 till
640 450 57 19 5315
721 449 64 19 mark.
816 448 168 20 Läroanstaltens

233 479 96 26 samtliga
350 479 92 20 intrader
462 479 72 26 belöpa
558 479 33 26 sig
613 479 80 20 således
713 479 32 19 för
766 478 35 20 det
820 478 56 21 förra
894 480 44 18 året
953 478 31 20 till

235 510 79 24 10,200
330 509 38 20 och
383 509 32 19 för
430 509 35 20 det
480 516 73 13 senare
569 510 44 19 äret
628 509 32 19 till
677 509 78 25 11,815
769 508 64 26 mark,
850 508 46 20 med
914 508 70 20 hvilka

233 546 90 13 summor
333 539 52 20 bäde
401 539 66 20 lärare
482 539 38 20 och
536 539 56 20 lokal
607 539 46 20 bort
668 539 101 20 bekostas.

306 569 68 20 Häraf
390 569 56 20 inses
465 569 39 20 lätt
523 569 72 20 hvilka
615 569 129 26 svärigheter
762 569 72 20 skolan
850 569 38 20 har
902 572 30 17 att
948 569 36 20 vid

233 599 34 25 sig
284 599 55 20 fästa
360 606 25 13 en
404 599 63 20 stabil
482 599 38 20 och
535 599 81 26 kunnig
631 599 163 26 lärarepersonal
809 601 53 18 samt
877 601 31 18 att
922 598 61 21 beko-

233 631 33 18 sta
282 635 25 14 en
323 629 60 25 lokal,
399 636 43 13 som
458 629 7 20 i
480 632 103 23 utrymme
599 629 38 20 och
653 629 7 20 i
675 629 120 26 hygieniskt
811 629 95 20 afseende
916 629 67 20 skulle

233 658 52 27 fylla
301 665 36 14 ens
354 659 26 20 de
395 659 125 26 mättligaste
535 659 123 26 fordringar.

305 689 48 20 Med
375 689 110 26 anledning
507 689 23 20 af
546 689 55 20 hvad
618 689 37 26 jag
673 689 88 20 sälunda
778 689 45 20 haft
841 692 49 17 äran
906 688 76 25 anföra,

233 718 77 20 tilläter
323 719 38 26 jag
376 718 42 27 mig
433 719 104 20 vördsamt
553 719 82 20 anhälla
652 726 31 13 om
694 718 185 26 Borgareständets
890 719 93 26 benägna

233 748 125 21 medverkan
373 749 32 20 till
421 755 25 14 en
462 749 129 26 uuderdänig
606 749 91 26 petition,

519 810 30 18 att
575 809 85 20 Joensuu
684 809 85 24 privata
789 808 194 24 fruntimmersskola

448 839 58 19 måtte
522 839 26 23 af
561 840 63 19 staten
639 839 111 25 öfvertagas
765 838 47 20 eller
826 838 114 20 åtminstone
954 839 28 19 be-

448 869 60 23 viljas
523 868 68 26 högsta
605 869 82 25 möjliga
701 868 167 20 statssubvention.

305 927 138 26 Helsingfors,
459 927 39 20 den
515 928 12 20 3
544 927 99 20 Februari
661 928 62 19 1897.

550 998 27 22 W.
593 998 78 28 Nystön.

274 1529 4 1 —
284 1529 139 32 Helsingfors
436 1540 113 21 Osakeyhtiö
566 1525 71 40 Weilin
642 1540 16 17 &
671 1541 49 16 Göös
733 1525 113 40 Aktiobolag
860 1529 50 26 1897.
923 1529 4 1 -
