1075 1753
285 443 245 37 Reservation
556 443 69 36 N:o
651 443 33 36 1.

187 521 11 21 I
215 521 46 21 sina
276 521 111 28 yrkanden
403 520 28 29 pä
447 520 79 21 förbud
541 523 45 18 mot
602 519 141 23 användande
759 519 22 22 af
792 527 73 20 omyn-

116 557 50 29 diga
189 564 102 21 personer
314 556 69 21 såsom
407 556 110 29 hetjening
533 556 27 29 pä
575 556 106 21 värdshus
697 555 41 22 och
753 555 66 22 andra
834 557 32 19 ut-

114 592 211 29 skänkningsställen
342 591 51 29 utgä
408 591 147 30 föreliggande
570 595 33 18 tre
619 591 184 30 petitionsförslag
818 590 48 21 frän

114 629 42 22 den
172 628 116 29 synpunkt,
304 631 31 18 att
350 627 91 22 berörda
458 628 164 28 sysselsättning
639 627 69 22 skulle
728 627 90 21 försätta
839 626 27 21 de

115 672 57 21 unga
195 671 107 22 personer,
322 664 34 21 för
371 663 75 22 hvilka
462 671 26 14 en
505 663 67 22 sädan
588 663 128 29 anställning
732 663 42 21 kan
789 662 78 29 ifräga-

116 701 90 25 komma,
230 701 7 19 i
260 699 157 26 förhällanden,
441 699 27 21 de
492 699 38 21 der
553 699 70 21 skulle
638 699 103 21 innebära
755 699 35 21 för
805 697 62 22 deras

117 736 106 28 sedlighet
239 736 52 21 eller
306 735 125 29 kroppsliga
447 735 125 28 utveckling
588 735 82 21 mindre
686 734 127 28 förmänliga
828 733 39 22 vil-

117 772 45 26 kor,
186 773 26 19 än
236 771 62 21 deras
314 771 154 22 förutvarande
485 771 51 21 eller
552 771 85 27 vanliga
652 769 216 28 lefnadsomständig-

116 808 66 21 heter.

189 843 68 22 Hvad
280 850 29 14 nu
332 843 55 21 först
411 842 256 29 sedlighetssynpunkten
691 842 139 26 vidkommer,
846 840 23 22 sä

118 879 68 21 mäste
209 880 35 27 jag
263 886 50 14 anse
330 886 25 14 en
371 879 44 21 fast
431 878 42 22 och
489 878 81 22 ordnad
586 878 164 29 sysselsättning
765 878 8 20 i
788 880 82 19 restau-

117 916 99 25 rationer,
232 915 74 21 hvilka
330 915 34 21 stä
387 915 70 21 under
480 915 94 28 polisens
593 914 41 21 och
650 914 153 21 allmänhetens
819 913 51 21 kon-

119 950 57 27 troll,
192 958 51 14 vara
258 950 34 22 för
308 958 56 21 unga
380 958 108 21 personer,
504 950 23 21 af
542 950 41 21 den
600 950 165 25 samhällsklass,
781 950 88 20 hvarom

120 986 60 29 fräga
196 988 28 24 är,
241 989 32 18 att
289 986 114 29 föredraga
419 986 91 21 framför
525 994 27 13 en
567 986 103 28 sysslolös
686 986 88 20 vistelse
789 986 8 20 i
812 984 58 22 hem-

119 1022 148 22 förhållanden
291 1022 22 21 af
338 1022 67 22 oftast
427 1022 51 28 föga
498 1022 112 21 moraliskt
624 1021 145 29 uppbyggelig
784 1020 87 22 beskaf-

121 1057 81 26 fenhet,
225 1057 51 22 eller
300 1057 181 29 kringstrykande
505 1057 28 28 på
556 1057 86 21 stadens
662 1059 61 25 gator
739 1057 51 20 eller
805 1055 66 22 andra

120 1093 164 28 äfventyrligare
301 1093 85 29 platser.

191 1129 141 22 Beträffande
355 1129 65 21 sedan
442 1128 198 29 helsosynpunkten
657 1128 74 27 måste,
746 1128 67 28 enligt
827 1128 44 20 min

120 1164 62 29 åsigt,
205 1165 85 21 komma
312 1165 34 21 till
369 1165 169 28 öfvervägande,
560 1164 108 22 huruvida
687 1164 46 21 skäl
753 1164 118 21 förefinnas

120 1203 38 23 att,
181 1201 48 21 med
253 1201 82 27 hänsyn
357 1201 34 20 till
406 1201 101 27 gällande
523 1200 153 28 lagstadgande
692 1199 109 29 angående
817 1206 56 20 unga

120 1243 112 21 personers
256 1236 141 22 användande
421 1236 33 21 till
478 1236 126 26 nattarbete,
619 1236 123 28 ytterligare
757 1234 116 22 inskränka

122 1271 62 22 deras
200 1274 43 19 rätt
258 1272 33 21 till
307 1272 165 28 sysselsättning
488 1273 8 19 i
511 1271 60 28 fråga
587 1279 34 13 om
638 1271 119 28 antagande
772 1270 23 22 af
807 1271 66 27 tjenst

122 1307 38 22 vid
183 1308 171 20 restaurationer.
385 1307 85 22 Dervid
490 1307 40 21 har
544 1308 35 27 jag
594 1307 48 21 icke
658 1307 83 21 kunnat
755 1306 72 28 undgå
842 1308 32 19 att

122 1346 50 25 taga
192 1344 8 20 i
215 1343 151 22 betraktande:
390 1345 33 19 1:0
432 1346 32 18 att
480 1343 191 29 sysselsättningen
688 1342 34 22 för
737 1342 41 22 den
794 1342 36 21 vid
847 1349 27 13 en

121 1379 233 21 restaurationsrörelse
379 1379 98 21 anstälda
501 1378 135 29 betjeningen
660 1378 71 28 börjar
754 1385 74 14 senare
846 1376 29 29 på

121 1421 116 22 morgonen
253 1414 41 21 och
310 1415 23 20 är
349 1414 51 21 vida
415 1414 84 21 mindre
516 1414 156 28 ansträngande
688 1415 27 19 än
735 1412 140 28 minderåriga

122 1449 172 29 yrkesarbetares
311 1451 7 19 i
335 1449 129 27 allmänhet;
481 1453 56 18 samt
561 1451 33 20 2:o
611 1452 32 19 att
658 1449 67 28 enligt
735 1449 98 28 gällande
840 1448 36 28 lag

192 1491 184 18 Ekonomiutskottets
389 1491 112 18 betänkande
513 1491 34 18 N:o
560 1491 27 18 18.
