1092 1736
229 194 57 22 gator
308 192 36 19 där
366 193 23 18 de
412 193 82 24 utbjuda
516 193 100 24 blommor,
637 193 104 24 tidningar,
756 192 167 24 hemslöjdsalster
938 193 47 18 eller

229 221 105 19 allehanda
355 221 41 19 små
418 222 119 19 kramvaror.
567 221 40 19 Det
626 221 163 24 kringstrykande
804 221 29 26 lif,
849 226 41 14 som
905 221 80 19 härmed

229 252 23 17 är
266 249 97 24 förenadt,
379 250 33 19 det
427 250 65 24 dåliga
507 250 85 24 sällskap
608 249 31 21 för
654 250 73 19 hvilket
742 250 74 19 barnen
831 250 98 19 härunder
944 249 41 20 ofta

229 278 62 19 blifva
313 280 80 22 utsatta,
416 279 38 18 den
476 278 89 20 frestelse
581 279 30 19 till
627 279 102 19 allehanda
745 278 100 24 sjelfsvåld
860 284 41 13 som
916 279 69 18 härvid

230 306 42 20 ofta
286 309 63 17 möter
364 307 43 19 dem.
422 309 47 17 utan
484 309 30 17 att
528 307 63 24 någon
606 307 98 19 varnande
719 309 42 17 röst
775 306 119 24 förnimmes,
911 318 24 2 —
951 307 35 19 allt

230 336 55 19 detta
308 335 115 19 framkallar
444 336 36 18 hos
502 335 70 25 många
595 336 22 19 af
638 336 57 19 dessa
709 335 48 19 barn
773 336 49 23 lätja
837 336 36 18 och
888 338 98 21 vanarter,

230 364 82 19 ledande
328 364 30 18 till
374 364 71 24 sedligt
460 364 72 20 förfall.

276 413 3 2 .
299 392 146 25 Filantropiska
468 392 113 24 föreningar
603 393 6 18 i
633 393 62 19 denna
718 393 43 19 stad
777 395 51 17 samt
842 392 144 20 folkskolornas

231 421 64 19 lärare
318 422 37 18 och
369 422 117 23 lärarinnor,
502 421 26 24 på
541 422 76 18 hvilkas
632 422 109 18 kännedom
756 427 31 13 om
802 421 114 19 förenämda
930 422 55 18 miss-

230 449 136 20 förhållanden
388 450 34 24 jag
444 450 38 19 kan
505 450 35 19 lita
561 450 44 19 med
620 452 63 17 större
699 450 91 19 säkerhet
805 452 24 17 än
844 450 25 24 på
884 450 39 19 min
939 456 47 17 egen

230 478 75 19 inblick
327 478 6 19 i
356 479 66 23 saken,
446 478 58 20 hafva
519 479 43 19 med
577 479 112 24 bekymmer
704 479 92 23 iakttagit
810 479 129 19 omförmälda
953 479 32 18 be-

231 507 143 24 klagansvärda
396 508 72 23 följder
490 507 22 20 af
530 508 37 18 den
582 507 44 20 utaf
640 508 131 23 minderåriga
786 507 91 19 bedrifna
891 508 95 23 gatuhan-

232 536 45 18 deln
293 536 36 19 och
344 536 57 19 äfven
417 536 44 19 sökt
476 536 135 20 åstadkomma
626 536 91 24 åtgärder
732 536 30 19 till
777 536 44 19 dess
835 536 151 19 inskränkande.

232 564 29 19 På
283 564 85 19 initiativ
390 564 22 19 af
433 565 74 19 lärare-
529 565 37 18 och
588 564 213 24 lärarinneföreningen
819 565 117 18 utverkades
952 565 35 18 hos

232 593 131 24 polismakten
386 595 28 17 ett
437 593 22 19 år
483 593 53 20 1893
560 593 102 19 utfärdadt
684 593 71 19 förbud
769 596 41 16 mot
825 593 126 20 användande
967 593 21 19 af

232 621 132 24 minderåriga
386 622 30 19 till
440 622 115 24 försäljning
569 622 23 19 af
606 623 75 18 diverse
697 622 82 19 artiklar
795 622 12 19 å
821 625 43 21 torg
879 622 37 19 och
931 624 56 22 gator

232 650 71 19 mellan
318 650 85 19 klockan
420 651 11 19 8
447 651 25 24 på
487 651 80 19 aftonen
582 651 37 19 och
633 651 84 19 klockan
733 651 11 18 6
755 651 26 24 på
791 656 111 19 morgonen.
918 651 68 23 Någon

232 679 66 19 vidare
314 679 141 24 inskränkning
470 680 48 19 eller
533 680 161 23 reglementering
705 679 117 20 härutinnan
833 680 56 19 torde
899 679 44 20 icke
953 685 34 13 an-

232 709 48 17 setts
296 708 66 24 möjlig
377 710 48 17 utan
440 711 30 16 att
484 709 77 18 komma
575 708 6 19 i
597 709 50 18 strid
661 709 44 18 med
720 708 143 24 näringslagen.

303 736 39 19 För
357 737 39 18 min
412 737 30 18 del
458 743 58 14 anser
529 737 33 24 jag
578 737 34 19 det
627 737 112 24 visserligen
750 737 132 24 tvifvelaktigt
892 737 96 18 huruvida

232 765 144 24 näringslagen,
400 765 25 19 då
447 765 36 20 den
506 766 79 23 medger
606 766 122 23 obegränsad
743 765 60 20 frihet
817 766 30 18 till
863 764 124 25 sjelfförsörj-

232 793 47 24 ning
302 799 68 18 genom
392 793 149 25 yrkesutöfning
566 796 60 23 ,utan
647 797 59 16 annat
721 794 144 19 arbetsbiträde
879 797 25 16 än
919 794 69 19 hustru

232 822 37 19 och
284 823 104 24 omyndiga
404 823 69 23 barn*,
489 823 81 19 härmed
585 823 54 19 afser
653 823 94 24 rättighet
762 822 31 20 för
807 823 99 19 föräldrar
916 825 29 17 att
955 823 33 18 be-

232 856 64 18 gagna
311 851 29 23 sig
356 851 21 19 af
391 851 83 19 barnens
490 851 144 19 arbetsbiträde
649 851 26 24 pä
690 851 71 19 sädant
775 853 46 22 sätt,
837 854 29 16 att
881 852 57 18 dessa
954 857 34 13 un-

233 879 35 19 der
284 880 62 18 större
362 880 56 19 delen
434 880 22 19 af
470 880 72 24 dygnet
557 879 97 25 aflägsnas
671 880 43 19 från
729 880 84 18 hemmet
828 880 37 19 och
879 880 44 19 icke
939 880 48 18 blott

233 908 73 18 lemnas
330 910 46 17 utan
400 908 26 19 all
449 908 65 24 tillsyn
530 908 21 19 af
565 909 62 19 andra
641 908 54 20 äldre
710 914 99 18 personer.
839 909 46 18 Men
899 909 34 24 jag
948 912 41 15 tror

234 936 50 19 dock
307 937 18 23 ej
341 939 29 17 att
385 942 44 14 man
444 937 7 18 i
467 937 134 24 tolkningsväg
617 938 38 18 kan
671 938 76 18 komma
762 937 30 19 till
807 937 34 19 det
855 938 88 22 resultat,
960 940 29 16 att

233 965 73 23 nödiga
320 966 113 23 preventiva
449 966 47 18 eller
510 966 145 19 inskränkande
671 965 123 19 föreskrifter
803 966 30 18 till
844 965 144 25 förebyggande

232 993 22 19 af
276 993 150 25 ifrågavarande
446 994 182 20 missförhållanden
644 994 61 19 skulle
721 995 66 18 kunna
801 994 22 20 af
837 994 151 20 administratio-

233 1028 37 13 nen
286 1022 89 20 utfärdas
391 1025 47 17 utan
453 1025 29 17 att
497 1023 57 19 träda
569 1024 137 23 näringslagen
721 1023 31 19 för
766 1025 42 17 när.

303 1052 37 18 Vid
356 1051 152 24 öfvervägandet
523 1052 21 18 af
559 1052 63 18 denna
637 1052 65 24 frågas
718 1052 53 18 olika
786 1052 58 23 sidor,
855 1052 38 18 kan
904 1057 43 13 man
958 1052 31 18 för

233 1079 67 25 öfrigt,
316 1080 44 19 icke
375 1080 65 24 undgå
456 1083 29 16 att
500 1082 51 17 stöta
566 1080 25 24 på
606 1080 112 24 betänkliga
729 1080 126 24 svårigheter.
880 1080 38 19 Det
927 1080 62 24 gäller

234 1108 12 18 å
269 1114 36 14 ena
328 1108 56 20 sidan
406 1111 30 17 att
458 1108 70 20 hindra
551 1109 101 24 obehörigt
670 1109 138 23 vagabondage
823 1108 21 20 af
858 1108 130 24 minderåriga

233 1142 94 18 personer
350 1137 35 19 och
408 1140 30 16 att
452 1143 68 18 genom
535 1138 79 23 lämplig
629 1138 130 23 begränsning
774 1137 21 19 af
809 1137 179 24 försäljningstiden

233 1168 51 16 samt
298 1165 96 24 paternell
409 1165 66 24 tillsyn
490 1166 7 18 i
512 1166 109 23 möjligaste
635 1166 49 24 grad
699 1166 75 24 skydda
789 1166 24 18 de
826 1171 51 18 unga
887 1168 40 16 mot
937 1166 51 18 sani-

232 1195 45 18 tära
292 1193 37 20 och
344 1194 106 19 moraliska
467 1194 65 19 vådor.
562 1195 47 18 Men
625 1195 12 18 å
651 1195 62 18 andra
725 1195 56 18 sidan
791 1194 61 19 måste
863 1193 125 24 sjelfförsörj-

233 1222 124 24 ningsrätten
372 1223 124 24 respekteras
512 1223 36 19 och
563 1223 43 19 icke
621 1223 74 19 sådana
709 1223 164 23 inskränkningar
884 1223 103 23 anordnas,

233 1253 30 16 att
285 1251 24 18 de
331 1251 71 19 hindra
424 1252 119 23 nödvändigt
565 1251 37 20 och
624 1252 59 23 ärligt
704 1251 76 20 förvärf
794 1251 63 20 såsom
874 1251 70 24 bidrag
960 1251 29 19 till

232 1279 98 24 familjens
345 1280 79 23 knappa
438 1280 56 19 bröd.

303 1308 31 19 Då
350 1308 32 19 det
398 1314 46 13 vore
459 1314 39 18 nog
514 1309 97 24 vanskligt
625 1312 30 16 att
669 1315 68 18 genom
751 1309 99 19 allmänna
865 1309 123 23 lagstadgan-

234 1336 38 19 den
294 1337 42 19 lösa
359 1337 63 19 denna
444 1337 56 24 fråga
515 1337 26 24 på
556 1340 28 17 ett
599 1338 140 24 erforderligen
754 1337 118 24 detaljeradt
887 1339 45 21 sätt,
947 1339 41 16 sär-

234 1365 54 19 deles
307 1365 7 19 i
330 1365 79 24 frågans
424 1366 113 19 nuvarande
552 1367 59 18 skede
627 1367 58 18 innan
700 1366 63 24 någon
779 1366 161 23 reglementering
956 1371 33 13 ens

233 1393 27 24 på
283 1393 67 20 försök
373 1396 52 17 ännu
444 1395 52 18 varit
511 1395 106 24 tillämpad,
633 1395 37 19 och
685 1395 25 18 då
726 1394 92 25 åtgärder
832 1394 31 19 för
878 1394 112 19 ändamålet

234 1422 108 19 tillsvidare
358 1423 69 19 endast
442 1423 6 18 i
464 1426 28 17 ett
507 1423 48 20 fåtal
571 1426 62 23 större
649 1424 66 19 städer
729 1424 56 18 torde
800 1423 50 19 visat
865 1423 28 24 sig
904 1423 85 19 nödvän-
