1056 1736
232 138 26 21 14
393 138 273 23 Petitionsbetänkande
680 138 42 23 N:o
739 138 21 22 2.

199 194 205 28 läggningskostnad
423 196 32 21 för
478 196 94 22 bibanan
584 196 31 22 af
632 196 94 28 883,000
742 195 65 27 mark,
827 194 80 22 återstå
925 201 35 15 en-

200 230 50 21 dast
265 230 66 28 några
351 230 123 22 tiotaltusen
491 231 61 21 mark
568 233 32 19 att
614 230 59 28 fylla.
696 230 117 26 Företaget
821 229 77 21 blefve
912 229 49 21 här-

200 264 84 27 igenom
301 264 77 22 försatt
393 265 6 21 i
415 265 36 22 det
465 272 140 20 gynnsamma
624 266 55 27 läge,
698 267 34 19 att
752 264 77 22 endast
844 270 25 15 en
884 265 77 26 ytterst

201 297 63 27 ringa
279 298 96 21 'annuitet
391 298 13 21 å
419 298 247 27 anläggningskapitalet
681 298 93 22 behöfde
788 297 113 26 beräknas,
912 303 48 15 men

200 331 147 22 inkomsterna
370 332 48 21 från
435 332 92 22 trafiken
548 335 76 19 nästan
645 332 136 22 uteslutande
796 331 71 22 kunde
881 333 78 20 använ-

201 367 38 20 das
254 367 33 20 till'
303 367 132 21 betäckande
450 367 23 22 af
487 367 313 27 exploatationskostnaderna.

270 400 10 21 I
296 401 41 21 den
361 401 141 28 förhoppning
526 403 32 20 att
582 407 25 16 en
630 401 124 27 rundligare
769 400 128 22 subvention
912 399 46 22 från

201 435 140 22 statsverkets
359 436 46 21 sida
420 435 34 22 för
469 443 25 14 en
511 436 71 27 privat
598 436 54 21 bana
668 436 33 21 till
716 435 122 22 Brahestad
848 435 54 21 skall
913 435 46 21 der-

200 469 73 22 städes
287 469 118 23 "framkalla
425 471 179 26 ansträngningar
622 471 34 21 för
675 471 118 26 företagets
808 469 150 26 realiserande,

199 504 41 21 och
256 505 32 20 att
303 505 48 20 med
365 505 128 27 jernvägens
513 505 151 22 fullbordande
684 511 27 16 en
730 506 72 20 större
817 503 121 28 lifaktighet
953 504 6 20 i

200 541 74 19 ortens
297 539 201 22 affärsverksamhet
522 540 56 21 skall
600 540 84 27 uppstä,
700 539 34 22 fär
749 538 211 27 Jernvägsutskottet

200 573 109 21 vördsamt
331 573 86 28 föreslä,
441 577 31 18 att
494 574 122 21 Ständerna
638 574 51 21 ville
709 574 40 21 hos
766 573 58 21 Hans
840 572 119 27 Kejserliga

199 606 102 28 Majestät
316 608 96 21 anhälla:

406 679 33 19 att
454 678 37 27 för
506 678 42 20 den
564 678 103 20 händelse
683 678 80 20 staden
774 676 129 27 Brahestad,
914 676 43 21 nä-

336 718 45 20 gon
400 712 86 20 enskild
501 718 85 21 person
604 712 53 20 eller
674 713 29 19 ett
716 711 79 28 privat
811 710 62 28 bolag
889 710 70 21 erhäl-

339 746 31 20 ler
385 746 129 21 koncession
530 746 15 20 &
561 746 111 27 byggande
680 746 29 27 af
717 752 28 14 en
756 744 137 28 smalspårig
895 744 63 28 jern-

337 780 42 27 väg
397 780 55 28 frän
471 780 75 28 Lappi
565 780 85 21 station
668 780 38 21 vid
731 779 120 28 Uleäborgs
865 779 94 27 jernväg

340 814 35 21 till
394 814 124 22 Brahestad
538 814 39 22 och
596 814 48 22 dess
664 814 77 27 hamn,
762 815 30 20 ett
807 813 81 21 sädant
902 813 57 27 före-

339 850 36 25 tag
393 848 68 21 mätte
479 856 30 13 ur
528 849 25 20 de
568 848 30 28 af
610 848 130 21 Ständerna
755 848 38 27 för
808 848 71 27 dylikt
895 847 64 21 ända-

339 883 46 21 mäl
393 883 109 28 anslagna
512 883 68 21 medel
588 882 184 22 subventioneras
781 882 49 21 med
837 888 27 14 en
872 887 88 15 summa

338 917 29 28 af
378 918 108 26 400,000
500 917 72 21 mark.

379 1128 273 34 Kovjoki—Nykarleby
667 1129 115 33 jernväg.

437 1198 150 27 Borgarest.
603 1210 27 2 —
645 1198 39 20 N:o
704 1198 18 20 1.

267 1293 11 22 I
293 1295 31 20 ett
339 1294 23 21 af
375 1295 175 26 representanten
566 1294 32 21 för
612 1294 125 27 Nykarleby
750 1293 50 22 stad
811 1293 33 21 till
857 1293 104 26 Borgare-

197 1328 87 21 ståndet
298 1328 119 22 inlemnadt
432 1329 212 27 petitionsmemoria!
660 1329 108 26 anhälles,
789 1329 32 20 att
841 1333 26 15 en
883 1327 78 22 bibana

197 1361 24 22 af
241 1363 30 21 60
285 1369 31 15 cm
339 1363 102 27 spärvidd
462 1363 70 22 blefve
555 1363 34 22 för
611 1363 144 22 statsverkets
779 1361 92 27 räkning
890 1361 70 28 byggd

195 1397 48 21 frän
259 1397 92 27 Kovjoki
368 1397 79 22 station
462 1397 36 22 vid
513 1397 189 27 Uleäborgsbanan
720 1397 35 22 till
771 1395 127 29 Nykarleby
913 1395 48 22 stad

197 1431 40 21 och
253 1431 48 21 dess
315 1433 58 26 yttre
387 1431 64 21 hamn
466 1432 48 21 med
531 1431 23 22 af
567 1431 121 22 Ständerna
710 1431 76 22 dertill
802 1430 101 22 anvisade
918 1435 43 16 me-

265 1482 180 24 Jernvägsutskottets
459 1483 110 18 betänkande
582 1482 38 18 N:o
631 1483 18 17 2.
