1073 1745
691 455 71 22 Bilaga
774 455 28 18 II.

167 525 48 18 Till
230 527 210 22 representanten
455 525 40 18 för
510 525 90 18 Masku
616 525 116 24 domsaga
748 525 72 18 Herr

224 553 253 24 Landtdagsmannen
493 553 123 18 Zefanias
632 553 128 19 Suutarla.

184 609 32 20 Dä
231 611 191 23 jordlägenheterna
437 611 32 18 uti
485 611 46 18 värt
543 611 49 18 land
604 611 64 18 under
679 611 61 23 länge
752 611 63 18 sedan
830 611 42 18 för-

116 639 81 24 gängna
214 639 52 18 tider
284 639 80 24 pälades
376 639 133 24 beskattning
520 639 8 18 i
541 639 90 24 enlighet
643 639 46 18 med
701 639 115 19 dävarande
830 639 42 18 för-

116 668 99 23 hållande,
233 674 36 12 var
287 668 99 24 naturligt
403 670 30 17 att
451 669 146 22 lägenheterna
609 669 35 17 vid
656 669 79 18 landets
748 669 71 18 kuster
834 668 38 18 och

116 700 35 15 öar
169 697 65 18 skulle
246 703 58 12 anses
318 700 37 21 äga
368 699 55 16 stora
441 697 90 18 fördelar
549 697 87 18 framför
653 697 119 23 lägenheter
790 697 31 18 uti
838 697 34 18 det

116 726 58 17 indre
191 725 73 19 landet.
289 725 26 19 Så
333 732 49 12 voro
400 726 25 18 de
439 725 105 24 naturliga
555 725 206 24 kommunikationer,
774 731 46 13 som
833 725 40 23 sjö-

118 761 48 12 arna
184 755 87 24 erbjödo,
290 757 29 16 ett
336 755 64 18 medel
417 754 32 18 för
467 755 40 18 den
524 755 38 17 här
580 755 80 18 bosatta
678 754 148 23 befolkningen
841 754 32 18 till

118 786 64 16 större
194 784 84 22 förvärf,
291 790 25 11 en
328 789 69 18 sporre
409 783 32 18 till
454 785 29 16 ett
495 789 55 12 mera
559 783 85 24 vidgadt
654 783 68 18 arbete
730 783 26 24 på
766 783 54 18 olika
828 789 42 12 om-

117 812 67 19 råden.
212 812 281 19 Kommunikationsrörelsen
513 811 81 19 bedrefs
613 812 23 17 af
654 811 153 24 skärgårdsbon
826 811 46 18 med

117 841 51 18 hans
188 847 50 18 egna
256 843 65 16 större
339 841 47 18 eller
403 841 79 18 mindre
500 841 108 22 farkoster,
627 841 37 18 och
682 841 143 22 ersättningen
840 840 33 17 för

116 870 52 17 hans
187 869 67 19 arbete
272 875 36 13 var
327 869 43 18 ofta
387 869 66 23 riklig.
477 869 104 23 Sjöfarten
598 869 42 17 dels
658 869 59 23 längs
736 869 100 17 kusterna
851 868 23 18 af

118 900 44 22 eget
180 898 53 22 land,
252 898 42 18 dels
306 898 32 18 till
349 898 76 18 utrikes
439 900 36 20 ort,
488 898 45 18 blef
544 904 25 12 en
581 898 23 18 af
615 898 24 18 de
652 898 114 18 förnämsta
780 897 93 23 närings-

118 932 72 18 grenar
208 926 32 18 för
260 926 66 18 denna
338 926 123 24 befolkning.
486 926 49 24 Sjön
547 927 93 18 lemnade
653 926 62 19 äfven
728 926 54 18 olika
795 926 45 23 slag
852 924 23 19 af

118 955 38 18 fisk
168 954 82 19 utöfver
261 954 107 24 husbehof,
381 955 38 18 och
431 955 56 18 detta
499 954 115 19 öfverskott
626 955 68 18 kunde
702 955 64 18 sedan
774 954 38 18 hos
823 960 50 17 upp-

117 984 99 18 landsbon
234 984 82 24 utbytas
338 986 42 16 mot
397 983 36 24 råg
454 984 38 18 och
510 984 65 18 andra
591 984 228 23 jordbruksprodukter,
839 982 35 18 det

118 1012 101 24 egentliga
235 1012 120 24 jordbruket
371 1012 43 18 blef
430 1012 86 18 sålunda
534 1012 33 18 för
584 1012 151 24 skärgårdsbon
750 1017 84 13 snarare
847 1016 25 13 en

118 1037 99 41 binäring.
241 1041 31 18 De
287 1041 137 24 jordstycken,
437 1047 44 12 som
499 1041 69 19 kunde
586 1041 62 23 odlas,
666 1047 50 12 voro
735 1040 44 19 ofta
791 1040 83 24 spridda

118 1069 25 24 på
161 1073 35 14 öar
208 1070 38 18 och
258 1070 23 17 af
291 1070 152 23 impedimenter
456 1070 144 18 sönderdelade
613 1070 7 17 i
632 1069 47 33 små
688 1069 43 24 fält,
744 1069 79 19 hvilket
836 1068 36 18 allt

117 1098 73 24 bidrog
202 1100 30 16 att
241 1098 121 24 jordbruket
374 1098 79 18 mindre
464 1098 116 19 beaktades.

186 1126 150 24 Befolkningen
351 1128 31 17 uti
396 1128 34 17 det
441 1127 58 18 indre
511 1127 24 18 af
546 1127 111 19 fastlandet
669 1133 37 13 var
718 1127 93 18 däremot
824 1126 50 18 hän-

116 1155 59 18 visad
187 1155 179 24 hufvudsakligast
378 1156 31 18 till
419 1156 126 24 jordbruket,
558 1162 44 12 som
615 1156 50 18 dock
678 1156 62 18 äfven
753 1156 37 17 där
804 1154 35 19 led
852 1154 24 18 af

118 1186 55 16 stora
192 1184 72 18 brister
282 1184 37 18 och
337 1185 76 18 sköttes
431 1185 31 17 uti
479 1185 51 18 liten
548 1185 62 18 skala.
635 1181 81 25 Ödsliga
731 1184 89 18 tundror
834 1182 38 19 och

117 1212 120 18 frostömma
248 1213 52 23 kärr,
313 1214 85 22 marker,
411 1213 43 18 ofta
466 1213 131 23 vidsträckta,
610 1212 45 24 lågo
669 1212 103 19 obrukade
785 1212 38 18 och
837 1217 35 12 an-

119 1240 59 24 sågos
196 1242 110 18 värdelösa.
330 1242 230 18 Kommunikationerna
578 1248 50 12 voro
641 1241 71 24 dåliga,
726 1240 146 23 omsättnings-

118 1272 82 16 orterna
216 1270 57 24 långt
292 1270 90 24 aflägsna
400 1271 37 17 och
455 1270 8 18 i
474 1270 52 24 följd
538 1270 60 18 däraf
609 1271 67 17 denna
687 1269 134 23 befolknings
834 1268 41 18 för-

118 1298 149 24 värfsförmåga
284 1298 58 24 långt
360 1305 54 12 mera
431 1299 115 23 inskränkt,
564 1301 52 16 samt
635 1300 45 17 dess
698 1298 132 19 ekonomiska
842 1297 34 17 be-

119 1325 82 19 stånd
193 1321 14 34 i
218 1327 41 23 hög
282 1327 50 23 grad
352 1331 64 14 sämre
435 1331 26 14 än
483 1327 166 24 skärgårdsbons.
683 1326 54 19 Från
755 1326 59 18 ålder
838 1325 38 18 har

118 1355 98 18 mantalet
233 1355 92 24 utgjordt
342 1356 67 23 grund
426 1355 33 19 för
471 1356 211 23 jordbeskattningen.
707 1355 124 18 Grunderna
843 1353 33 18 för

118 1384 181 23 mantalssättning
310 1389 61 19 synes
384 1385 7 17 i
403 1385 66 18 äldsta
480 1385 53 18 tider
546 1385 67 18 berott
625 1384 23 18 af
659 1386 29 16 ett
701 1383 53 19 visst
764 1382 112 25 persontal,

118 1418 44 12 som
183 1413 65 17 skulle
270 1413 70 18 kunna
358 1413 75 18 lifnära
451 1413 32 24 sig
501 1413 63 18 däraf.
595 1413 89 18 Sednare
701 1413 126 18 bestämmes
846 1412 30 16 att

118 1441 199 24 mantalsberäkning
335 1441 52 18 skall
404 1442 80 23 grunda
500 1442 31 23 sig
547 1441 26 24 på
589 1441 43 19 viss
642 1441 108 24 jordareal,
764 1439 55 18 dock
830 1439 46 18 med

118 1469 42 18 fäst
179 1469 95 19 afseende
291 1469 12 18 &
318 1470 56 18 vissa
386 1470 178 23 omständigheter.
589 1470 100 23 Slutligen
702 1469 83 23 stadgar
797 1467 79 24 Kejser-

118 1497 41 24 liga
176 1497 141 24 Reglementet
333 1498 23 18 af
375 1499 38 18 den
428 1499 22 18 15
462 1499 41 23 maj
516 1499 46 18 1848
575 1501 9 20 $
602 1499 33 18 139
648 1500 30 16 att
692 1498 22 18 af
724 1498 95 18 skattbar
828 1496 49 23 jord
