1075 1750
206 174 13 20 2
388 174 278 22 Petitionsbetänkande
683 174 45 22 N:o
743 174 38 22 29.

282 245 190 28 Borgareståndet
488 245 46 22 han
549 245 103 29 godkänt
667 245 161 22 betänkandet.

280 281 164 22 Bondeständet
468 281 41 22 har
532 281 70 22 fattat
618 289 86 14 samma
719 281 75 22 beslut
810 288 48 14 som
874 281 89 21 Preste-

207 316 97 21 ståndet.

278 353 37 21 Då
331 353 86 21 således
433 353 43 21 den
492 353 175 28 ifrågavarande
683 353 161 22 slutklämmen
860 353 26 21 af
894 355 68 19 samt-

206 387 47 30 liga
269 388 72 22 Stånd
357 389 9 20 i
381 389 131 21 hufvudsak
524 389 121 29 godkänts,
657 397 50 14 men
719 389 88 22 Preste-
819 389 43 22 och
872 389 89 22 Bonde-

207 424 96 21 stånden
326 425 68 21 därur
408 425 106 21 uteslutit
530 425 64 22 ordet
612 425 150 29 ,eventuelt*,
779 425 41 22 har
835 425 125 27 Utskottet,

206 460 111 21 anseende
341 463 35 18 att
399 461 82 21 nämda
501 461 134 28 förändring
650 461 49 21 icke
716 461 124 28 väsentligt
856 460 106 22 invärkar

203 497 30 27 på
244 495 137 29 petitionens
395 496 67 29 syfte,
474 496 35 21 för
520 497 113 21 vinnande
645 497 28 21 af
680 497 209 29 ständerpluralitet
900 497 63 22 velat

206 531 121 22 hemställa
343 532 39 21 det
397 533 166 28 Ridderskapet
579 533 43 21 och
637 533 76 22 Adeln
728 537 60 18 samt
798 533 163 28 Borgarestån-

207 567 38 22 det
268 568 51 22 med
343 568 140 30 frångående
504 569 26 21 af
550 569 49 21 sina
622 569 98 29 tidigare
736 568 7 22 i
760 569 93 22 ärendet
874 569 87 21 fattade

205 603 76 22 beslut
303 604 54 22 ville
374 604 7 22 i
398 605 73 21 likhet
487 605 50 21 med
553 606 88 20 Preste-
658 606 43 20 och
716 605 177 22 Bondestånden
910 604 51 22 från

204 638 168 24 betänkandets
388 641 70 21 andra
476 641 107 22 slutkläm
594 641 128 22 bortlämna
733 641 65 21 ordet
810 640 150 29 ,eventuelt*.

206 675 121 22 Utskottet
342 676 36 21 fär
393 676 77 22 därför
484 677 117 21 vördsamt
616 677 83 21 föreslä
715 679 35 19 att
765 676 127 22 Ständerna
907 675 54 22 ville

206 710 80 23 förena
301 711 36 29 sig
353 719 36 14 om
406 720 27 14 en
449 713 142 28 underdänig
606 712 97 29 petition
720 713 78 21 därom

491 781 32 20 att
545 778 137 29 Regeringen
702 780 38 21 vid
755 779 205 26 reorganisationen

422 816 28 26 af
462 815 159 22 läkarevärden
634 815 32 27 pä
677 816 74 21 landet
761 814 67 23 måtte
837 815 62 26 fästa
910 816 48 19 sär-

420 851 58 22 skild
498 851 199 27 uppmärksamhet
715 851 38 22 vid
776 850 119 27 Uleåborgs
911 851 50 20 läns

420 888 8 20 i
443 887 58 21 detta
516 887 101 27 afseende
632 888 55 21 mest
703 887 125 22 vanlottade
844 887 61 20 delar
916 886 43 26 och,

420 923 70 20 innan
514 923 42 21 den
581 923 110 26 definitiva
714 923 138 26 regleringen
875 928 85 21 genom-

418 959 66 26 föres,
508 959 89 26 vidtaga
621 959 104 26 behöfliga
752 957 209 28 interimsätgärder

417 995 39 26 för
474 993 172 28 tillgodoseendet
665 995 29 26 af
707 995 65 21 dessa
788 994 97 21 trakters
899 993 62 26 behof

420 1031 29 26 af
462 1029 138 23 lärkaevård.

275 1093 149 29 Helsingfors,
453 1094 122 22 Allmänna
603 1094 230 28 petitionsutskottet,
862 1093 43 21 den
932 1093 27 21 17

204 1128 45 29 maj
269 1130 64 21 1897.

312 1510 110 18 Helsingfors,
431 1510 102 17 Osakeyhtiö
544 1511 59 14 Weilin
614 1510 13 15 &
636 1511 44 14 Göös
691 1510 112 18 Aktiebola'g,
813 1510 36 14 1897
