1073 1753
197 205 87 26 utvidga
302 205 158 20 kommunernas
475 208 41 17 rätt
532 206 32 19 till
579 205 136 26 själfstyrelse
731 205 59 20 äfven
806 205 46 20 med
868 205 81 26 hänsyn

197 235 32 20 till
251 235 56 25 sjuk-
324 235 38 20 oeh
377 235 142 26 hälsovården,
535 235 7 20 i
558 237 23 18 så
596 237 51 18 mått
663 238 30 17 att
705 235 79 26 jämväl
800 235 150 26 bekämpandet

197 265 24 20 af
233 265 27 20 de
283 265 146 20 smittosamma
453 263 146 28 sjukdomarna
623 265 69 20 tillhör
707 266 147 19 kommunerna
870 265 37 20 och
923 265 25 20 de

198 295 129 20 kommunala
337 295 177 26 myndigheterna,
522 295 83 20 hvilkas
615 295 124 26 åligganden
750 295 197 26 provincialläkaren

198 325 74 20 endast
287 328 23 17 är
325 325 84 26 skyldig
425 328 30 17 att
471 325 111 20 öfvervaka
597 325 39 20 och
652 325 45 20 leda
713 325 46 20 med
775 325 45 20 sina
835 325 43 25 råd,
889 326 23 19 så
922 326 27 18 nå

198 354 20 20 vi
235 354 68 26 aldrig
322 355 67 25 målet,
405 355 63 19 innan
484 355 6 19 i
506 355 71 25 hvarje
593 355 95 19 kommun
705 354 66 20 finnes
786 354 122 20 åtminstone
924 361 24 13 en

198 384 61 20 öfvad
281 384 161 26 sjuksköterska,
459 385 61 19 hvars
536 384 56 26 hjälp
611 384 126 20 kommunal-
753 384 50 20 eller
818 384 129 20 hälsovårds-

198 414 102 20 nämnden
319 414 39 20 kan
383 415 38 19 och
435 414 32 20 får
482 417 49 23 taga
547 415 6 19 i
569 414 90 26 anspråk
675 414 31 20 för
721 414 115 20 utrönande
852 414 20 20 af
887 414 61 19 huru-

198 444 48 20 vida
270 450 25 13 en
318 444 131 26 misstänklig
471 444 94 26 sjukdom
589 444 50 20 eller
655 447 30 17 ett
699 444 94 26 plötsligt
808 443 141 27 sjukdomsfall

198 477 23 16 är
245 474 23 20 af
288 474 112 20 smittosam
423 478 61 16 natur
506 474 49 20 eller
571 474 24 25 ej.
626 474 49 20 Med
689 474 88 26 tillhjelp
792 474 23 20 af
828 480 24 14 en
869 474 79 20 erfaren

198 504 157 24 sjuksköterska
374 504 69 20 kunde
459 504 101 25 nämligen
577 504 235 20 helsovärdsnämndens
827 503 122 21 'ordförande

199 536 60 17 snart
275 534 61 25 sagdt
350 536 51 18 utan
415 534 107 26 undantag
537 533 23 20 få
576 535 62 25 något
653 535 24 19 sä
692 537 38 17 när
745 534 119 25 tillförlitlig:
879 533 69 20 utred-

198 564 51 25 ning
273 570 32 13 om
325 564 137 20 förekomsten
483 564 22 20 af
524 564 115 26 epidemier.
671 564 43 20 Och
730 564 94 20 sålunda:
832 559 56 35 finge
903 570 45 19 pro-

198 593 161 21 vincialläkaren
383 594 63 20 redan
470 594 6 19 i
498 594 41 25 god
559 594 32 19 tid
610 594 95 26 kunskap
723 600 31 13 om
771 594 34 19 det:
821 593 64 20 första
899 593 50 20 eller

198 623 123 20 åtminstone
345 624 26 20 de
392 624 65 20 första
472 624 173 25 sjukdomsfallen,
661 624 80 20 hvilket:
757 624 61 20 också
834 626 60 23 utgör
909 623 39 20 den

198 653 53 20 enda
268 653 130 26 möjligheten
415 654 31 19 för
462 657 30 16 att
507 654 126 25 åtgärderna
646 657 41 22 mot
699 653 131 26 sjukdomens
840 653 109 26 spridning
963 659 2 2 '

198 683 59 20 skola
272 683 61 20 hafva
349 683 82 26 åsyftad
447 684 83 19 verkan.
562 685 48 18 Men
627 691 31 12 om
674 683 220 20 hälsovårdsnämdens
903 683 45 20 ord-

198 712 87 20 förande
300 713 17 25 ej
334 714 41 19 kan
391 713 7 19 i
413 714 41 25 god
470 713 29 20 tid
510 714 67 19 lemna
588 713 77 20 sådana
676 713 110 26 uppgifter,
795 716 23 16 är
828 712 120 27 provincial-

197 742 86 20 läkaren
305 743 48 26 föga
375 743 80 25 betjent
473 743 46 20 med
534 746 31 17 att
581 744 12 18 &
609 743 30 20 sin
657 743 120 20 stationsort
792 743 61 19 hafva
870 743 32 25 sig
917 742 31 20 till

198 772 82 20 biträde
295 779 25 13 en
336 773 162 25 sjuksköterska.
530 773 44 20 Och
590 773 91 25 omöjligt
697 776 23 16 är
736 773 35 19 det
787 773 59 19 äfven
862 772 31 20 för
904 779 44 19 pro-

198 802 179 20 vincialläkaren
366 798 12 35 i
393 805 30 17 ett
439 806 51 17 stort
506 803 84 19 distrikt
605 806 31 16 att
652 802 129 26 personligen
798 802 62 20 hinna
876 802 72 20 under-

200 832 50 20 söka
273 839 32 13 om
328 833 40 19 alla
392 833 63 19 akuta
478 833 38 19 och
539 832 46 20 med
607 832 58 20 feber
687 832 100 26 börjande
802 832 146 26 sjukdomsfall,

200 869 43 13 som
260 863 67 25 någon
343 862 23 20 af
379 869 25 13 en
420 863 49 19 eller
483 870 67 12 annan
562 862 112 26 anledning
682 865 44 17 tror
736 869 51 13 vara
797 862 151 24 smittosamma,

199 892 6 18 1
221 892 143 25 verkligheten
381 895 34 17 äro
431 892 35 20 det
481 892 49 20 eller
546 892 24 25 ej.

272 922 29 19 På
323 922 68 25 grund
412 922 23 20 af
451 922 37 20 allt
504 922 55 20 hvad
575 922 34 25 jag
630 922 60 20 ofvan
706 922 112 20 frambållit
833 922 38 19 och
887 922 6 18 i
909 921 39 20 för-

199 951 52 20 litan
272 951 70 26 därpå,
358 954 31 18 att
404 952 103 25 vällofliga
521 952 176 25 Borgareståndet
712 951 46 20 med
774 951 84 26 upplyst
874 951 30 19 nit
914 951 35 20 vill

200 981 134 26 understödja
355 982 128 19 anställande
498 981 24 20 af
534 981 167 26 sjuksköterskor
716 982 7 19 i
739 981 210 25 landskommunerna,

201 1011 37 19 har
255 1011 37 25 jag
312 1014 49 17 äran
383 1011 81 20 anhålla
479 1018 32 13 om
527 1011 94 20 ståndets
637 1011 124 20 medverkan
778 1011 30 19 till
824 1018 25 12 en
865 1010 84 26 petition

201 1040 70 20 derom

486 1102 30 17 att
531 1101 58 19 Hans
605 1101 110 24 Kejserliga
731 1100 93 23 Majestät
840 1100 70 19 täcktes
925 1106 25 13 ur

416 1131 101 18 allmänna
536 1130 60 19 medel
611 1130 70 24 bevilja
690 1128 40 28 för
745 1135 22 14 en
783 1129 29 20 tid
828 1129 25 24 af
867 1130 13 19 5
895 1129 51 23 eller,

389 1166 4 4 +
415 1160 26 19 då
462 1160 186 25 omständigheterna
671 1159 70 20 sådant
760 1159 91 25 påkalla,
872 1157 35 27 för
922 1159 27 19 10

415 1189 24 20 år
454 1191 26 18 ett
494 1190 63 25 ärligt
573 1188 170 26 aflöningsbidrag
754 1189 25 23 af
787 1189 119 19 200—400
917 1189 32 19 mk

415 1219 21 19 åt
451 1219 21 20 de
486 1219 168 20 landskommuner
665 1219 46 20 eller
720 1217 151 28 församlingar,
882 1218 67 20 hvilka

415 1249 72 20 besluta
504 1251 30 17 att
549 1249 66 24 aflöna
630 1255 23 14 en
663 1249 68 23 första
747 1248 141 20 ambulatorisk
897 1248 51 24 sjuk-

415 1279 98 19 sköterska
528 1279 47 19 eller
590 1279 119 23 diakonissa,
724 1284 41 14 som
771 1278 30 25 på
810 1277 60 25 ofvan
880 1277 69 25 antydt

415 1309 38 19 sätt
476 1308 135 25 tillhandagär
637 1309 128 18 allmänheten
791 1307 41 20 med
850 1307 100 25 sjukvård,

415 1338 82 20 likasom
512 1339 34 19 ock
561 1339 21 18 ät
593 1338 88 20 enskilda
692 1338 47 19 eller
749 1337 121 25 föreningar,
881 1337 67 20 hvilka

414 1374 45 14 vore
481 1368 70 25 villiga
573 1368 34 20 och
627 1367 94 25 förbumde
741 1367 30 25 sig
787 1368 29 19 att
828 1365 40 27 för
887 1367 62 25 någon

415 1398 155 19 landskommuns
592 1398 85 24 räkning
699 1397 62 20 under
783 1398 12 18 5
810 1397 48 19 eller
872 1397 28 19 10
914 1397 34 20 års

416 1427 29 20 tid
467 1428 65 23 aflöna
553 1433 22 14 en
596 1427 62 20 sädan
677 1426 135 27 sjukvärdare,
828 1426 42 19 med
884 1426 64 20 vilkor

414 1457 47 20 dock
471 1457 37 24 för
523 1457 98 25 bidragets
634 1456 113 25 åtnjutande
758 1457 29 19 att
797 1455 151 25 sjukvärdarens
