1073 1748
134 156 186 28 (Öfversättning).

349 215 316 28 Petitionsmemorial.

241 282 115 36 Bondest.
677 286 45 23 N:o
739 286 39 22 60.

287 612 50 20 Till
356 612 166 20 Hedervärda
538 612 198 28 Bondeständet.

209 678 48 20 Man
272 678 37 20 bör
324 678 46 20 med
385 678 127 20 tacksamhet
529 678 92 20 erkänna
636 680 31 18 att
682 678 122 25 regeringen
820 678 67 20 under

138 708 34 20 det
188 708 52 20 sista
255 707 107 21 decenniet
377 708 26 25 pä
419 710 30 17 ett
465 708 105 20 värksamt
586 710 42 18 sätt
641 708 47 20 sökt
699 707 138 20 tillfredställa
849 707 39 20 den

137 738 68 20 finska
227 737 83 20 talande
332 737 159 26 befolkningens
514 738 109 20 skolbehof
641 744 74 19 genom
734 737 118 20 inrättande
867 737 24 20 af

138 774 40 20 nya
202 767 152 26 finskspräkiga
377 767 69 20 skolor
469 768 49 20 eller
541 767 76 20 medels
636 767 127 26 utvidgande
784 767 23 20 af
825 767 63 20 redan

137 797 106 26 befintliga
259 797 82 20 sädana.
371 797 58 20 Dock
445 797 124 20 förekomma
579 800 55 17 ännu
645 797 128 20 vidsträckta
785 797 102 25 omräden,

137 828 85 19 hvarest
237 827 39 20 den
291 827 68 20 finska
374 827 146 26 befolkningen
536 830 24 17 är
575 828 7 19 i
597 827 116 26 trängande
728 827 63 20 behof
804 827 23 20 af
835 834 52 18 egna

136 857 153 26 finskspråkiga
315 857 74 21 skolor.
419 857 12 20 I
453 857 67 20 denna
539 857 98 26 ställning
658 857 91 20 befinner
769 857 32 26 sig
816 857 71 20 ätmin-

137 890 59 17 stone
211 887 102 21 mellersta
329 883 132 24 Österbotten
478 888 49 19 eller
543 894 61 13 norra
619 887 60 20 delen
695 887 22 20 af
729 887 57 20 Vasa
801 887 39 20 län.

209 917 62 20 Detta
291 917 82 20 område
394 917 95 20 omfattar
511 918 28 19 20
559 918 31 19 till
607 917 55 20 Vasa
677 917 34 20 län
727 917 90 20 hörande
833 917 55 20 kom-

137 954 72 13 muner
234 950 52 17 samt
311 947 159 26 Gamlakarleby
497 947 47 20 stad
572 947 47 20 med
649 950 30 17 ett
706 947 182 20 innevänareantal

138 977 66 26 enligt
229 977 55 20 1896
309 978 34 19 års
367 977 116 20 statistiska
505 977 97 20 handbok
623 977 23 20 af
658 977 135 20 tillsammans
809 977 78 25 62,383

137 1013 103 20 personer,
263 1007 62 20 däraf
348 1007 77 26 17,937
447 1007 179 26 svenskatalande,
642 1007 81 25 44,544
738 1007 151 20 finskatalande

138 1039 52 18 samt
207 1038 13 19 2
236 1037 137 26 utlänningar.
405 1037 40 20 Till
462 1037 57 20 detta
535 1037 88 26 område,
639 1037 62 20 hvars
717 1037 103 25 naturliga
835 1037 53 19 skol-

138 1067 46 20 stad
201 1070 24 17 är
233 1067 164 26 Gamlakarleby,
405 1067 70 20 kunde
484 1070 55 17 ännu
548 1067 95 20 hänföras
652 1069 29 18 ett
689 1074 38 19 par
733 1067 156 20 kommuneruti

138 1096 115 27 Uleåborgs
268 1097 39 20 län.
339 1097 41 20 För
390 1094 202 23 tillfredsställandet
602 1097 24 20 af
634 1100 70 17 ortens
715 1096 174 27 svenskspråkiga

138 1127 129 26 befolknings
283 1127 63 20 behof
359 1127 66 20 finnes
440 1127 41 20 alla
496 1127 64 20 redan
575 1127 7 20 i
596 1127 159 25 Gamlakarleby
769 1129 30 17 ett
812 1126 77 20 4-klas-

138 1157 42 26 sigt
196 1157 212 25 elementarlärovärk,
424 1163 46 14 men
481 1157 48 20 dess
540 1160 31 17 tre
582 1158 79 24 gänger
671 1157 98 19 talrikare
779 1156 67 20 finska
856 1157 33 19 be-

138 1187 94 25 folkning
247 1193 49 19 eger
311 1187 62 26 ingen
388 1187 64 25 högre
467 1187 184 25 bildningsanstalt
667 1190 25 16 än
709 1187 121 24 folkskolan,
841 1193 49 13 vare

138 1217 33 25 sig
194 1219 79 18 statens
298 1217 49 20 eller
371 1217 88 20 enskild.
490 1217 121 26 Uleåborgs,
635 1217 56 20 Vasa
714 1217 37 19 och
774 1216 117 26 Jyväskylä

138 1246 68 21 finska
221 1247 68 25 lyceer
305 1249 35 17 äro
357 1251 70 16 ortens
442 1249 104 18 närmaste
562 1247 69 20 skolor
647 1247 38 19 och
701 1246 25 20 de
742 1249 35 17 äro
793 1247 24 18 sä
827 1245 64 26 afläg-

139 1279 32 18 set
190 1277 93 25 belägna,
307 1279 30 17 att
356 1276 35 20 det
406 1276 59 21 faller
481 1277 34 25 sig
531 1278 57 19 svärt
604 1279 31 17 att
651 1276 65 20 sända
731 1276 45 20 sina
792 1276 51 19 barn
858 1275 32 20 till

139 1306 67 26 dessa,
222 1307 139 25 synnerligast
376 1306 31 20 till
423 1307 108 20 skolornas
547 1307 57 25 lägre
619 1307 85 19 klasser.

211 1336 38 20 Att
271 1336 146 26 befolkningen
442 1336 35 20 det
499 1337 86 19 oaktadt
600 1336 46 20 icke
663 1336 74 19 saknar
752 1336 43 19 lust
805 1338 31 17 att
851 1335 39 20 för-

140 1365 67 21 skaffa
230 1367 45 19 sina
299 1367 50 19 barn
365 1366 203 26 skolundervisning,
584 1366 89 25 framgår
689 1365 59 20 äfven
765 1365 60 20 däraf
839 1367 30 18 att
884 1365 7 19 i

140 1395 157 26 Gamlakarleby
313 1395 136 20 ofvannämda
465 1397 91 19 svenska
571 1396 59 19 skola
645 1395 59 20 alltid
719 1395 79 20 funnits
817 1395 73 25 elever,

140 1426 82 19 hvilkas
240 1425 121 20 modersmål
377 1429 23 16 är
415 1425 68 20 finska
499 1426 85 26 språket
600 1426 37 19 och
653 1426 22 19 åt
690 1425 70 20 hvilka
776 1425 60 20 deras
851 1424 40 20 för-

140 1455 75 26 äldrar,
234 1455 45 20 med
295 1455 154 20 åsidosättande
465 1455 24 20 af
502 1455 157 26 svårigheterna
674 1455 7 19 i
697 1454 94 21 afseende
807 1455 12 19 å
835 1455 56 25 språ-
