1053 1736
218 136 13 20 2

190 200 50 20 misk
261 200 112 23 utveckling
393 201 6 18 i
419 200 111 25 framtiden,
553 201 26 19 då
594 201 90 19 traktens
700 200 245 20 kommunikationsmedel

190 229 124 20 förbättrats.
345 229 41 19 Och
407 229 146 24 otvifvelaktigt
572 231 29 23 är,
621 231 29 18 att
669 235 23 14 en
707 231 42 17 stor
765 229 32 19 del
812 229 21 19 af
847 231 97 22 exporten

190 258 43 19 från
255 257 78 20 landets
354 258 42 19 inre
418 258 61 24 delar,
499 258 68 19 hvilka
588 258 82 19 beröras
690 257 21 20 af
721 258 156 24 jernvägsnätet,
894 257 50 19 skall

189 287 50 19 söka
255 287 29 23 sig
299 287 55 23 längs
370 287 63 18 denna
448 287 51 19 bana
515 287 30 18 till
561 287 79 23 kusten,
656 287 68 18 såvida
740 292 23 13 en
780 287 54 23 djup,
847 286 98 24 skyddad,

189 314 77 25 rymlig,
286 314 37 20 lätt
343 315 107 24 tillgänglig
470 315 37 19 och
525 315 64 19 under
602 314 144 25 jämförelsevis
762 317 42 17 stor
820 315 31 19 del
866 314 22 20 af
901 314 44 20 året

188 344 44 19 isfri
247 343 111 25 hamnplats
373 344 44 18 med
431 344 42 19 små
487 344 161 22 hamnumgälder
664 344 99 24 erbjudes.

255 378 31 18 En
307 378 110 24 hamnplats
437 378 44 19 med
505 378 58 19 dessa
586 378 122 24 egenskaper
731 378 62 18 finnes
816 378 31 18 vid
874 377 69 19 staden

189 406 76 24 Kaskö,
281 406 78 19 hvilken
375 406 82 20 sålunda
472 407 93 23 erbjuder
580 407 29 23 sig
625 407 65 19 såsom
706 412 22 13 en
743 406 88 24 naturlig
841 406 103 24 slutpunkt

189 434 31 20 för
240 440 24 14 en
283 435 58 21 bana,
361 440 40 14 som
417 436 43 19 icke
476 436 52 18 blott
543 435 53 19 afser
612 437 28 17 att
655 436 80 23 betjena
751 435 24 19 de
791 439 60 19 orter,
867 440 41 14 som
923 434 22 20 af

189 464 113 19 densamma
320 464 65 19 direkt
401 464 86 23 beröres,
503 466 48 17 utan
566 464 26 24 på
607 470 73 13 samma
695 464 50 24 gång
761 464 53 19 afser
829 466 29 16 att
873 464 6 18 i
895 464 47 23 hög-

189 495 30 17 sta
239 492 80 24 möjliga
341 493 47 23 grad
403 493 114 27 underlätta
533 493 36 19 och
585 492 93 20 befordra
694 494 95 22 exporten
805 492 44 19 från
865 492 77 19 landets

187 522 49 18 inre.
273 520 38 20 Det
334 521 81 24 faktum,
437 524 30 16 att
489 522 68 18 Kaskö
578 522 58 18 hamn
659 524 23 16 är
704 522 38 18 den
765 521 57 19 bästa
844 520 99 24 naturliga

187 550 84 19 hamnen
293 551 7 17 i
322 550 84 20 Finland
428 550 55 24 längs
507 550 149 20 Bottenbafvets
680 550 52 23 kust,
755 550 36 19 har
813 549 41 19 ofta
876 548 66 20 blifvit

187 578 114 19 framhållet
316 579 36 18 och
369 579 16 23 ej
402 579 42 18 med
460 579 33 23 fog
508 579 76 19 kunnat
600 579 104 19 bestridas.
728 578 33 20 Då
775 579 83 18 hamnen
873 578 6 19 i
893 577 49 24 följd

188 607 22 19 af
230 607 31 19 sin
283 607 109 24 ypperliga,
412 607 99 24 naturliga
532 607 135 20 beskaffenhet
685 607 43 19 med
744 607 71 19 endast
830 606 112 25 obetydliga

188 636 140 19 omkostnader
346 636 39 19 kan
401 636 93 19 försättas
509 637 8 18 i
533 636 71 19 sådant
619 636 64 23 skick,
698 637 30 18 att
744 636 37 19 den
797 636 40 19 kan
854 634 88 25 uppfylla

186 665 40 18 alla
245 665 68 18 nutida
333 664 111 25 fordringar
464 665 25 24 på
505 671 23 13 en
544 665 39 24 god
599 665 134 24 lastageplats,
749 665 78 18 komma
842 664 99 19 hamnum-

187 693 96 24 gälderna
305 695 29 17 att
356 693 59 20 ställa
435 694 30 23 sig
486 694 54 23 lägre
563 696 24 17 än
611 694 33 19 vid
663 693 106 20 Bottniska
790 693 68 19 vikens
878 692 64 24 öfriga

186 722 88 19 hamnar.
305 722 50 19 Dess
377 723 45 24 djup
443 725 117 21 garanterar
581 723 37 23 för,
639 724 30 17 att
690 723 37 18 den
746 722 89 19 kommer
850 723 30 26 att
895 727 47 14 vara

187 756 23 13 en
231 750 46 19 fullt
297 751 115 19 användbar
426 751 65 23 hamn,
507 752 25 19 då
547 751 64 24 öfriga
627 751 113 20 nuvarande
755 751 82 19 hamnar
852 751 6 18 i
874 746 67 23 Öster-

186 779 70 20 botten
279 779 62 19 redan
366 781 135 23 uppgrundats
524 780 49 19 eller
595 781 71 18 endast
686 780 43 19 med
751 780 61 23 dryga
832 779 109 19 kostnader

186 807 67 20 kunna
273 810 58 21 göras
351 808 104 19 trafikabla
475 808 32 20 för
522 811 65 17 större
603 809 69 23 fartyg.
704 809 31 18 Då
749 808 7 19 i
773 814 23 13 en
812 807 31 20 väl
859 807 43 20 icke
918 807 23 20 så

186 836 87 24 aflägsen
295 836 80 20 framtid
393 843 24 13 en
432 837 121 20 vinterhamn
571 837 30 19 för
617 833 127 24 Österbotten
760 837 39 19 blir
813 836 22 20 af
848 835 94 20 behofvet

186 865 101 24 påkallad,
307 866 61 18 måste
391 866 68 19 Kaskö
474 866 65 23 hamn,
556 866 130 24 ovilkorligen
703 871 58 13 anses
777 865 64 19 såsom
856 865 38 19 den
909 864 32 19 för

186 894 55 18 detta
264 894 91 19 ändamål
376 894 129 24 lämpligaste,
526 897 48 17 enär
589 895 37 19 den
642 894 68 24 längre
725 894 30 19 tid
770 894 21 19 af
806 894 42 19 året
864 896 22 16 är
901 893 39 19 till-

186 922 79 24 gänglig
285 922 37 20 och
341 922 43 20 isfri
405 925 23 17 än
449 923 64 23 öfriga
529 920 161 22 Österbottniska
705 923 87 19 hamnar.
823 923 8 17 I
846 922 94 19 afseende

185 950 12 20 å
215 950 150 25 folkmängdens
381 954 49 16 samt
445 952 108 24 importens
569 952 36 19 och
621 955 106 21 exportens
744 951 75 19 storlek
836 953 21 17 är
872 950 68 20 Kaskö

185 980 116 23 visserligen
323 980 126 24 underlägset
471 981 30 18 sin
523 981 109 24 grannstad
655 980 142 23 Kristinestad,
820 984 41 14 som
882 979 58 19 äfven

185 1010 50 17 satts
256 1009 7 18 i
283 1008 56 24 fråga
361 1009 64 19 såsom
452 1010 104 23 slutpunkt
577 1009 32 19 för
631 1015 23 13 en
677 1008 183 25 sydösterbottnisk
883 1008 56 18 bana.

185 1036 38 20 Vid
245 1039 29 17 ett
293 1038 21 18 så
336 1037 117 24 vidtgående
469 1038 36 19 och
521 1038 112 23 betydande
649 1038 77 23 företag
742 1042 41 14 som
799 1042 25 14 en
839 1038 101 22 jernvägs-

184 1065 126 24 anläggning,
326 1066 35 19 där
376 1066 69 24 gjorda
460 1066 81 24 misstag
555 1067 66 19 kunna
635 1066 90 19 medföra
739 1066 60 24 högst
815 1065 125 24 olycksdigra

184 1094 80 24 följder,
279 1095 62 18 måste
357 1094 52 20 dock
423 1095 76 24 hänsyn
515 1098 56 21 tagas
587 1095 43 19 icke
646 1095 71 19 enbart
732 1094 31 20 till
778 1100 26 13 pu
815 1094 125 18 existerande

183 1122 147 26 förhållanden,
353 1126 47 16 utan
422 1123 94 20 afseende
539 1124 57 19 äfven
619 1124 61 19 fästas
702 1124 33 19 vid
753 1122 116 20 framtidens
888 1121 51 20 kraf.

184 1151 30 18 En
237 1152 82 23 jernväg
341 1152 72 23 bygges
432 1153 22 22 ju
476 1153 44 18 icke
543 1153 51 18 blott
611 1152 31 19 för
657 1158 26 13 nu
699 1152 100 23 lefvande,
815 1154 47 15 utan
877 1151 6 18 i
899 1150 41 19 lika

183 1179 39 24 hög
243 1181 50 23 grad
316 1180 31 19 för
369 1180 115 20 kommande
507 1181 144 24 generationer.
683 1180 41 20 Och
740 1185 24 14 en
779 1180 52 19 bana
846 1179 44 19 från
906 1179 34 19 det

183 1208 42 19 inre
245 1209 69 18 landet
329 1208 30 19 till
374 1209 69 19 kusten
460 1209 36 20 har
511 1209 146 24 otvifvelaktigt
672 1209 75 24 dragits
762 1209 7 18 i
785 1210 53 17 orätt
853 1207 87 24 riktning

183 1241 31 14 om
238 1237 39 19 den
299 1238 60 23 jämte
382 1237 33 19 det
437 1238 38 19 den
499 1238 50 19 förts
571 1243 69 19 genom
663 1237 89 20 folkrika
773 1237 37 19 och
825 1236 115 19 välmående

183 1265 83 24 bygder,
287 1266 44 19 icke
355 1266 25 24 på
403 1271 72 15 samma
497 1267 52 24 gång
566 1267 52 19 ledts
636 1267 30 18 till
684 1272 24 13 en
727 1266 65 22 hamn,
808 1271 41 13 som
864 1265 36 19 har
916 1265 24 18 de

183 1295 76 18 största
281 1294 191 24 förutsättningarna
493 1298 30 17 att
538 1295 54 20 såväl
613 1295 31 19 för
660 1295 34 19 det
710 1294 125 20 närvarande
851 1299 42 14 som
907 1292 33 20 för

183 1321 107 20 framtiden
305 1323 68 19 kunna
387 1325 48 22 göra
451 1324 32 19 det
499 1326 74 17 största
588 1326 78 21 gagnet.

252 1351 29 19 På
296 1352 64 23 grund
375 1351 22 20 af
411 1352 32 19 det
458 1352 58 20 ofvan
532 1352 83 20 anförda
630 1352 30 19 får
674 1353 34 23 jag
723 1352 36 19 hos
775 1350 100 25 vällofliga
890 1350 50 19 Bor-

182 1380 128 23 gareståndet
332 1381 99 19 vördsamt
453 1381 86 24 anbålla,
563 1383 29 18 att
615 1381 79 19 ståndet
716 1381 47 19 ville
779 1379 69 20 förena
864 1380 29 23 sig
908 1384 32 14 om

182 1413 25 14 en
222 1409 92 23 petition,
