1092 1739
269 185 11 13 2

240 248 39 25 ligt
301 248 120 20 förtärande
443 248 23 20 af
483 248 129 26 svagdricka,
628 248 64 26 gifvit
706 248 66 20 första
786 248 116 26 upphofvet
916 248 33 19 till
965 247 31 20 sin

241 277 60 19 råhet
323 277 38 19 och
384 277 37 19 sitt
444 277 79 26 sedliga
542 276 85 21 förderf.
657 277 33 19 Dä
704 284 48 12 man
767 276 52 20 midt
834 276 71 20 ibland
920 279 29 17 ett
965 276 32 20 till

240 306 85 26 kristlig
341 306 102 26 sedlighet
459 306 38 20 och
512 306 75 20 allmän
602 306 96 25 bildning
715 306 120 20 sträfvande
850 305 44 20 folk
907 312 33 13 ser
950 305 47 20 hela

239 334 83 26 byalag,
344 335 69 25 gamla
435 335 38 19 och
493 335 135 19 medelälders
643 341 99 19 personer
758 336 52 18 samt
825 334 58 24 barn,
899 334 40 19 alla
955 334 40 20 för-

242 363 90 25 sjunkna
346 363 7 19 i
369 364 35 19 det
418 366 53 17 mest
487 364 90 26 sorgliga
591 363 236 26 förnedringstillständ,
840 362 46 26 just
900 363 32 19 till
943 362 53 26 följd

240 392 23 20 af
277 392 73 24 denna,
366 392 65 26 enligt
446 392 35 26 lag
495 392 33 20 till
543 392 124 26 försäljning
677 392 82 20 tillätna
770 392 71 26 dryck,
852 392 97 20 framstär
960 392 35 20 det

240 420 85 26 tydligt,
347 423 32 17 att
398 428 25 13 en
438 421 122 26 förändring
575 421 23 20 af
610 422 62 26 lagen
686 422 7 19 i
709 422 57 19 detta
782 420 97 22 afseende
894 424 22 16 är
931 421 63 19 ound-

239 450 72 20 viklig.

292 457 47 41 "På
353 479 68 25 grund
436 479 23 19 af
472 479 37 19 allt
525 479 35 20 det
574 479 86 20 anförda
675 480 65 24 vågar
752 479 38 25 jag
804 478 88 25 anhålla,
904 481 31 17 att
944 478 50 26 hög-

238 508 87 25 vördiga
340 508 157 20 Presteståndet
512 508 48 20 ville
575 508 33 20 för
623 515 51 19 egen
685 508 33 20 del
728 508 33 19 till
770 507 225 21 Ekonomi-utskottets

239 536 127 26 behandling
381 544 44 12 som
440 539 31 18 ett
485 536 168 27 motionsförslag
667 537 87 20 insända
769 536 100 26 följande:

446 596 85 24 Förslag
549 596 29 20 till
597 596 119 25 förordning,
734 596 131 24 innefattande
879 597 114 25 förändring

376 624 27 24 af
414 624 17 25 $
444 625 30 19 25
487 625 9 19 i
509 625 113 25 förordning
637 625 26 24 af
674 625 36 20 den
727 626 13 18 2
756 625 52 25 april
822 626 60 24 1883,
899 626 94 25 angående

376 653 115 25 försäljning
507 654 33 19 och
554 654 128 25 utskänkning
698 654 24 24 af
734 654 134 24 maltdrycker.

444 682 124 20 Härmedelst
582 683 70 19 varder
666 683 96 25 stadgadt,
777 684 29 18 att
820 684 16 24 $
851 684 28 19 25
894 684 9 19 i
916 684 76 24 förord-

375 711 69 25 ningen
459 711 25 24 af
495 711 35 19 den
544 712 15 18 2
574 712 53 24 april
641 712 60 24 1883,
717 712 97 24 angående
828 712 116 26 försäljning
959 714 34 19 och

375 740 127 25 utskänkning
510 740 26 25 af
539 740 134 25 maltdrycker,
682 741 51 19 skall
741 740 74 20 erhålla
822 742 85 24 följande
915 742 77 25 lydelse:

652 793 16 24 $
683 793 34 20 25.

443 832 60 20 Hvad
516 833 9 19 i
539 832 60 21 denna
614 833 113 26 förordning
742 835 24 18 är
780 834 90 25 stadgadt
884 841 29 13 om
923 835 68 20 handel

375 861 42 19 med
438 861 128 24 maltdrycker
586 862 62 25 gäller
666 863 40 19 icke
720 862 120 25 svagdricka,
857 863 135 21 ästadkommet

374 896 65 18 genom
461 890 107 25 hembrygd,
594 891 42 19 med
656 891 72 20 biträde
743 891 67 20 endast
824 892 25 24 af
861 894 41 23 eget
915 893 76 24 husfolk

375 919 47 19 eller
444 919 110 24 tjänstehjon
577 919 29 20 uti
628 920 108 25 byggnader
757 920 42 19 med
812 921 65 25 vanlig
892 921 99 25 inredning

374 947 32 23 för
421 947 163 25 hushållssysslor,
596 954 28 13 om
635 949 116 25 försäljning
761 949 75 25 hvaraf
842 949 148 25 föreskrifterna

373 976 9 19 i
399 976 71 25 nådiga
485 976 135 25 förordningen
635 983 29 14 om
679 979 118 24 näringarne
812 979 26 23 af
848 979 36 19 den
900 980 23 19 31
937 985 53 14 mars

373 1005 54 19 1879
451 1011 72 14 annars
542 1005 52 20 skola
612 1006 50 24 tjena
677 1007 30 19 till
722 1007 126 24 efterrättelse
863 1007 83 24 förutom
961 1009 29 18 att

373 1033 108 20 kommunen
499 1040 43 19 eger
556 1034 90 25 förbjuda
660 1035 238 26 försäljningsrättigheten
913 1037 32 23 för
959 1037 30 19 så-

372 1061 57 24 dana,
452 1069 40 13 som
514 1063 94 23 befunnits
627 1064 107 20 missbruka
748 1065 31 19 sin
794 1065 45 19 rätt.
870 1065 119 25 Hembrygdt

371 1091 18 19 öl
403 1097 16 14 0.
435 1097 15 14 s.
466 1098 17 13 v.

302 1146 132 27 Helsingfors
449 1148 38 20 den
505 1149 10 19 5
531 1148 91 20 februari
640 1150 59 20 1897.

768 1201 16 22 J.
799 1201 118 22 Päivärinta.

331 1485 102 17 Helsingfors,
443 1486 85 16 Tidnings-,
538 1486 12 14 &
559 1487 195 17 Tryckeri-Aktiobolagets
763 1488 71 17 tryckeri,
845 1479 40 23 1897.
