1073 1745
809 183 26 20 11

114 253 78 23 skolan
210 254 67 22 söker
295 253 63 28 fylla,
376 254 124 28 berättigar
518 253 67 23 äfven
601 253 52 23 dess
669 252 160 29 öfvertagande
844 253 26 22 af

114 289 82 22 Staten.

184 325 32 21 På
239 327 45 19 sätt
306 324 67 22 häraf
394 332 74 21 synes,
492 328 25 19 är
539 325 160 27 motiveringen
716 326 7 21 i
739 326 127 22 Utskottets

113 361 140 22 betänkande
276 361 39 22 och
340 361 50 22 dess
409 361 71 22 första
495 361 60 22 kläm
572 361 51 29 (sid.
641 361 23 29 6)
681 361 25 21 af
719 361 43 22 den
779 361 87 22 beskaf-

112 396 83 28 fenhet,
212 399 34 19 att
260 397 23 22 vi
299 396 19 28 ej
335 397 75 21 kunna
426 397 77 22 förena
519 403 36 16 oss
571 403 34 15 om
629 397 55 22 dem.
709 397 44 22 Det
765 400 25 19 är
806 399 60 20 näm-

113 433 59 27 ligen
192 432 70 27 enligt
277 432 40 22 vår
332 432 61 21 åsikt
408 432 120 28 själfklart,
546 434 33 20 att
595 439 27 15 en
639 433 126 27 statsskola,
783 433 35 21 för
834 435 33 19 att

113 469 19 26 ej
153 471 79 19 nämna
246 471 74 24 annat,
337 468 68 22 redan
427 469 7 21 i
454 469 138 21 ekonomiskt
611 468 104 22 afseende
730 469 89 27 intager
840 475 26 15 en

113 504 157 27 förmånligare
288 504 108 28 ställning
418 507 28 19 än
462 510 27 16 en
506 504 143 27 privatskola.
682 505 28 21 Vi
726 505 75 21 kunna
817 505 49 21 där-

112 539 36 23 för
164 541 18 26 ej
200 542 67 19 annat
282 542 28 19 än
326 540 93 22 förvåna
435 546 35 16 oss
492 540 63 22 öfver
579 540 42 22 den
645 540 139 28 motsägelse,
804 540 63 22 såväl

112 576 58 21 hvad
186 576 111 27 principer
308 582 45 15 som
364 576 116 27 praktiska
492 576 139 27 synpunkter
646 575 112 28 beträffar,
775 576 92 22 hvilken

112 612 72 27 ligger
200 612 54 27 deri,
272 613 32 20 att
319 618 56 21 man,
392 612 70 21 såsom
479 612 116 22 Utskottet
610 612 8 21 i
637 614 32 19 ett
684 611 135 28 föregående
829 612 37 21 be-

112 647 118 28 tänkande,
254 648 39 21 vill
316 647 61 28 gifva
400 648 97 22 kvinnan
513 648 7 21 i
536 648 113 27 egenskap
665 647 26 22 af
704 648 163 21 skollärarinna

112 690 82 15 samma
209 683 111 22 förmåner
331 690 45 16 som
388 690 92 15 mannen
492 686 60 25 äger,
563 690 49 15 men
624 684 114 27 samtidigt
748 683 118 28 förvägrar

112 720 72 22 henne
200 720 72 21 denna
288 720 148 27 likställighet
452 721 6 20 i
475 720 37 22 det
528 720 102 27 stadium,
647 720 28 21 då
691 720 42 22 hon
750 727 46 14 som
807 720 59 22 skol-

112 756 49 22 elev
186 756 58 22 skall
267 756 97 21 utbildas
385 756 35 21 för
443 756 33 21 sin
501 756 144 22 värksamhet
669 756 6 21 i
700 755 69 23 lifvet.
801 751 66 26 Ännu

112 792 85 22 mindre
220 792 74 21 kunna
318 792 22 21 vi
364 792 117 27 godkänna
505 792 42 22 den
571 792 28 26 på
623 793 43 21 6:te
689 792 62 22 sidan
767 792 7 21 i
790 792 75 21 betän-

113 828 83 22 kandet
218 827 114 28 befintliga
355 828 117 27 klämmen,
496 828 28 21 då
548 828 42 21 den
614 828 71 27 enligt
707 828 40 21 vår
762 828 68 21 tanke
847 828 19 26 ej

113 865 25 19 är
148 862 116 22 föranledd
280 863 24 21 af
317 862 170 28 ifrågavarande
503 863 196 27 petitionsförslag,
712 865 53 19 utan
776 869 90 16 snarare

113 901 25 19 är
162 899 114 21 stridande
296 901 57 19 emot
374 899 38 22 det
427 898 103 28 syftemål
546 899 7 21 i
569 899 49 22 dem
634 899 87 21 uttalas.
753 898 75 23 Såsom
845 899 22 21 vi

113 934 68 22 redan
200 933 60 22 förut
275 934 118 27 ådagalagt
408 934 66 22 hafva
490 935 43 21 alla
549 934 174 27 petitionärerna
739 935 21 27 ,i
775 934 93 22 främsta

113 971 105 20 rummet"
240 970 98 27 anhållit,
360 971 33 20 att
412 970 45 21 ofta
475 970 94 21 nämnda
593 970 74 21 skolor
686 970 68 22 måtte
771 969 95 23 öfverta-

113 1012 40 21 gas
177 1006 24 21 af
216 1005 82 28 Staten,
315 1009 56 19 samt
386 1007 80 27 begärt
481 1006 98 28 förhöjdt
595 1007 178 22 statsunderstöd
789 1007 79 21 endast

114 1042 34 21 för
164 1042 42 22 den
222 1042 112 27 händelse,
350 1044 34 19 att
400 1042 73 27 någon
488 1041 25 22 af
526 1043 65 21 dessa
607 1042 76 22 skolor
694 1043 19 26 ej
724 1045 59 19 ännu
794 1042 74 22 skulle

113 1078 25 21 af
156 1077 78 23 Staten
250 1077 132 28 öfvertagas.
416 1078 67 22 Detta
494 1078 98 27 framgår
603 1085 26 15 ur
641 1077 225 28 petitionsförslagen,

113 1114 38 21 och
168 1113 54 23 flera
233 1114 151 28 petitionärer,
397 1115 71 21 såsom
480 1116 14 20 t.
506 1120 33 16 ex.
551 1115 87 26 lagman
650 1114 35 22 W.
697 1114 91 27 Nystén,
800 1114 67 22 hafva

113 1150 151 27 uttryckligen
288 1149 108 22 förklarat
420 1150 34 27 sig
476 1149 67 23 hafva
566 1149 84 28 äsyftat
666 1150 48 27 just
729 1150 66 21 detta.
828 1149 38 22 Ut-

114 1186 84 21 skottet
222 1185 90 28 medger
335 1186 68 21 också
426 1186 28 27 på
470 1188 46 20 sätt
532 1186 40 21 och
587 1186 34 22 vis
638 1186 62 21 detta
715 1186 7 21 i
738 1186 41 21 sitt
793 1186 75 21 betän-

113 1221 73 22 kande
209 1221 47 28 (sid.
279 1222 30 27 4).
341 1221 44 22 Det
408 1221 92 22 oaktadt
522 1221 95 22 föreslår
641 1222 110 21 utskottet
774 1224 33 19 att
830 1222 37 21 nä-

113 1257 51 27 diga
180 1257 158 28 förordningen
353 1257 95 22 rörande
464 1257 141 28 utgifvandet
616 1257 25 22 af
649 1257 179 22 statsunderstöd
844 1257 24 22 ät

113 1293 87 25 privata
215 1292 227 22 fruntimmersskolor
458 1293 69 21 mätte
544 1293 116 21 förändras
677 1293 90 27 derhän,
779 1295 33 19 att
823 1293 43 26 pri-

113 1328 144 22 vatskolorna
280 1328 73 22 kunde
377 1328 85 22 erhälla
487 1330 33 20 ett
544 1329 68 27 högre
637 1329 135 27 statsbidrag
788 1330 28 20 än
832 1328 36 22 för

113 1364 139 22 närvarande
268 1364 43 21 kan
327 1364 99 28 beviljas.
453 1364 78 22 Skälet
547 1364 35 22 till
597 1365 69 27 sagda
677 1365 103 21 anhällan
793 1366 25 20 är
830 1364 36 22 det

113 1400 25 21 af
168 1400 114 21 Utskottet
310 1400 131 21 framstälda
464 1401 69 21 redan
557 1401 114 21 omnämda
695 1400 113 28 förslaget,
834 1402 33 20 att

114 1435 76 22 Staten
207 1435 19 27 ej
244 1441 59 16 mera
318 1436 68 21 borde
402 1435 116 28 öfvertaga
537 1437 86 26 privata
634 1436 233 22 fruntimmersskolor.

112 1471 51 22 Men
180 1471 6 21 i
203 1471 106 22 händelse
325 1471 127 22 Utskottets
469 1472 122 21 sistnämda
601 1471 85 28 förslag
697 1472 39 21 och
749 1472 42 22 den
803 1471 67 22 däraf
