1073 1750
224 178 14 18 8

195 247 73 21 denna
292 247 73 27 grund
389 248 68 26 yrkat
482 248 28 26 på
534 250 34 19 att
591 248 122 26 petitionen
735 248 50 21 icke
809 248 72 21 skulle
905 247 42 21 för-

195 282 80 22 anleda
291 283 35 21 till
347 284 72 26 någon
442 283 79 27 åtgärd
544 283 50 22 från
618 283 137 22 Ständernas
778 284 53 21 sida.
864 283 83 22 Under-

195 319 109 21 tecknade
323 319 66 22 hafva
408 319 72 21 funnit
495 319 67 22 ofvan
578 320 99 21 uttalade
693 319 172 27 anmärkningar
879 319 70 22 värda

195 355 41 21 allt
266 355 131 27 beaktande,
430 362 48 15 men
505 355 67 22 hafva
602 356 56 21 dock
685 356 49 21 icke
760 355 61 22 velat
839 355 47 21 helt
909 355 39 21 och

195 391 71 21 hållet
296 390 103 28 afstyrka
429 391 221 27 petitionsförslaget.
682 392 47 20 Vår
759 391 68 21 tanke
857 393 32 25 är,
916 393 32 19 att

195 426 79 27 bidrag
300 426 35 21 till
361 426 123 28 aflöningen
511 426 24 21 af
560 433 27 15 en
610 426 72 22 första
705 427 160 21 ambulatorisk
888 426 59 27 sjuk-

195 462 120 21 sköterska
330 462 70 21 under
416 464 32 20 ett
463 463 58 21 visst
536 463 60 20 antal
612 463 26 21 år
654 463 47 21 med
719 463 37 26 fog
771 463 74 21 kunde
856 462 92 27 beviljas

195 499 103 20 kommun
325 498 54 22 eller
405 499 87 21 enskild
518 498 103 27 förening
644 499 58 21 inom
725 499 108 26 kommun,
858 499 40 20 där
921 504 27 15 en

195 534 204 22 kommunalläkare
415 534 70 22 finnes
501 535 95 21 anstäld.
622 529 73 27 Äfven
713 535 6 21 i
736 535 69 21 andra
820 535 128 20 kommuner

195 570 69 22 borde
279 571 8 21 i
303 570 112 22 särskilda
430 570 46 28 fall,
493 570 40 22 där
550 577 27 15 en
594 571 123 27 tillräcklig
732 570 98 22 kontroll
853 569 24 22 af
898 570 49 22 skö-

194 606 106 22 terskans
316 607 143 21 värksamhet
475 608 25 20 är
517 606 80 27 möjlig,
615 609 14 19 t.
647 613 32 15 ex.
701 606 2 22 i
719 607 102 21 kommun
837 606 111 27 belägen
935 602 17 35 i

195 643 110 21 närheten
328 642 25 22 af
369 642 213 27 provincialläkares
598 642 136 28 boningsort,
751 648 28 16 en
795 642 103 21 anhållan
914 648 33 15 om

196 679 40 21 här
252 678 101 28 åsyftadt
368 678 79 28 bidrag
462 678 49 22 icke
527 678 75 22 afslås.

267 714 33 22 På
323 714 65 22 ofvan
413 714 91 22 anförda
528 714 98 27 grunder
649 713 23 22 få
688 714 180 22 undertecknade
883 714 64 22 vörd-

196 752 57 20 samt
268 749 90 28 föreslå,
375 752 33 19 att
424 750 124 21 Ständerna
564 750 54 21 ville
634 749 77 22 förena
727 750 35 26 sig
773 756 32 15 om
817 756 28 15 en
856 750 91 26 petition

195 786 6 21 i
218 786 62 27 syfte

482 830 33 19 att
530 828 67 21 Hans
612 828 124 27 Kejserliga
749 828 102 26 Majestät
862 828 85 25 täcktes,

411 865 44 21 där
474 864 217 26 omständigheterna
709 863 83 22 sådant
803 863 99 27 påkalla,
919 870 30 14 ur

411 901 116 20 allmänna
542 900 69 21 medel
623 899 33 27 på
672 901 45 20 viss
733 900 32 21 tid
781 899 77 27 bevilja
873 900 74 20 lands-

411 936 131 21 kommuner
566 936 50 20 eller
640 936 37 21 ock
700 936 99 21 enskilda
817 935 132 26 föreningar

412 972 78 26 bidrag
511 972 33 21 till
562 972 125 26 aflöningen
707 972 28 26 af
747 977 25 15 en
785 971 74 26 första
874 971 75 21 ambu-

412 1008 91 21 latorisk
522 1007 171 27 sjuksköterska,
713 1007 85 21 hvilken
813 1006 72 22 under
896 1012 53 21 pro-

411 1044 86 20 vincial-
508 1044 51 20 eller
569 1043 218 21 kommunalläkares
797 1042 94 22 kontroll
899 1042 50 26 egde

411 1081 32 19 att
465 1079 157 27 kostnadsfritt
644 1078 138 27 tillhandagä
805 1079 144 21 kommunens

411 1114 108 22 invänare
544 1115 49 21 med
616 1114 115 28 sjukvärd,
756 1115 37 21 och
816 1115 32 20 att
866 1113 83 21 sädant

412 1151 78 26 bidrag
504 1151 86 26 främst
606 1150 65 22 borde
681 1149 165 28 ifrägakomma
857 1150 8 21 i
876 1149 73 21 lands-

411 1187 112 27 kommun,
544 1187 43 20 där
605 1187 207 21 kommunalläkare
825 1185 71 26 finnes
911 1191 37 15 an-

412 1223 65 20 stäld.

304 1281 20 21 A.
340 1281 140 22 Wallensköid.
691 1281 40 21 Uno
749 1279 94 22 Lindelöf.

305 1316 64 22 Oscar
384 1316 53 22 Wilh.
453 1315 94 23 Andsten.
689 1316 18 21 F.
724 1316 27 21 W.
767 1314 106 22 Sundwall.

483 1352 19 22 A.
519 1352 20 21 R.
556 1352 107 21 Frenckell.
