1073 1742
205 176 28 20 64

400 176 282 24 Petitionsbetänkande
698 176 46 24 N:o
759 176 37 23 13.

482 240 19 26 0)
517 240 73 28 Högre
606 240 158 28 myndigheter,
777 240 86 21 hvilkas
875 240 93 21 ämbets-

411 274 90 21 distrikt
510 274 46 21 icke
564 274 108 28 omfattar
680 275 49 21 hela
738 274 81 27 landet,
830 274 138 28 hofrätterna

412 308 53 21 häri
478 308 140 28 inbegripna,
634 309 67 26 skola,
715 309 29 21 dä
763 309 26 21 de
803 310 78 26 utgöra
897 308 71 28 första

412 342 95 27 instans,
524 343 37 21 till
575 344 103 27 sakegare
692 343 93 28 utfärda
800 343 124 28 expedition
936 342 32 28 pä

412 377 35 21 det
468 377 72 27 spräk,
562 377 73 27 finska
654 378 53 20 eller
717 377 98 27 svenska,
831 384 47 14 som
892 379 27 19 är
933 377 36 21 det

412 411 146 21 kommunala
579 412 246 28 förhandlingsspräket
845 412 10 20 i
874 411 94 28 flertalet

413 446 36 20 till
463 446 196 21 ämbetsdistriktet
673 446 97 22 hörande
787 446 134 26 kommuner,
933 446 34 21 sä-

412 480 53 21 vida
486 480 45 21 icke
554 480 154 28 expeditionen
729 481 58 21 skall
809 480 103 28 utfärdas
933 480 35 21 till

411 514 96 21 särskild
529 515 108 21 kommun
657 516 52 20 eller
731 516 86 20 enskild
835 515 92 21 medlem
942 514 29 28 af

412 549 130 21 densamma
564 550 38 20 och
621 549 96 22 bemälde
733 550 106 21 kommun
854 549 114 21 använder

412 586 72 19 annat
498 584 68 28 spräk
580 586 31 19 än
625 584 95 27 flertalet
735 584 137 22 kommuner.

481 626 17 24 c)
515 624 42 21 Om
567 624 86 21 enskild
666 624 102 28 sakegare
789 624 58 27 eller,
863 624 41 20 där
915 623 52 27 flere

411 658 102 28 sakegare
535 660 47 25 äro,
604 658 96 28 flertalet
721 658 30 28 af
767 658 55 27 dem,
845 665 46 14 som
909 658 58 27 gjort

412 692 89 22 ärendet
513 692 131 28 anhängigt,
657 692 30 28 af
695 692 136 28 myndighet,
843 699 46 14 som
902 694 64 18 näm-

411 734 39 14 nes
471 727 10 21 i
497 734 68 14 mom.
581 728 21 25 a)
619 727 39 21 och
673 727 26 27 b),
716 726 99 22 anhällit
827 734 35 14 om
877 726 87 28 expedi-

413 761 59 21 tions
494 761 136 27 utfärdande
649 761 33 28 pä
697 763 72 19 annat
784 760 67 28 spräk
872 762 31 19 än
925 760 40 27 det,

412 795 81 21 hvilket
515 796 70 27 enligt
604 795 11 21 i
629 796 83 20 nämda
727 797 99 19 momeni
847 795 118 27 faststälda

409 830 99 27 grunder
536 830 30 27 af
591 830 158 28 myndigheten
779 829 38 21 bör
843 829 122 26 användas,

411 864 57 21 skall
482 864 126 27 expedition
623 864 91 27 affattas
729 864 30 27 pä
774 864 35 20 det
823 863 72 28 språk,
918 869 47 14 som

411 898 94 21 önskats.

480 933 21 26 d)
521 932 113 28 Omfattar
655 932 175 21 ämbetsdistrikt
849 931 36 28 för
900 939 65 20 myn-

411 966 79 28 dighet,
504 974 48 14 som
564 969 97 19 nämnas
672 967 10 20 i
694 974 65 14 mom.
772 968 21 24 a)
807 966 38 21 och
859 966 25 27 b),
897 965 69 28 finsk-

411 1001 39 20 och
468 1001 182 28 svenskspräkiga
665 1001 131 22 kommuner
810 1001 10 20 i
836 1000 45 21 lika
895 1000 70 26 antal,

411 1041 49 22 eger
475 1035 95 21 bemälde
586 1036 129 27 myndighet
729 1037 47 19 rätt
790 1037 34 19 att
839 1035 125 26 bestämma,

411 1069 134 21 hvilketdera
559 1069 88 28 spräket
661 1069 56 22 skall
732 1069 10 21 i
757 1069 152 28 expeditionen
921 1075 42 14 an-

411 1104 90 25 vändas,
523 1104 51 21 med
587 1104 143 27 iakttagande
745 1103 30 28 af
786 1103 59 21 hvad
859 1103 9 20 i
883 1103 82 20 nämda

411 1145 66 14 mom.
493 1140 61 19 samt
567 1137 10 22 i
591 1145 67 15 mom.
675 1140 17 24 c)
708 1140 27 19 är
749 1137 102 28 stadgadt
867 1137 35 21 till
916 1136 47 27 för-

411 1172 55 21 män
487 1173 36 27 för
546 1173 100 21 enskilda
665 1179 108 22 personer
795 1171 40 22 och
857 1171 108 21 särskilda

411 1207 137 21 kommuner.

480 1244 17 23 €)
513 1241 142 28 Expedition,
666 1248 48 15 som
721 1241 30 28 af
755 1240 135 28 myndighet,
899 1239 66 21 hvars

410 1275 173 22 ämbetsdistrikt
605 1275 108 28 omfattar
731 1275 50 21 hela
797 1274 80 26 landet,
892 1273 71 21 såsom

410 1311 71 26 första
503 1309 89 22 instans
615 1310 36 21 till
671 1310 103 27 sakegare
798 1308 109 28 utfärdas,
928 1307 37 21 bör

411 1343 95 28 affattas
525 1344 31 27 pä
571 1345 39 24 'det
624 1344 71 28 språk,
710 1343 75 28 finska
800 1343 52 20 eller
866 1342 98 27 svenska,

410 1377 82 22 hvilket
511 1378 30 28 af
556 1379 48 26 den,
620 1385 47 15 som
682 1379 39 20 hos
735 1377 158 28 myndigheten
907 1376 58 27 gjort

409 1413 91 20 ärendet
504 1413 125 27 anhängigt
633 1413 52 21 eller
689 1411 99 23 anhållit
792 1418 36 15 om
833 1410 130 29 expedition,

409 1447 80 20 äskats.
509 1446 41 21 Om
557 1447 45 21 icke
612 1447 118 28 uttrycklig
738 1446 86 21 önskan
838 1445 10 20 i
855 1445 56 21 detta
927 1445 36 28 af-

409 1481 76 20 seende
498 1481 75 27 blifvit
584 1481 125 27 framstäld,
721 1480 58 21 skall
791 1479 125 28 expedition
925 1481 38 19 ut-
