1070 1739
287 174 280 23 Petitionsbetänkande
582 175 43 22 N:o
640 174 37 23 13.
837 175 28 21 45

105 238 36 21 för
162 245 27 14 en
214 238 72 21 sådan
309 238 136 26 ständerlag,
468 238 70 21 hvars
560 237 57 28 syfte
640 244 55 15 vore
717 244 29 14 en
762 238 44 21 fast
821 238 45 21 och

105 272 123 21 bestående
257 272 91 27 lösning
372 272 25 21 af
420 271 164 29 språkstriden.
623 272 43 21 Det
689 272 109 27 framsteg
820 272 44 21 den

106 306 74 21 skulle
209 306 161 21 åstadkomma
400 313 61 19 vore,
490 306 78 21 såsom
600 306 22 21 vi
647 306 70 21 ofvan
739 306 126 27 ådagalagt,

106 343 79 24 ytterst
207 340 71 27 ringa,
301 341 44 20 och
370 341 74 20 skulle
467 340 119 21 dessutom
608 340 82 21 beröra
713 342 30 19 ett
766 340 100 21 missför-

106 375 115 26 hållande,
244 375 69 20 hvars
335 374 148 27 fullständiga
509 374 148 27 aflägsnande
680 374 19 27 ej
723 381 68 21 synes
811 381 54 14 vara

107 409 88 27 möjligt
215 409 8 20 i
244 409 44 20 den
310 410 115 19 närmaste
449 409 130 26 framtiden,
603 415 53 14 men
680 415 39 14 om
741 409 70 21 hvars
833 409 33 21 in-

107 442 148 21 skränkande
269 442 34 21 till
312 442 84 21 minsta
411 442 94 28 möjliga
521 442 94 22 område
623 443 111 27 styrelsen
750 443 66 26 skall,
832 443 34 21 så-

107 484 51 14 som
180 484 55 13 man
259 477 46 20 kan
328 477 97 27 hoppas,
448 476 67 21 äfven
539 479 56 19 utan
618 476 100 22 särskild
737 477 129 27 ständerlag

107 517 55 15 anse
187 511 33 27 sig
236 510 90 28 skyldig
341 513 32 18 att
388 510 70 27 draga
473 511 94 27 försorg.
592 511 75 21 Sedan
689 511 38 21 det
751 511 60 21 visat
826 511 40 27 sig,

107 545 61 21 huru
190 545 67 27 djupt
279 545 37 21 det
338 545 271 27 öfversättningssystem,
632 552 51 14 som
705 546 54 20 med
777 545 51 21 stöd
844 546 25 20 af

109 580 54 20 1883
199 579 37 21 års
268 579 134 27 förordning
436 580 25 20 är
496 580 103 20 rådande
628 580 8 20 i
666 579 110 21 Senatens
805 580 61 20 båda

107 613 163 28 departement,
289 614 99 20 kränker
411 614 90 20 enskild
524 614 120 26 sakegares
672 615 45 19 rätt
746 614 44 21 och
809 614 57 21 min-

108 648 54 20 skar
183 648 127 21 bärvidden
328 648 26 20 af
366 648 37 20 det
418 648 26 20 år
463 648 54 20 1863
533 648 62 27 gifna
611 648 119 27 kejserliga
746 648 69 27 löftet,
824 648 42 21 har

108 682 60 21 detta
191 684 97 25 systems
311 688 68 15 snara
394 682 173 21 inskränkande
583 682 64 21 inom
666 682 25 22 så
706 682 81 27 trånga
802 684 65 25 grän-

108 723 42 20 ser,
156 723 51 15 som
215 716 28 21 de
254 716 183 28 tjänstemännen
444 716 168 21 tillförsäkrade
619 716 161 27 rättigheterna
787 717 79 26 tillåta,

108 750 75 22 blifvit
190 757 28 14 en
227 750 105 27 oafvislig
340 750 58 28 plikt
409 750 63 21 såväl
483 753 50 19 mot
543 750 45 21 den
599 750 75 22 finska
681 751 92 21 talande
780 751 86 21 befolk-

108 784 85 28 ningen
207 785 7 20 i
230 785 99 20 Finland
345 792 51 14 som
412 787 49 19 mot
478 784 45 21 den
543 785 84 21 aflidne
647 784 117 28 kejsarens
781 785 84 21 minne.

178 819 160 27 Språkstriden
364 819 7 20 i
396 819 50 21 vårt
473 819 54 21 land
549 819 93 27 bringas
665 819 19 27 ej
708 822 33 18 att
760 820 106 27 upphöra

110 853 141 27 därigenom,
274 856 32 18 att
328 856 31 18 ett
381 854 53 20 eller
457 856 71 18 annat
551 853 202 21 missförhållande
768 854 7 20 i
791 854 76 26 någon

110 887 54 21 mån
180 887 102 21 mildras.
313 888 38 20 Ett
366 888 45 20 slut
426 888 73 27 därpå
514 889 26 19 är
555 887 18 27 ej
591 887 87 27 möjligt
694 888 31 26 på
739 888 73 20 andra
828 888 40 20 vil-

110 922 49 26 kor,
175 923 30 19 än
221 924 33 18 att
269 922 149 27 språkfrågan
434 922 8 20 i
458 922 51 20 sina
527 922 192 26 hufvudpunkter
735 922 87 26 afgöres
838 922 30 28 på

110 957 30 19 ett
162 957 50 24 sätt,
237 962 50 14 som
308 955 173 21 tillfredsställer
504 955 140 21 åtminstone
668 955 44 21 den
734 956 134 21 nuvarande

110 990 168 27 generationen.
303 985 10 37 —
318 989 291 28 Meningsskiljaktigheten
640 990 86 20 mellan
753 990 115 27 partierna

110 1025 70 26 gäller
195 1024 35 21 för
245 1024 143 21 närvarande
403 1024 7 20 i
426 1024 45 26 hög
487 1024 55 26 grad
563 1024 80 26 frågan
658 1031 39 14 om
713 1024 38 21 det
766 1031 16 14 s.
799 1025 21 20 k.
837 1025 31 20 of-

110 1058 82 21 ficiella
223 1059 91 26 språket
344 1059 53 20 eller
423 1058 38 21 det
491 1058 76 27 språk,
594 1065 49 14 som
664 1059 118 20 användes
803 1059 64 20 inom

110 1093 190 27 myndigheterna
330 1095 60 18 samt
421 1092 7 21 i
461 1092 66 21 deras
563 1093 109 20 inbördes
703 1093 165 26 skriftväxling.

112 1127 82 21 Denna
220 1127 50 21 sida
293 1127 24 20 af
345 1127 77 26 saken,
447 1127 95 20 hvilken
565 1127 7 20 i
597 1127 217 27 petitionsförslaget
836 1130 33 18 ut-

110 1161 126 27 tryckligen
261 1161 75 21 ställes
355 1163 64 19 utom
436 1161 44 21 den
495 1161 120 21 tillernade
638 1161 166 27 ständerlagen,
827 1162 42 20 bör

111 1195 99 21 sålunda
235 1195 150 26 ovilkorligen
413 1197 66 25 göras
504 1195 34 21 till
564 1195 95 21 föremål
687 1195 35 21 för
752 1196 116 26 reglering,

110 1241 29 3 —
160 1229 7 20 i
190 1229 111 21 händelse
327 1236 54 14 man
404 1229 117 27 nämligen
543 1229 40 21 vill
605 1229 96 22 komma
724 1229 34 21 till
780 1232 31 19 ett
833 1230 36 21 be-

111 1263 93 21 stående
220 1264 100 20 resultat.

180 1298 10 20 I
214 1297 82 28 själfva
318 1298 80 21 värket
413 1298 43 21 har
470 1298 111 21 utskottet
596 1297 7 21 i
620 1298 34 21 sin
670 1298 79 21 helhet
764 1298 104 27 slutligen

111 1333 93 19 stannat
218 1332 40 20 vid
273 1331 44 22 den
333 1332 152 27 uppfattning,
501 1334 33 19 att
549 1332 132 27 petitionen,
697 1332 8 20 i
720 1332 110 21 händelse
841 1339 28 14 en

112 1365 73 21 sådan
205 1366 106 21 kommer
328 1366 34 21 till
385 1366 73 26 stånd,
481 1366 72 21 borde
576 1366 129 21 utsträckas
725 1366 18 27 ej
763 1366 58 21 blott
836 1366 33 21 till

111 1399 38 21 det
164 1399 7 21 i
184 1400 156 27 expeditioner
355 1400 154 21 användande
525 1402 56 19 utan
597 1401 66 20 äfven
675 1401 34 20 till
718 1401 38 20 det
764 1401 105 20 officiella

112 1434 98 27 språket.
242 1434 43 21 Det
299 1435 43 20 har
357 1434 87 21 således
463 1435 56 26 gällt
537 1437 32 18 att
584 1434 129 21 bestämma
729 1434 44 21 den
788 1435 81 26 grund,

112 1468 29 26 på
159 1468 81 21 hvilka
255 1469 28 20 de
298 1468 116 21 blifvande
430 1469 157 26 stadgandena
603 1469 78 20 kunde
697 1469 65 21 fotas.
