1070 1734
332 162 238 24 Petitionsbetänkande
587 163 35 23 N:o
639 164 21 21 9.

422 585 267 23 Ekonomiutskottets
713 586 157 22 betänkande

339 620 36 23 N:o
392 621 15 22 8
424 622 5 21 i
447 621 109 27 anledning
568 621 26 22 af
602 622 32 22 ett
647 622 54 22 inom
715 620 157 24 Bondeståndet

336 656 126 24 framstäldt
475 656 191 29 petitionsförslag,
679 656 109 28 angående
797 657 74 27 tillägg

336 692 32 23 till
385 691 77 29 nådiga
474 692 151 28 förordningen
637 698 33 17 om
681 692 139 28 utskänkning
832 692 39 23 och

336 728 126 29 försäljning
474 728 26 23 af
506 728 151 29 maltdrycker,
666 728 69 28 gifven
744 729 39 21 den
792 728 14 22 2
815 727 57 29 April

337 764 58 22 1883
413 764 40 23 och
470 764 4 22 i
491 765 61 22 vissa
568 764 60 23 delar
644 764 80 22 ändrad
740 770 74 22 genom
828 763 44 23 för-

338 800 114 28 ordningen
469 801 39 21 den
525 800 14 22 9
555 800 43 22 Juni
615 800 62 22 1892.

196 882 165 23 Ofvanberörda
381 884 191 29 petitionsförslag,
592 884 83 21 hvilket
693 891 45 14 som
757 884 69 28 bilaga
842 883 32 21 åt-

125 918 62 29 följer
210 919 60 22 detta
293 919 142 27 betänkande,
458 919 38 22 har
517 920 23 21 af
562 919 163 22 Bondeståndet
744 919 130 28 hänskjutits

125 954 31 21 till
173 954 223 22 Ekonomiutskottets
413 955 157 22 förberedande
586 955 135 29 behandling.

196 1100 107 22 Gällande
323 1100 126 28 förordning
467 1099 109 29 angående
593 1099 136 28 tillverkning
745 1097 40 22 och
800 1097 74 22 destil-

125 1135 67 28 lering
212 1135 23 22 af
256 1135 96 27 bränvin,
372 1136 74 29 gifven
466 1135 43 22 den
530 1137 12 20 9
563 1135 52 21 Juni
632 1135 63 26 1892,
710 1135 114 28 inrymmer
839 1140 36 21 ge-

125 1178 50 14 nom
190 1170 129 30 stadgandet
335 1172 32 21 uti
382 1171 69 22 första
466 1179 62 13 mom.
545 1171 23 21 af
584 1172 12 26 $
608 1172 11 20 2
633 1169 159 23 vederbörande
803 1168 72 22 lands-

125 1206 101 22 kommun
246 1207 103 29 rättighet
370 1210 31 18 att
417 1207 72 21 lemna
505 1207 51 21 eller
571 1207 100 28 förvägra
686 1205 62 22 bifall
762 1205 33 21 till
810 1205 66 20 inrät-

124 1242 108 22 tande-af
253 1243 99 22 bränneri
374 1243 57 21 inom
452 1243 50 21 dess
523 1242 92 22 område.
646 1241 75 22 Säsom
741 1249 26 14 en
783 1240 93 28 tillämp-

125 1278 51 29 ning
198 1278 22 22 af
242 1278 254 29 sjelfstyrelseprincipen
518 1278 64 22 äfven
605 1277 27 30 pä
653 1277 59 22 detta
732 1276 86 22 omräde
838 1275 38 22 har

125 1314 141 21 omförmälda
286 1314 103 29 rättighet
404 1314 23 21 af
441 1314 218 22 landskommunerna
674 1313 79 22 helsats
769 1311 50 22 med
834 1311 42 22 den

126 1351 79 20 största
227 1349 190 22 tillfredsställelse
438 1350 41 21 och
498 1350 102 29 gestaltat
618 1350 33 28 sig
665 1349 33 21 till
714 1351 31 19 ett
759 1347 53 30 godt
828 1346 49 22 stöd

125 1385 34 21 för
174 1385 27 22 de
218 1385 216 30 nykterhetsvänliga
447 1385 145 27 sträfvanden,
603 1385 73 22 hvilka
687 1385 22 21 af
719 1384 79 22 folkets
812 1383 65 28 djupa

126 1421 35 21 led
177 1421 102 22 omfattas
296 1421 49 22 med
361 1421 24 22 sä
400 1421 92 29 mycken
508 1423 78 20 värme.
610 1421 43 22 Om
668 1429 49 13 man
733 1419 83 22 fränser
826 1418 51 22 skil-

125 1456 69 22 naden
210 1457 8 20 i
234 1457 103 22 afseende
353 1465 13 13 &
382 1457 159 22 alkoholhalten
558 1457 89 22 emellan
664 1457 27 21 de
701 1456 24 21 sä
735 1455 84 22 kallade
832 1461 46 14 rus-

197 1498 206 19 Ekonomiutskottets
418 1499 126 18 betänkande
557 1499 37 18 N:o
609 1499 17 18 8.
