1056 1731
334 160 299 27 Petitionsmemorial.

175 225 116 36 Bondest.
457 238 2 2 :
681 228 45 23 N:o
742 228 54 23 130.

618 437 179 27 (Öfversättning.)

274 546 47 19 Till
339 546 156 20 Hedervärda
511 546 190 19 Bondeståndet.

175 609 48 19 Med
242 609 35 19 allt
297 610 64 18 större
381 608 78 20 klarhet
480 609 94 19 framstår
594 608 59 21 äfven
668 609 7 18 i
690 608 45 20 vårt
749 608 47 19 land
809 608 55 24 jern-

106 640 98 22 vägarnas
224 638 102 24 betydelse
348 638 65 19 såsom
431 637 92 25 häfstång
539 637 31 19 för
586 638 38 18 den
640 637 98 19 allmänna
753 636 113 20 utvecklin-

106 672 43 18 gen.
181 667 8 19 I
213 672 72 14 samma
306 666 50 25 män,
370 666 106 24 jernvägar
493 667 79 23 byggas
596 666 38 20 och
656 668 76 22 öppnas
752 666 32 18 för
798 664 67 24 trafik,

106 696 37 18 har
158 694 130 20 samfärdseln
303 694 65 20 blifvit
383 694 90 24 lifligare,
489 696 37 19 och
543 700 25 14 en
583 695 53 19 ökad
652 695 71 19 allmän
735 694 130 23 företagsam-

106 724 34 19 het
162 724 67 23 börjat
251 724 42 19 visa
316 723 29 24 sig
365 724 7 18 i
391 724 23 18 de
437 724 84 23 trakter,
542 729 42 13 som
605 724 52 23 ligga
677 723 54 19 inom
745 724 120 23 järnvägens

106 752 147 20 trafikområde.
295 752 61 19 Detta
382 752 246 20 kommunikationsmedel
649 752 62 19 måste
734 751 132 19 tillerkännas

106 780 118 24 förtjensten
240 780 19 20 af
273 781 136 23 jordbrukets,
421 781 190 24 boskapsskötselns
628 780 37 20 och
680 780 110 19 industrins
805 779 61 19 raska

106 810 98 23 uppsving
219 810 7 18 i
241 809 44 19 vårt
300 810 53 24 land,
369 810 35 18 der
418 810 63 18 redan
497 810 125 19 vidsträckta
636 809 76 24 bygder
733 809 57 23 njuta
805 807 21 20 af
842 808 24 18 de

107 838 100 19 förmåner
228 838 107 24 jernvägen
357 838 94 24 skänker;
473 844 44 13 men
541 838 63 20 andra
625 838 77 19 trakter
721 838 91 19 däremot
830 838 36 17 äro

108 869 52 17 ännu
175 867 6 18 i
197 866 97 20 afsaknad
313 866 21 20 af
354 867 64 19 denna
433 867 127 24 nödvändiga
574 866 110 24 betingelse
700 866 31 19 för
746 866 53 19 ökad
814 864 53 20 före-

107 896 117 23 tagsamhet.

176 923 69 20 Ehuru
268 923 68 24 frågan
360 929 31 14 om
411 930 24 13 en
454 930 71 18 genom
543 924 102 19 mellersta
660 923 82 20 delarna
758 922 21 21 af
793 922 76 23 landet,

107 953 86 24 löpande
213 953 88 24 jernväg,
325 958 41 14 som
388 953 64 19 skulle
476 953 124 20 sinsemellan
623 952 70 20 förena
712 953 23 18 de
755 953 7 18 i
780 951 90 23 riktning

108 981 44 19 från
172 987 48 13 norr
240 981 31 19 till
291 983 58 18 söder
369 981 76 24 gående
468 982 70 23 banor,
562 981 78 20 hvilkas
662 987 60 14 norra
742 979 128 25 ändpunkter

107 1010 53 24 ligga
181 1010 7 19 i
210 1009 107 24 Uleåborg,
341 1010 78 24 Kuopio
441 1011 38 19 och
499 1011 97 23 Joensuu,
616 1010 63 19 redan
701 1009 31 20 för
747 1008 122 24 längesedan

107 1038 65 19 blifvit
188 1039 65 22 väckt,
266 1039 36 18 har
317 1039 52 19 dock
385 1039 65 19 denna
465 1039 156 23 bansträckning
636 1039 44 19 icke
696 1041 52 16 ännu
764 1037 65 20 blifvit
845 1042 25 13 en

108 1067 118 24 värklighet,
241 1067 81 19 hvarför
337 1067 61 20 också
413 1067 298 23 Riihimäki—St.-Peterburgs
724 1067 90 24 jernväg,
828 1071 42 13 som

108 1095 103 20 förbinder
234 1096 24 19 de
281 1096 90 24 nordliga
394 1096 100 20 banornas
517 1097 61 18 södra
598 1096 126 24 ändpunkter
745 1095 45 19 med
811 1094 60 19 hvar-

108 1125 69 22 andra,
193 1124 110 19 tillsvidare
326 1127 22 16 är
369 1125 38 19 den
427 1125 52 20 enda
500 1125 128 24 förbindning
647 1125 72 18 mellan
738 1123 86 20 nämnda
840 1125 31 16 tre

106 1153 113 24 jernvägar.
250 1153 87 20 Sälunda
358 1155 22 18 är
402 1154 79 19 landets
501 1159 61 14 norra
583 1153 38 20 och
636 1153 61 20 södra
712 1153 57 19 delar
784 1151 88 20 försatta

108 1181 7 19 i
137 1181 66 20 direkt
225 1182 168 19 kommunikation
415 1183 44 18 med
483 1183 119 22 hvarandra,
624 1182 25 19 dä
669 1182 89 19 däremot
776 1181 54 18 inom
846 1180 26 18 de

108 1210 101 19 mellersta
231 1211 36 18 och
289 1211 92 24 nordliga
401 1211 84 19 delarna
506 1211 22 20 af
542 1211 68 19 landet
630 1211 46 19 icke
697 1210 62 19 finnes
779 1215 24 13 en
819 1208 53 19 ende

107 1239 90 24 jernväg,
220 1245 41 13 som
283 1239 63 19 skulle
369 1239 70 20 förena
461 1240 81 19 landets
558 1241 73 22 vestra,
646 1239 100 19 mellersta
762 1237 38 20 och
816 1239 56 18 östra

109 1267 56 19 delar
180 1268 45 19 med
239 1268 113 19 hvarandra
367 1268 37 19 och
419 1268 99 20 förmedla
533 1267 85 20 trafiken
634 1268 44 19 dem
694 1267 91 20 emellan.

178 1296 70 19 Redan
277 1296 66 20 förrän
371 1296 125 21 Savolakska
519 1297 38 19 och
582 1297 99 19 Karelska
706 1296 89 19 banorna
822 1299 50 14 voro

108 1324 79 24 byggda
208 1325 49 19 eller
279 1331 35 13 ens
337 1325 30 19 till
389 1326 30 18 sin
439 1325 89 24 riktning
544 1328 90 17 närmare
649 1325 109 23 bestämda,
774 1323 99 20 framstod

108 1353 33 18 för
163 1353 77 20 landets
261 1354 80 19 ständer
362 1354 176 24 nödvändigheten
559 1354 22 19 af
600 1356 29 17 att
646 1354 8 19 i
675 1353 105 20 framtiden
802 1351 72 20 förena

110 1382 58 19 dessa
184 1383 37 19 och
237 1383 126 19 Wasabanan
378 1384 45 18 med
438 1383 120 20 hvarandra.
584 1383 112 19 Ständerna
712 1382 89 19 uttalade
816 1386 56 13 nem-

109 1410 52 24 ligen
183 1411 32 19 vid
237 1410 55 22 1885
307 1412 33 19 års
356 1412 95 24 landtdag
466 1412 29 20 bl.
511 1418 18 13 a.
546 1412 34 19 det
596 1411 154 24 önskningsmål,
766 1412 30 17 att
811 1414 63 14 norra

110 1439 37 19 och
168 1440 118 20 nordvestra
306 1440 85 19 Finland
412 1440 63 20 borde
498 1440 81 24 bringas
594 1441 7 18 i
615 1445 55 14 mera
691 1440 66 19 direkt
778 1437 96 21 samband

108 1468 45 18 med
176 1468 23 19 de
219 1468 43 20 inre
281 1469 37 19 och
334 1471 55 17 östra
404 1469 85 20 delarna
504 1469 22 20 af
540 1470 68 19 landet
622 1471 52 17 samt
688 1468 44 20 med
748 1468 28 20 St.
792 1466 82 20 Peters-
