1092 1739
286 177 259 23 Motionsbetänkande
563 178 44 22 N:o
623 178 38 22 10.
812 179 25 19 27

108 246 69 21 ofvan
192 246 144 26 framhållits,
352 246 74 21 under
441 246 154 27 föregifvande
612 249 32 18 att
659 246 120 21 förhindra
790 253 28 14 en
830 246 37 27 på-

108 281 106 26 byggnad
231 281 6 20 i
254 283 128 24 presternas
397 281 133 26 inkomster,
547 281 108 20 afvältrar
671 281 61 20 skatt
743 281 44 20 och
797 283 70 23 tunga

108 314 49 21 från
171 315 27 20 de
216 315 134 20 industriela
368 315 181 26 inrättningarna
570 315 44 20 och
630 315 85 20 vältrar
730 315 136 20 densamma

108 349 29 26 på
160 349 305 26 lägenhetsinnehafvarena,
489 351 30 18 ett
542 349 137 24 förfarande,
703 355 49 14 som
771 355 54 14 vore
841 349 25 20 så

108 383 92 27 mycket
222 389 62 14 mera
307 383 87 26 obilligt
410 390 50 13 som
476 383 68 26 enligt
561 383 88 26 Nådiga
665 383 163 26 förordningen
844 383 25 20 af

108 417 44 20 den
170 418 25 20 19
210 417 47 20 Juli
275 418 53 20 1892
345 417 157 27 skyldigheten
517 419 31 18 att
563 417 74 27 bygga
653 417 74 27 kyrka
740 417 44 21 och
797 419 70 25 prest-

108 451 54 26 gård
184 451 7 20 i
213 458 89 14 samma
325 451 143 21 förhållande
490 458 50 14 som
563 451 193 27 prestaflöningen
773 451 93 21 komme

108 488 32 18 att
162 486 139 26 öfverflyttas
324 486 29 26 på
376 492 28 14 en
428 486 62 20 klass
506 486 26 20 af
544 485 147 27 församlings
708 485 157 26 medlemmar,

108 526 50 14 som
180 520 115 20 allaredan
319 527 28 13 en
369 520 24 20 så
417 520 119 20 beskaffad
562 520 137 26 påbyggnad
721 520 92 20 förutan
832 520 33 20 till

108 554 56 20 allra
190 556 82 19 största
293 554 65 21 delen
382 554 90 27 uppbär
490 554 52 20 hela
558 554 45 20 den
619 554 154 26 folkkyrkliga
789 554 77 20 inrätt-

108 589 91 26 ningen.

177 624 43 20 Det
235 624 25 19 är
276 622 49 21 icke
340 622 79 27 nödigt
434 624 32 19 att
481 622 52 27 ingå
544 622 30 28 på
587 629 27 14 en
628 624 105 19 närmare
745 622 120 21 framställ-

108 658 55 26 ning
182 658 25 20 af
227 657 37 21 det
287 658 49 24 sätt,
358 657 88 27 hvarpä
468 657 27 21 de
518 657 134 21 industriela
684 657 181 26 inrättningarne

108 692 69 26 enligt
192 692 60 20 förut
268 692 104 26 gällande
388 692 141 26 lagstiftning
544 691 93 27 deltagit
651 691 7 20 i
672 691 192 27 prestaflöningen

108 726 44 20 och
176 726 84 26 kyrko-
280 726 43 20 och
339 726 246 26 prestgärdsbyggnad,
601 725 97 21 emedan
714 725 60 21 detta
790 726 25 19 är
826 726 39 19 all-

108 761 65 19 mänt
188 760 90 20 bekant.
310 760 102 20 Nämnas
431 760 39 20 mä
485 760 82 20 endast
582 762 32 18 att
629 760 71 20 redan
717 760 79 25 Kongl.
814 759 49 21 Res.

108 794 25 20 af
146 794 44 20 den
206 794 26 20 27
248 794 94 26 Augusti
360 794 54 20 1668
430 794 55 20 fann
500 794 73 26 billigt
589 796 32 18 att
635 794 50 20 icke
701 793 89 21 mindre
801 794 62 19 Jern-

108 828 102 26 Dbergverk
226 828 29 20 än
272 828 39 20 allt
320 829 71 19 annat
402 834 46 14 som
465 828 82 20 tillökes
561 828 39 20 mä
611 829 79 25 utgöra
702 827 163 27 prestaflöning

108 864 60 18 samt
189 862 137 20 förordnade
348 864 31 18 att
394 862 48 20 ifall
458 862 170 20 vederbörande
644 862 50 20 icke
710 862 77 20 kunde
803 862 60 20 säm-

105 896 37 26 jas
165 902 38 14 om
226 896 112 27 beloppet,
363 896 203 26 Landshöfdingen
590 896 63 26 äläge
673 898 32 18 att
721 896 72 27 "effter
808 895 57 21 skiäl

108 930 40 20 och
174 930 182 26 omständigheter
380 930 142 20 determinera
545 930 39 21 och
606 931 125 26 päläggja'.
762 930 102 20 Sålunda

108 964 99 27 uppstod
224 971 27 13 en
267 971 31 20 ny
314 964 100 26 kategori
430 964 131 27 löngifvare,
578 971 49 14 som
644 965 52 20 med
713 964 106 21 förökadt
831 970 33 14 ar-

108 998 49 21 bete
173 998 167 21 tilfförsäkrade
356 999 167 26 presterskapet
538 998 109 21 förökade
663 998 126 21 inkomster
805 1000 59 19 samt

108 1032 163 26 församlingen
292 1032 52 21 flere
360 1032 113 27 deltagare
490 1033 7 20 i
513 1033 82 26 kyrko-
611 1033 44 20 och
667 1032 197 28 prestgärdshygg-

108 1067 52 20 nad.
178 1067 66 20 Detta
259 1066 142 21 förhållande
418 1067 42 20 har
476 1072 81 21 genom
571 1067 163 20 århundraden
745 1066 120 21 bibehållit

108 1101 38 26 sig.
179 1101 50 20 Och
254 1102 54 19 1886
331 1101 35 20 ärs
390 1101 132 26 författning
545 1101 118 21 fasthäller
682 1101 66 20 äfven
765 1101 6 20 i
788 1101 76 20 denna

108 1135 35 20 del
166 1135 44 20 den
232 1135 124 21 historiska
378 1135 104 26 grunden
506 1136 42 20 och
569 1135 90 26 stadgar
680 1142 38 14 om
734 1135 76 20 denna
827 1135 38 20 ka-

107 1169 70 26 tegori
189 1169 175 27 skatteobjekter
377 1169 32 21 uti
420 1176 28 14 en
460 1169 98 21 särskild
569 1169 121 28 pragraf
667 1165 24 36 ($
701 1170 22 26 4)
735 1169 28 27 pä
775 1176 89 13 samma

108 1205 44 19 sätt
164 1210 50 14 som
224 1203 116 26 angäende
348 1203 27 21 de
384 1203 49 20 frän
441 1203 214 27 jordlägenheterna
668 1204 44 20 och
725 1210 139 20 personerna

108 1237 111 27 utgående
240 1237 149 28 utskylderna
413 1237 91 27 siadgas
527 1238 32 20 uti
575 1238 51 20 sina
642 1238 74 20 skilda
732 1238 88 26 lagrum
836 1238 27 25 (7,

108 1273 13 19 8
143 1272 45 21 och
212 1273 25 20 10
259 1273 40 25 $$)
332 1272 64 20 Hade
418 1272 98 21 afsikten
540 1272 57 21 varit
613 1275 32 18 att
660 1272 46 20 låta
722 1272 50 20 hela
789 1272 75 20 denna

108 1306 157 21 förstnämnde
287 1306 100 26 kategori
410 1306 29 27 pä
462 1307 44 20 sätt
529 1306 53 21 eller
600 1308 71 19 annat
687 1306 117 21 försvinna
821 1306 42 20 och

107 1340 99 21 inräkna
221 1340 28 21 de
271 1341 50 20 från
342 1340 75 21 denna
434 1340 111 27 utgående
561 1340 150 27 utskylderna
727 1340 70 20 bland
813 1340 28 20 de
858 1340 6 19 i

109 1375 26 20 10
150 1375 13 26 $
179 1375 107 26 stadgade
308 1375 120 27 personela
451 1375 156 26 utskyldernä,
631 1375 25 20 sä
679 1374 58 21 hade
760 1375 37 20 väl
821 1375 44 24 lag-

108 1409 101 20 stiftaren
236 1409 50 20 icke
309 1409 89 26 stadgat
430 1416 38 13 om
501 1409 65 20 dessa
589 1408 176 27 skatteohjekter
786 1408 33 21 uti
835 1411 30 18 ett

108 1442 108 21 särskildt
238 1443 96 26 lagrum,
350 1445 55 18 utan
422 1443 70 20 infört
514 1443 184 26 industriidkare,
724 1442 141 21 landthand-

107 1476 67 21 lande
191 1477 43 20 och
250 1484 109 20 personer
374 1479 56 18 utan
443 1477 44 20 fast
502 1476 110 26 egendom
629 1476 23 20 in
669 1476 6 20 i
692 1476 143 21 sistnämnde
852 1477 13 25 3

176 1521 47 23 Lag-
236 1522 32 16 och
280 1522 182 17 Ekonomiutskottets
476 1522 109 17 betänkande
597 1522 37 16 N:o
647 1522 28 17 16.
