1056 1739
237 141 28 21 46
399 141 274 25 Petitionsbetänkande
688 143 42 23 N:o
746 144 20 20 2.

415 200 32 20 att
471 199 35 21 till
526 200 185 22 nästkommande
730 199 105 27 landidag
851 199 67 21 måtte
933 200 35 27 af-

348 233 56 22 låtas
426 234 68 27 nådig
516 234 141 28 proposition
680 234 114 28 angående
817 234 111 27 byggande
943 234 29 28 af

346 274 28 14 en
383 268 95 28 jernväg
494 268 54 28 från
558 268 92 28 Nyslott
662 269 63 28 öfver
733 268 154 27 Elisenvaara,
897 270 68 20 event.

347 302 58 21 Alho
420 302 84 21 station
520 302 39 22 vid
573 303 109 21 Karelska
695 303 75 21 banan
782 302 36 22 till
825 302 142 28 Kronoborgs

348 336 69 21 hamn
432 337 38 20 vid
484 336 98 28 Ladoga.

253 547 271 29 Sammanbindningsbana
539 549 79 22 mellan
635 549 113 27 Savolaks,
764 548 105 22 Karelska
885 549 38 21 och

353 583 31 21 S:t
398 583 281 28 Peterburgs—Riihimäki
694 583 127 28 jernvägar.

284 656 148 27 Borgarest.
450 670 25 4 —
491 658 40 21 N:o
547 658 35 24 53;
598 658 124 22 Bondest.
738 670 27 2 —
782 657 39 22 N:o
839 657 47 21 131.

277 748 10 21 I
305 748 134 28 likalydande
459 750 219 27 petitionsmemorial,
698 749 122 22 inlemnade
839 749 6 21 i
861 748 104 27 Borgare-

207 783 39 21 och
262 783 171 27 Bondestånden,
449 784 97 21 anhålles
566 791 34 15 om
620 784 126 21 ekonomisk
762 784 38 21 och
816 784 149 21 instrumental

208 817 159 28 undersökning
383 818 33 21 för
431 825 25 14 en
473 819 275 26 sammanbindningsbana,
760 824 45 15 som
820 818 47 21 från
879 818 86 27 lämplig

206 852 69 27 punkt
285 852 12 21 å
308 852 172 22 Savolaksbanan
493 853 69 21 skulle
574 853 78 27 dragas
663 853 61 21 öfver
734 853 87 27 Nyslott
831 852 39 21 och
881 852 84 21 Punka-

207 887 62 25 harju
289 887 32 20 till
344 887 80 22 Hiitola
447 888 78 21 station
549 888 34 20 vid
602 887 106 22 Karelska
728 887 70 21 banan
817 889 56 19 samt
893 887 72 21 vidare

206 927 76 20 genom
305 921 105 22 Kexholm
433 923 47 20 stad
503 922 60 21 öfver
585 922 114 21 Kiviniemi
719 922 33 21 till
772 921 95 26 Terijoki
887 921 78 21 station

207 955 33 20 vid
262 955 31 22 S:t
311 955 275 28 Petersburg—Riihimäki
604 956 90 27 jernväg
713 956 62 27 längs
792 955 65 22 redan
873 955 92 26 tidigare

207 989 117 22 undersökt
339 990 58 21 linie.

276 1126 42 22 Vid
337 1127 40 21 den
399 1128 77 27 utgång
495 1127 73 28 frågan
585 1134 33 15 om
635 1134 25 15 en
674 1128 91 27 jernväg
781 1127 32 21 till
830 1127 86 27 Nyslott
932 1133 32 15 er-

205 1161 63 22 hållit
283 1162 6 20 i
305 1161 117 27 Utskottet,
441 1163 3 20 i
461 1162 35 21 det
512 1162 110 21 Utskottet
639 1162 83 22 förenat
738 1162 34 26 sig
788 1167 34 15 om
839 1163 32 19 att
886 1161 79 22 föreslå

205 1202 24 15 en
247 1196 66 21 sådan
329 1196 100 27 jernvägs
449 1197 89 20 ledande
557 1197 32 20 till
606 1196 140 21 Elisenvaara
762 1196 54 21 eller
832 1195 70 27 någon
917 1197 48 19 när-

204 1229 91 28 belägen
312 1230 77 21 station
406 1231 13 20 å
434 1231 105 20 Karelska
554 1231 71 21 banan
642 1231 37 21 och
696 1231 75 20 vidare
786 1230 32 21 till
830 1229 135 28 Kronoborg,

204 1266 23 18 är
244 1265 37 20 det
300 1265 83 26 tydligt,
399 1267 32 18 att
451 1267 30 18 ett
499 1265 81 26 förslag
599 1267 31 18 att
646 1265 48 21 leda
708 1265 93 26 jernväg
816 1263 47 22 från
879 1264 86 27 Nyslott

203 1298 33 21 till
254 1298 81 21 Hiitola
354 1299 78 21 station
452 1299 38 21 och
510 1299 104 21 Kexholm
634 1300 48 20 stad
702 1299 50 21 med
768 1299 119 20 detsamma
902 1298 63 21 fallit.

203 1333 51 21 Men
273 1332 61 21 äfven
355 1333 34 20 för
408 1339 25 15 en
450 1333 77 22 bibana
542 1333 47 21 från
605 1333 107 22 Karelska
725 1333 118 27 jernvägen
860 1332 33 21 till
908 1333 57 21 Kex-

203 1367 59 21 holm
281 1367 68 21 finnas
369 1367 49 26 föga
437 1367 53 26 skäl,
511 1367 27 21 då
558 1374 27 15 en
604 1368 66 21 sådan
686 1369 87 20 komme
790 1369 31 18 att
837 1366 66 21 blifva
918 1367 47 21 icke

203 1401 92 22 allenast
311 1402 104 27 betydligt
431 1402 73 27 längre
520 1402 39 22 och
575 1403 76 27 dyrare
667 1404 26 20 än
710 1408 26 16 en
751 1401 91 27 jernväg
857 1401 47 21 från
921 1402 43 21 Eli-

203 1442 104 16 senvaara
323 1436 54 22 eller
391 1436 54 22 Alho
461 1437 33 21 till
510 1436 134 28 Kronoborg,
658 1440 52 18 utan
726 1436 64 21 äfven
807 1438 32 19 att
854 1436 49 26 löpa
919 1436 46 22 dels

272 1487 181 23 Jernvägsutskottets
465 1488 110 18 betänkande
588 1488 37 18 N:o
638 1488 18 18 2.
