1053 1695
231 147 343 35 iPetitionsbetänkande
593 147 53 28 N:o
665 148 26 28 3.

377 496 151 23 Allmänna
538 496 302 23 Petitionsutskottets

305 533 187 22 betänkande
514 533 51 22 N:o
588 533 22 27 1,
633 533 10 22 i
663 533 138 27 anledning
816 532 27 22 af

305 575 31 15 en
347 569 41 21 till
398 568 183 23 Presteständet
591 569 128 22 inlemnad
727 569 113 28 petition,

305 605 127 26 angäende
450 605 106 28 kyrkors
572 605 131 22 förseende
718 605 57 22 med
790 606 51 21 vär-

305 641 177 28 meapparater.

331 700 260 30 (Petitionsmemorial
607 701 44 22 N:o
667 701 27 22 12
710 700 130 29 Prestest.).

163 761 74 22 Jemte
247 761 203 28 protokollsutdrag
461 761 25 22 af
495 761 42 22 den
549 763 12 20 5
572 761 150 22 innevarande
732 761 110 22 Februari

92 799 41 20 har
148 798 136 27 högvördige
310 797 171 22 Presteständet
509 797 35 22 till
563 798 117 21 Allmänna
700 797 141 22 Petitionsut-

93 835 96 21 skottets
212 833 134 28 behandling
369 834 125 27 hänskjutit
516 834 52 21 herr
589 834 122 27 Bergroths
732 833 35 22 till
786 833 55 22 före-

93 870 94 21 nämnda
199 870 65 22 ständ
279 870 125 21 inlemnade
420 869 192 28 petitionsförslag
622 870 114 27 angäende
747 869 96 28 kyrkors

94 906 117 22 förseende
226 906 49 21 med
291 908 201 25 värmeapparater.

164 942 90 27 Frägan
272 948 35 15 om
327 942 97 27 kyrkors
446 942 117 22 förseende
583 942 49 22 med
648 943 195 26 värmeapparater

93 978 148 22 behandlades
257 978 14 21 &
287 980 88 20 senaste
391 978 133 27 kyrkomöte
539 978 40 21 och
595 979 84 21 beslöts
695 977 78 22 dervid

167 1014 50 28 yätti;
233 1014 142 27 kyrkomötet
391 1014 53 22 ville
465 1015 40 20 hos
521 1014 62 22 Hans
598 1014 127 27 Kejserliga
740 1013 103 28 Majestät

94 1050 7 21 i
124 1050 178 27 underdänighet
325 1051 119 21 hemställa
467 1056 34 15 om
526 1049 79 28 åtgärd
622 1050 7 21 i
645 1049 38 22 det
699 1049 59 28 syfte
775 1051 32 19 att
824 1048 18 27 ej

94 1086 85 22 mindre
201 1087 43 20 alla
267 1085 92 29 kyrkor,
383 1093 45 15 som
452 1086 118 22 framdeles
592 1086 85 27 byggas
694 1085 63 22 skola
772 1084 71 22 förses

93 1122 50 22 med
159 1122 298 27 uppvärmningsapparater,
474 1124 28 19 än
518 1122 41 21 ock
574 1123 33 20 att
623 1122 43 21 alla
682 1121 69 22 redan
766 1120 77 22 befint-

93 1158 46 27 liga
162 1159 85 26 kyrkor
271 1158 69 27 skola,
365 1158 40 21 der
421 1158 20 27 ej
458 1158 112 27 undantag
586 1163 65 16 anses
666 1158 54 21 böra
737 1156 108 23 särskildt

94 1193 129 29 medgifvas,
240 1194 69 22 varda
325 1193 96 22 försatta
435 1194 8 21 i
460 1193 38 22 det
509 1194 64 21 skick
584 1195 33 20 att
628 1193 27 22 de
665 1193 74 22 kunde
751 1194 93 25 uppvär-

94 1237 46 14 mas
156 1231 40 21 och
211 1229 72 23 förses
299 1230 50 21 med
364 1230 312 27 uppvärmningsapparater.*

165 1266 68 21 Detta
248 1266 153 26 kyrkomötets
417 1266 74 20 beslut
507 1268 25 18 är
543 1265 59 21 olika
613 1265 71 27 enligt
694 1265 42 21 den
748 1263 97 22 svenska

94 1301 40 22 och
155 1301 71 22 finska
247 1303 82 20 texten.
360 1301 49 22 Den
430 1301 98 22 svenska
542 1303 88 20 textens
649 1300 61 22 förra
730 1300 35 21 del
781 1299 64 27 lyder

94 1337 112 28 nämligen

168 1369 46 26 »att
234 1367 143 28 kyrkomötet
397 1367 53 22 ville
466 1367 41 22 hos
523 1367 61 21 Hans
600 1366 126 27 Kejserliga
742 1365 103 27 Majestät

94 1403 8 21 i
117 1403 177 27 underdånighet
309 1403 118 22 hemställa
443 1409 33 15 om
494 1403 79 26 åtgärd
584 1402 84 22 derhän
678 1404 33 19 att
723 1401 38 22 det
771 1399 74 23 blefve

93 1446 77 21 genom
185 1439 35 28 lag
235 1439 112 22 bestämdt
363 1439 19 27 ej
399 1439 86 22 mindre
500 1439 46 21 att"
563 1445 18 15 o.
597 1445 17 15 s.
630 1445 19 15 v.

167 1481 99 18 Allmänna
279 1481 177 18 Petitionsutskottets
469 1481 107 18 betänkande
589 1479 36 19 N:o
637 1481 14 16 1.
