1070 1731
193 155 11 19 2
383 152 278 23 Petitionsbetänkande
676 152 45 22 N:o
736 152 38 22 24.

191 224 26 22 af
234 225 135 21 bostäderna
384 224 100 22 växande
500 224 116 22 renlafven
631 224 8 22 i
655 224 76 28 regeln
748 224 72 28 tidigt,
837 226 54 20 enär
907 224 35 22 be-

191 260 130 28 folkningen
345 262 26 20 är
394 263 98 25 tvungen
508 263 33 19 att
556 260 90 22 vintern
662 266 33 16 om
712 260 39 21 hos
767 260 35 27 sig
817 260 60 21 hålla
893 260 49 21 kör-

192 296 40 22 och
248 296 127 28 dragrenar.
399 296 31 22 På
445 296 73 28 grund
533 295 67 22 häraf
613 296 85 22 erhålla
714 296 170 27 mångenstädes
894 296 49 21 icke

192 338 40 16 ens
247 331 291 28 lägenhetsinnehafvarena
554 331 51 22 från
621 338 56 21 egna
693 332 135 26 skogslotter
843 332 99 21 tillräck-

192 368 42 27 ligt
258 367 77 28 renlaf,
360 370 52 20 utan
436 368 84 27 nödgas
544 367 72 23 vända
639 368 35 27 sig
697 367 34 22 till
752 367 190 22 kronomarkerna.

192 404 48 22 Den
265 405 117 21 obesuttna
403 404 165 28 befolkningen,
589 404 91 22 hvilken
699 404 108 22 likaledes
823 404 71 21 håller
909 403 35 27 sig

192 440 50 22 med
265 447 71 20 renar,
361 442 25 20 är
409 440 103 28 vanligen
532 440 36 22 för
589 440 142 22 anskaffande
747 440 24 22 af
786 440 39 22 sitt
839 438 69 23 behof
921 438 25 22 af

192 476 105 22 renfoder
311 476 109 22 hänvisad
435 476 140 22 uteslutande
586 476 35 22 till
631 476 97 22 kronans
736 476 56 28 jord.
819 476 12 21 I
841 476 28 22 de
879 475 63 22 nord-

192 512 81 28 ligaste
297 512 91 22 delarna
411 512 25 21 af
457 512 79 27 landet,
560 512 41 22 där
622 512 122 28 höäringen
760 511 67 23 oftast
843 514 25 19 är
884 511 58 27 klen,

193 548 112 22 användes
330 547 75 22 renlaf
426 548 106 27 därjämte
556 548 7 21 i
588 551 46 18 stor
657 548 63 21 skala
743 548 34 21 till
793 546 114 28 utfodring
921 546 25 22 af

193 584 131 21 nötkreatur
340 584 40 21 och
396 583 40 22 får.

265 619 76 22 Ehuru
362 619 102 22 renbetet
486 619 95 22 öfveralt
606 621 25 20 är
647 619 56 27 fritt,
720 619 85 26 uppbär
820 620 73 21 staten
909 619 33 21 så-

193 660 46 15 som
262 654 78 27 antydt
358 660 28 15 en
409 654 47 22 viss
472 653 72 28 afgift,
561 654 60 21 olika
637 655 6 20 i
659 654 60 21 olika
734 654 93 27 trakter,
843 653 36 22 för
893 660 49 15 ren-

192 689 35 22 laf
247 690 134 27 upphämtad
404 690 13 21 å
440 690 164 22 kronomarker.
635 690 85 21 Endast
735 690 8 21 i
759 690 80 27 Enare,
856 689 86 28 Utsjoki

193 725 40 22 och
249 725 123 22 Enontekis
389 726 132 27 kommuner,
539 726 40 21 där
591 726 78 27 jorden
677 728 26 19 är
713 725 102 26 oskiftad,
826 725 35 22 får
872 725 73 22 renlaf

191 761 69 27 jämte
277 761 71 27 öfriga
363 761 189 28 skogsprodukter
562 761 25 22 af
595 761 289 28 lägenhetsinnehafvarena
894 761 49 21 fritt

193 797 132 26 uppsamlas.
355 797 102 27 Afgiften
480 797 34 22 för
538 797 83 22 laftäkt
644 798 46 27 har,
707 797 70 28 enligt
793 797 24 22 af
830 797 112 27 Forststy-

194 833 75 21 relsen
294 833 95 27 benäget
412 833 127 22 meddelade
562 833 120 28 uppgifter,
699 833 34 22 till
751 833 102 27 beloppet
869 833 74 22 växlat

194 868 59 21 inom
269 868 27 22 de
312 868 73 22 skilda
400 869 259 26 inspektionsdistrikten
675 869 49 22 frän
741 869 29 22 tio
787 869 66 26 penni
868 869 35 21 till
916 875 26 15 en

194 904 64 21 mark
275 904 33 21 för
324 905 75 26 lasset,
416 905 7 20 i
439 905 37 21 det
492 905 125 21 densamma
633 905 70 21 under
719 911 78 15 senare
808 905 32 21 tid
852 905 90 27 utgjort:

193 939 59 22 inom
277 940 57 21 Vasa
357 940 49 22 läns
429 940 231 27 inspektionsdistrikt
683 941 30 21 tio
736 940 73 27 penni,
833 940 57 21 inom
911 940 31 27 Ijo

194 975 232 27 inspektionsdistrikt
451 975 83 22 femton
554 977 73 26 penni,
643 976 58 21 inom
716 976 63 21 Kemi
796 976 146 26 inspektions-

194 1011 93 22 distrikt
310 1011 106 28 tjugufem
439 1012 72 27 penni,
535 1012 58 21 inom
617 1012 84 27 Kuopio
726 1012 48 21 läns
798 1011 145 27 inspektions-

194 1046 93 22 distrikt
313 1047 77 22 trettio
414 1048 65 26 penni
503 1048 40 21 och
567 1048 57 21 inom
648 1048 121 21 Uleäträsk
797 1047 146 27 inspektions-

194 1082 93 21 distrikt
309 1089 27 15 en
360 1083 68 27 mark,
453 1083 40 22 allt
515 1089 40 21 per
578 1083 51 22 lass.
673 1083 59 22 Från
756 1083 186 21 kronomarkerna

193 1117 59 22 inom
273 1118 71 27 öfriga
366 1119 232 26 inspektionsdistrikt
619 1119 40 22 har
675 1119 121 27 föryttring
811 1118 25 22 af
849 1118 74 22 renlaf
936 1119 6 20 i

194 1153 121 22 allmänhet
335 1153 20 28 ej
376 1153 168 28 ifrägakommit.
575 1154 65 22 Hvad
662 1155 49 21 åter
726 1154 70 27 angår
811 1154 38 21 det
865 1154 77 26 belopp

194 1189 25 21 af
241 1189 80 27 renlaf,
346 1195 46 16 som
414 1190 85 27 årligen
523 1189 106 28 afyttrats
649 1190 51 21 från
716 1190 186 27 kronoskogarna,
918 1190 24 21 så

193 1224 41 21 har
251 1224 120 22 detsamma
387 1225 70 27 enligt
471 1225 34 22 till
521 1225 180 28 Forststyrelsen
711 1226 112 26 ingångna
833 1225 109 21 kvartals-

192 1262 118 25 rapporter
325 1260 36 22 för
376 1261 98 22 sistlidet
489 1261 25 22 år
530 1262 95 27 uppgått
641 1261 160 27 sammanlagdt
816 1261 36 21 till
869 1262 74 26 1092,4

193 1295 46 22 lass
259 1297 41 20 och
320 1298 13 19 8
349 1297 146 28 kubikmeter,
512 1297 81 22 hvaraf
606 1299 62 25 469,4
683 1298 45 21 lass
744 1297 39 21 och
800 1298 13 19 8
829 1297 113 21 kubikme-

193 1335 42 23 ter,
254 1331 36 22 för
305 1332 77 22 hvilka
398 1333 116 26 uppburits
530 1339 27 16 en
574 1333 125 27 ersättning
714 1332 25 22 af
753 1332 189 22 etthundranitton

193 1367 64 21 mark
281 1367 121 28 sjuttiofem
424 1368 71 28 penni,
520 1368 79 27 belöpa
622 1368 35 28 sig
680 1370 85 20 ensamt
785 1368 28 26 pä
829 1367 66 22 Kemi
910 1368 32 22 in-

193 1403 215 28 spektionsdistrikt,
432 1404 76 22 medan
530 1406 42 19 623
590 1404 45 22 lass
651 1406 57 20 emot
724 1410 27 16 en
767 1404 140 27 godtgörelse
920 1404 26 21 af

193 1438 235 28 femhundratjugutvä
450 1440 62 21 mark
536 1439 120 22 femtiofem
675 1440 67 26 penni
757 1440 120 21 utlämnats
893 1439 49 22 från

269 1486 107 19 Allmänna
389 1487 183 19 Petitionsutskottets
585 1488 117 18 betänkande
714 1488 38 18 N:o
763 1488 28 17 15.
