1056 1731
310 84 336 24 Petitionsmemorial.

97 142 132 34 Prestest.
747 146 48 19 N:o
808 145 45 19 29.

625 320 162 27 (Öfversättning.)

257 383 49 19 Till
323 383 160 27 Högvördiga
497 383 199 20 Presteständet.

166 440 83 25 Frägan
265 447 31 12 om
312 447 25 13 en
352 441 260 25 sammanbindningsbana
627 440 88 20 emellan
730 440 72 23 Vasa-,
819 439 35 19 Sa-

98 468 82 20 volaks-
197 469 38 19 och
258 469 103 20 Karelska
383 470 92 19 banorna
489 470 38 19 har
542 470 62 19 redan
628 476 26 12 en
669 469 71 25 längre
755 468 32 20 tid
801 468 54 20 varit

98 496 44 20 före
157 497 36 19 vid
207 498 50 19 vära
272 498 123 26 landtdagar
410 499 38 19 och
464 499 47 19 dess
522 498 108 26 betydelse
641 500 23 17 är
674 497 86 20 allmänt
770 497 84 19 erkänd.

98 526 41 18 Vid
155 526 163 20 bestämmandet
333 527 23 19 af
369 527 130 26 lämpligaste
521 527 147 25 sträckningen
683 526 33 20 för
730 526 124 23 densamma,

98 554 38 19 har
150 562 48 12 man
212 555 90 19 förutom
325 556 152 25 befrämjandet
498 556 24 19 af
535 555 145 20 lokaltrafiken
695 557 31 17 att
741 557 49 23 taga
805 555 50 19 hän-

99 590 39 18 syn
153 584 32 18 till
200 583 175 27 hufvudsakligen
390 587 77 17 tvänne
482 585 130 25 synpunkter
626 584 116 25 nämligen:

170 613 29 18 1:o
215 615 32 17 att
261 613 74 24 banan,
351 614 46 18 med
413 614 113 19 detsamma
541 614 40 19 den
596 613 69 20 såvidt
680 612 82 26 möjligt
775 612 80 20 komme

99 642 31 18 att
144 641 73 19 beröra
233 641 81 20 landets
334 642 104 26 naturliga
452 642 120 20 trafikleder
587 642 38 20 och
640 642 131 24 vattendrag,
791 641 64 19 borde

99 669 96 19 förbinda
209 670 82 19 landets
306 673 55 17 östra
377 671 38 19 och
430 671 105 19 mellersta
550 671 57 19 delar
622 670 46 20 med
684 670 25 19 de
719 670 90 25 vestliga
821 670 34 19 de-

99 698 58 19 larna
171 698 33 19 för
219 699 158 20 underlättande
392 700 23 19 af
428 700 134 25 varuutbytet
577 699 77 19 mellan
668 699 114 23 desamma;

169 727 32 19 2:0
216 730 31 16 att
263 728 24 19 de
302 728 44 20 inre
369 728 84 20 delarna
475 728 23 20 af
510 728 72 20 landet
596 729 27 25 pä
638 728 83 19 rakaste
736 730 41 22 väg
791 727 64 19 borde

99 755 82 19 förenas
203 756 47 19 med
272 757 63 19 redan
350 757 107 25 befintliga
471 757 111 25 jernvägar
598 757 38 19 och
651 756 87 20 sälunda
752 756 81 19 komma
848 756 7 18 i

99 783 126 21 förbindelse
240 785 46 19 med
302 786 25 18 de
341 786 36 19 vid
391 786 80 19 Finska
492 786 62 20 viken
574 786 88 25 belägna
676 785 134 19 trafikeentra
825 784 31 20 S:t

99 812 133 26 Petersburg,
248 814 86 25 Viborg,
349 814 77 22 Kotka,
443 814 133 26 Helsingfors
592 814 38 20 och
644 814 81 25 Hangö.
745 816 2 2 '

168 841 11 19 I
190 842 91 25 enlighet
295 843 47 19 med
352 843 61 20 dessa
422 844 104 25 principer
536 843 82 20 anhöllo
629 842 116 20 Ständerna
755 842 36 19 vid
803 842 52 20 1891

100 870 34 19 ärs
149 870 106 26 landtdag,
271 874 30 16 att
316 878 25 13 en
354 872 88 25 jernväg
457 873 64 19 mätte
536 873 80 25 byggas
631 871 47 20 frän
693 871 72 19 Keuru
775 870 33 20 till
818 870 36 25 Jy-

99 898 88 26 väskylä
203 902 53 16 samt
271 902 30 17 att
316 901 63 25 nädig
401 901 130 25 proposition
553 908 32 12 om
601 901 67 19 denna
683 900 64 20 banas
762 899 94 20 fortsätt-

99 927 51 26 ning
165 928 33 18 till
213 928 169 20 Savolaksbanan
404 930 64 19 mätte
490 930 118 25 föreläggas
624 929 111 19 ständerna
750 928 36 20 vid
803 928 53 20 1894

100 956 34 19 års
149 956 106 26 landtdag.
285 958 73 19 Denna
379 958 137 26 fortsättning
531 958 23 20 af
567 959 68 19 banan
652 958 77 25 ansägo
746 957 111 20 ständerna

100 992 50 12 vara
172 985 23 19 af
209 986 22 19 sä
254 988 43 17 stor
319 987 52 24 vikt,
387 989 31 17 att
433 987 97 19 anhällan
553 987 71 19 därom
646 986 90 26 gjordes,
752 986 65 19 ehuru
833 985 25 19 de

100 1013 46 20 icke
161 1014 86 20 kommit
262 1015 33 19 till
310 1015 81 20 klarhet
406 1016 130 19 beträffande
556 1016 40 19 den
610 1016 68 25 punkt
693 1016 11 18 &
720 1014 137 20 Savolaksba-

100 1049 47 17 nan,
163 1042 31 20 dit
208 1043 163 26 fortsättningen
385 1044 24 20 af
421 1045 68 19 banan
504 1045 64 19 borde
583 1044 81 26 dragas.
691 1044 116 19 Ständerna
822 1050 33 12 an-

101 1071 55 19 höllo
172 1072 105 25 nämligen
291 1080 32 12 om
339 1074 78 19 banans
432 1073 140 20 fortsättande
587 1073 33 19 till
634 1080 38 18 ,en
682 1072 86 26 lämplig
776 1072 79 26 punkt*

101 1100 12 18 3
128 1099 176 22 Savolaksbanan.

169 1129 74 20 Denna
265 1129 98 27 lämpliga
385 1130 66 26 punkt
473 1131 38 19 bör
528 1130 54 20 altsä
597 1130 69 20 sökas.
695 1129 42 20 Det
751 1130 38 19 har
803 1129 55 19 visat

101 1156 38 26 sig,
156 1160 31 17 att
202 1158 87 26 mycken
312 1159 95 19 oklarhet
429 1160 55 19 varit
498 1160 91 19 rådande
604 1159 36 20 vid
657 1159 165 19 bestämmandet
837 1158 23 19 af

101 1186 125 20 densamma.
256 1187 73 20 Denna
357 1188 95 20 oklarhet
476 1195 62 19 synes
564 1195 34 13 oss
620 1194 50 13 vara
692 1187 114 20 förnämsta
827 1194 30 12 or-

101 1214 64 20 saken
181 1216 32 18 till
228 1218 31 17 att
275 1216 30 24 de,
321 1216 72 20 hvilka
407 1217 54 19 varit
476 1217 140 19 intresserade
631 1216 23 20 af
662 1216 79 20 banans
749 1216 109 23 tillkomst,

100 1242 46 20 icke
162 1244 96 26 tillfylles
273 1245 53 25 tagit
341 1245 7 19 i
361 1245 156 20 skärskädande
528 1245 285 25 sammanbindningsbanans
823 1251 33 12 en-

101 1272 79 26 hetliga
202 1273 49 20 eller
275 1274 102 19 allmänna
395 1274 102 24 ändamäl,
518 1281 44 13 som
582 1277 23 17 är
625 1276 31 18 att
676 1274 46 19 med
742 1273 117 20 hvarandra

100 1300 73 20 förena
194 1304 57 17 utom
273 1302 66 20 Vasa-
362 1303 38 19 och
423 1303 204 20 Savolaksbanornas
647 1302 77 26 jämväl
748 1302 110 20 Savolaks-

101 1330 39 18 och
155 1330 104 20 Karelska
274 1331 102 20 banornas
392 1332 160 19 trafikomräden
567 1332 39 19 och
620 1332 87 19 sälunda
717 1331 142 19 ästadkomma

101 1365 26 13 en
141 1358 128 21 förbindelse
291 1360 86 20 emellan
400 1360 98 26 samtliga
519 1360 75 20 mellan
616 1360 112 20 Bottniska
742 1360 63 20 viken
821 1360 38 19 och

101 1387 85 26 Ladoga
201 1388 88 26 belägna
303 1389 109 26 landskap.
435 1389 11 19 I
461 1389 105 20 mellersta
576 1389 90 19 Finland
676 1389 37 19 har
723 1396 48 12 man
781 1388 7 20 i
796 1388 63 20 främ-
