1067 1734
205 159 13 19 4
392 156 277 24 Petitionsbetänkande
685 156 42 23 N:o
743 156 23 22 6.

273 223 35 21 En
323 224 89 27 kollega
429 224 85 26 uppbär
526 224 72 21 såsom
609 224 109 26 grundlön
730 224 66 26 2,600
808 222 67 26 mark,
888 222 64 22 hvar-

201 259 35 21 till
253 260 84 21 komma
353 261 34 20 tre
404 260 152 27 förhöjningar
573 260 48 21 med
637 261 43 19 800
697 259 62 21 mark
775 259 7 21 i
798 259 87 27 gången
897 257 56 22 efter

203 297 19 25 5,
243 297 25 19 10
285 296 38 20 och
342 297 25 20 15
385 296 36 21 års
437 295 155 28 tjänstgöring.
626 296 61 21 Hans
703 294 162 22 löneförmåner
881 294 71 21 öfver-

202 330 58 28 stiga
275 331 92 22 sålunda
383 331 49 22 icke
448 332 136 26 oväsentligt
599 338 98 15 summan
715 330 24 22 af
755 331 28 21 de
793 330 102 28 arvoden,
907 336 46 16 som

201 366 89 22 lärarne
313 367 7 21 i
343 367 67 27 tyska
426 367 40 21 och
482 366 92 22 franska
590 367 97 27 språken
702 367 104 27 uppbära.
838 366 50 21 Men
904 372 48 15 man

202 402 35 22 får
253 402 78 22 härvid
348 403 19 27 ej
384 402 90 28 förbise,
492 404 32 20 att
535 409 26 15 en
575 403 89 27 kollega
674 405 25 19 är
711 402 90 28 skyldig
811 404 32 19 att
854 402 99 21 meddela

201 438 160 28 undervisning
383 440 27 20 22
429 438 87 22 timmar
536 439 8 21 i
560 438 90 22 veckan.
681 438 35 22 Då
731 438 129 26 läroplanen
876 438 35 21 för
926 438 26 21 de

202 474 112 22 klassiska
336 474 104 28 lyceerna
459 477 108 25 upptager
591 474 78 22 endast
691 476 26 19 18
739 474 109 22 lektioner
865 474 6 20 i
887 474 66 26 tyska

202 510 39 20 och
265 509 91 23 franska
380 510 103 28 språken,
505 516 53 16 vore
574 517 28 15 en
618 510 87 28 kollega
721 510 6 21 i
744 510 65 22 dessa
825 510 67 26 språk
909 509 43 22 för-

201 545 85 27 pligtad
307 547 33 20 att
361 548 51 19 utan
434 546 96 21 särskild
548 546 125 27 ersättning
688 546 120 22 undervisa
823 545 130 27 ytterligare

202 582 14 20 4
232 581 87 22 timmar
334 582 8 20 i
357 582 91 21 veckan.
474 582 99 22 Tillfälle
584 582 35 22 till
630 582 69 22 sådan
709 582 160 26 undervisning
880 581 72 21 kunde

202 617 93 21 beredas
317 618 77 21 honom
415 620 53 19 utan
487 618 121 27 svårighet.
639 618 11 21 I
676 620 25 19 12
718 617 25 22 af
757 618 26 21 de
799 619 26 19 14
841 617 112 21 klassiska

202 652 103 27 lyceerna
321 653 142 22 underhåller
479 656 73 19 staten
568 660 27 15 en
610 654 107 27 reallinie,
734 653 41 21 där
785 653 66 27 tyska
862 653 91 27 språket

202 688 131 23 undervisas
349 691 13 19 8
379 689 87 22 timmar
476 690 7 20 i
495 690 90 21 veckan.
611 689 32 22 Af
652 690 65 21 dessa
727 689 94 27 timmar,
833 689 34 21 för
877 689 76 21 hvilka

203 725 138 21 statsverket
364 725 35 21 får
419 725 123 22 vidkännas
566 732 28 15 en
616 726 50 21 icke
689 725 114 27 obetydlig
819 724 67 28 utgift
901 726 51 24 (140

203 754 63 28 mark
282 767 21 20 p.
320 760 84 29 timme)
421 762 73 21 kunde
511 762 66 21 alltså
593 761 85 22 hälften
694 760 117 23 åhvälfvas
827 761 102 27 kollegan
945 760 7 21 i

202 796 67 27 tyska
289 797 40 21 och
345 796 98 23 franska.
475 797 45 21 För
536 799 33 19 att
584 797 75 21 kunna
672 796 96 28 jämföra
784 797 27 21 de
827 796 125 27 kostnader,

202 838 47 15 som
273 832 188 28 undervisningen
484 833 7 21 i
515 833 66 27 tyska
604 833 40 21 och
667 832 93 22 franska
781 838 28 16 nu
825 832 128 21 förorsakar

202 868 137 22 statsverket
355 869 49 21 med
420 869 28 22 de
464 868 98 28 utgifter,
580 875 44 15 som
636 869 73 21 skulle
719 868 103 22 åsamkas
834 868 119 21 detsamma

201 903 59 22 efter
276 904 42 21 den
333 903 128 29 föreslagna
476 905 123 21 reformens
615 904 178 28 genomförande,
811 905 68 20 måste
894 903 58 22 ifrån

202 939 115 28 kollegans
333 940 37 21 lön
387 941 142 21 subtraheras
546 940 91 22 arvodet
653 940 34 22 för
703 942 14 19 4
733 940 164 27 veckotimmar,
910 941 42 19 560

203 975 68 21 mark.
302 975 44 22 Det
369 976 61 21 visar
454 976 34 27 sig
512 976 33 27 då,
562 978 34 19 att
611 977 42 21 den
669 975 118 22 förordade
803 975 149 27 anordningen

201 1011 74 21 skulle
292 1011 68 22 under
376 1011 116 28 kollegans
508 1011 44 22 fem
567 1011 71 22 första
652 1012 110 27 tjänsteår
778 1011 108 22 resultera
903 1011 6 20 i
926 1017 26 15 en

201 1047 120 27 besparing
337 1047 25 21 af
377 1049 43 20 360
436 1048 63 21 mark
514 1054 40 20 per
569 1048 36 26 år;
619 1048 70 21 under
700 1048 27 21 de
738 1047 96 27 följande
845 1047 44 21 fem
899 1047 53 21 åren

200 1081 76 23 blefve
299 1083 148 27 besparingen
470 1085 28 19 40
521 1083 62 22 mark
607 1089 39 21 per
662 1083 30 22 år.
732 1083 68 21 Först
823 1082 67 22 sedan
906 1083 46 20 kol-

200 1117 67 28 legan
285 1118 91 21 kommit
392 1119 7 20 i
415 1119 129 27 åtnjutande
560 1119 24 21 af
598 1119 34 21 sin
648 1119 68 21 andra
732 1118 184 27 löneförhöjning,
934 1118 18 21 d.

200 1159 20 15 v.
238 1159 17 15 s.
273 1153 57 22 efter
345 1153 31 22 tio
393 1154 36 21 års
450 1154 156 27 tjänstgöring,
629 1155 73 21 skulle
722 1161 27 14 en
766 1153 83 28 ökning
865 1153 6 21 i
888 1153 65 27 utgif-

200 1191 71 26 terna,
288 1189 49 22 med
353 1191 44 20 280
413 1191 63 20 mark
491 1197 40 20 per
542 1192 32 26 år,
586 1191 93 26 inträda,
692 1190 92 22 hvilken
795 1189 88 27 ökning,
896 1189 58 22 efter

201 1225 37 21 det
259 1225 116 27 kollegans
391 1226 36 21 lön
444 1227 48 20 nått
509 1227 39 21 sitt
564 1227 175 26 maximibelopp,
758 1228 63 24 stege
836 1225 35 21 till
890 1227 62 25 1,080

200 1261 71 21 mark.

272 1297 35 21 Då
325 1297 27 22 de
368 1297 112 22 klassiska
496 1298 115 27 lyceernas
627 1298 58 21 antal
703 1300 25 19 är
747 1299 32 25 14,
797 1296 74 23 blefve
887 1297 66 22 alltså

200 1334 87 20 statens
311 1333 71 28 årliga
406 1334 120 27 besparing
541 1334 70 21 under
627 1333 27 22 de
669 1333 44 22 fem
730 1333 72 21 första
817 1333 54 21 åren
887 1334 65 26 5,040

199 1369 64 20 mark
279 1369 93 27 årligen,
389 1369 39 22 och
446 1369 69 22 under
531 1370 42 21 den
589 1369 96 28 följande
700 1368 189 27 femårsperioden
909 1370 43 20 560

200 1404 63 21 mark
287 1411 40 20 per
347 1405 31 21 år.
409 1405 50 22 Den
480 1405 71 27 tredje
567 1405 188 26 femårsperioden
772 1405 72 21 skulle
861 1404 93 27 uppvisa

200 1446 27 15 en
243 1440 84 27 ökning
343 1442 113 25 gentemot
472 1441 26 21 de
514 1441 126 21 nuvarande
656 1440 151 22 kostnaderna
823 1440 48 21 med
888 1442 64 22 3,920

272 1481 107 18 Allmänna
391 1482 185 18 Petitionsutskottets
589 1482 116 18 betänkande
719 1482 38 18 N:o
770 1482 17 17 4.
