<?xml version="1.0" encoding="UTF-8"?>
<alto xmlns="http://www.loc.gov/standards/alto/ns-v3#" xmlns:xlink="http://www.w3.org/1999/xlink" xmlns:xsi="http://www.w3.org/2001/XMLSchema-instance" xsi:schemaLocation="http://www.loc.gov/standards/alto/ns-v3# http://www.loc.gov/alto/v3/alto-3-0.xsd">
	<Description>
		<MeasurementUnit>pixel</MeasurementUnit>
		<sourceImageInformation>
			<fileName>/tmp/tess_kxfv2r4m_input.PNG</fileName>
		</sourceImageInformation>
		<OCRProcessing ID="OCR_0">
			<ocrProcessingStep>
				<processingSoftware>
					<softwareName>tesseract 5.3.4</softwareName>
				</processingSoftware>
			</ocrProcessingStep>
		</OCRProcessing>
	</Description>
	<Layout>
		<Page WIDTH="1059" HEIGHT="1736" PHYSICAL_IMG_NR="0" ID="page_0">
			<PrintSpace HPOS="0" VPOS="0" WIDTH="1059" HEIGHT="1736">
				<ComposedBlock ID="cblock_0" HPOS="236" VPOS="130" WIDTH="530" HEIGHT="22">
					<TextBlock ID="block_0" HPOS="236" VPOS="130" WIDTH="530" HEIGHT="22">
						<TextLine ID="line_0" HPOS="236" VPOS="130" WIDTH="530" HEIGHT="22">
							<String ID="string_0" HPOS="236" VPOS="130" WIDTH="28" HEIGHT="21" WC="0.96" CONTENT="48"/><SP WIDTH="134" VPOS="130" HPOS="264"/>
							<String ID="string_1" HPOS="398" VPOS="130" WIDTH="274" HEIGHT="22" WC="0.92" CONTENT="Petitionsbetänkande"/><SP WIDTH="16" VPOS="130" HPOS="672"/>
							<String ID="string_2" HPOS="688" VPOS="130" WIDTH="41" HEIGHT="22" WC="0.96" CONTENT="N:o"/><SP WIDTH="17" VPOS="130" HPOS="729"/>
							<String ID="string_3" HPOS="746" VPOS="130" WIDTH="20" HEIGHT="22" WC="0.93" CONTENT="2."/>
						</TextLine>
					</TextBlock>
				</ComposedBlock>
				<ComposedBlock ID="cblock_1" HPOS="208" VPOS="186" WIDTH="762" HEIGHT="64">
					<TextBlock ID="block_1" HPOS="208" VPOS="186" WIDTH="762" HEIGHT="64">
						<TextLine ID="line_1" HPOS="208" VPOS="186" WIDTH="762" HEIGHT="29">
							<String ID="string_4" HPOS="208" VPOS="187" WIDTH="94" HEIGHT="21" WC="0.96" CONTENT="Joensuu"/><SP WIDTH="19" VPOS="187" HPOS="302"/>
							<String ID="string_5" HPOS="321" VPOS="188" WIDTH="55" HEIGHT="25" WC="0.96" CONTENT="stad,"/><SP WIDTH="19" VPOS="188" HPOS="376"/>
							<String ID="string_6" HPOS="395" VPOS="191" WIDTH="55" HEIGHT="18" WC="0.96" CONTENT="samt"/><SP WIDTH="20" VPOS="191" HPOS="450"/>
							<String ID="string_7" HPOS="470" VPOS="194" WIDTH="34" HEIGHT="15" WC="0.96" CONTENT="om"/><SP WIDTH="20" VPOS="194" HPOS="504"/>
							<String ID="string_8" HPOS="524" VPOS="188" WIDTH="133" HEIGHT="27" WC="0.96" CONTENT="proposition"/><SP WIDTH="23" VPOS="188" HPOS="657"/>
							<String ID="string_9" HPOS="680" VPOS="188" WIDTH="32" HEIGHT="21" WC="0.96" CONTENT="till"/><SP WIDTH="21" VPOS="188" HPOS="712"/>
							<String ID="string_10" HPOS="733" VPOS="188" WIDTH="61" HEIGHT="20" WC="0.93" CONTENT="nästa"/><SP WIDTH="20" VPOS="188" HPOS="794"/>
							<String ID="string_11" HPOS="814" VPOS="186" WIDTH="103" HEIGHT="28" WC="0.91" CONTENT="landtdag"/><SP WIDTH="15" VPOS="186" HPOS="917"/>
							<String ID="string_12" HPOS="932" VPOS="193" WIDTH="38" HEIGHT="15" WC="0.91" CONTENT="an-"/>
						</TextLine>
						<TextLine ID="line_2" HPOS="208" VPOS="222" WIDTH="422" HEIGHT="28">
							<String ID="string_13" HPOS="208" VPOS="222" WIDTH="82" HEIGHT="26" WC="0.96" CONTENT="gående"/><SP WIDTH="16" VPOS="222" HPOS="290"/>
							<String ID="string_14" HPOS="306" VPOS="228" WIDTH="25" HEIGHT="15" WC="0.96" CONTENT="en"/><SP WIDTH="17" VPOS="228" HPOS="331"/>
							<String ID="string_15" HPOS="348" VPOS="222" WIDTH="64" HEIGHT="21" WC="0.93" CONTENT="sådan"/><SP WIDTH="16" VPOS="222" HPOS="412"/>
							<String ID="string_16" HPOS="428" VPOS="222" WIDTH="68" HEIGHT="22" WC="0.92" CONTENT="banas"/><SP WIDTH="16" VPOS="222" HPOS="496"/>
							<String ID="string_17" HPOS="512" VPOS="222" WIDTH="118" HEIGHT="28" WC="0.96" CONTENT="byggande."/>
						</TextLine>
					</TextBlock>
				</ComposedBlock>
				<ComposedBlock ID="cblock_2" HPOS="209" VPOS="325" WIDTH="763" HEIGHT="745">
					<TextBlock ID="block_2" HPOS="209" VPOS="325" WIDTH="763" HEIGHT="745">
						<TextLine ID="line_3" HPOS="278" VPOS="325" WIDTH="691" HEIGHT="25">
							<String ID="string_18" HPOS="278" VPOS="325" WIDTH="74" HEIGHT="21" WC="0.96" CONTENT="Ehuru"/><SP WIDTH="23" VPOS="325" HPOS="352"/>
							<String ID="string_19" HPOS="375" VPOS="325" WIDTH="112" HEIGHT="22" WC="0.96" CONTENT="Utskottet"/><SP WIDTH="23" VPOS="325" HPOS="487"/>
							<String ID="string_20" HPOS="510" VPOS="331" WIDTH="64" HEIGHT="16" WC="0.96" CONTENT="anser"/><SP WIDTH="22" VPOS="331" HPOS="574"/>
							<String ID="string_21" HPOS="596" VPOS="325" WIDTH="36" HEIGHT="22" WC="0.96" CONTENT="det"/><SP WIDTH="20" VPOS="325" HPOS="632"/>
							<String ID="string_22" HPOS="652" VPOS="325" WIDTH="47" HEIGHT="22" WC="0.95" CONTENT="icke"/><SP WIDTH="20" VPOS="325" HPOS="699"/>
							<String ID="string_23" HPOS="719" VPOS="325" WIDTH="128" HEIGHT="25" WC="0.95" CONTENT="osannolikt,"/><SP WIDTH="20" VPOS="325" HPOS="847"/>
							<String ID="string_24" HPOS="867" VPOS="326" WIDTH="31" HEIGHT="20" WC="0.96" CONTENT="att"/><SP WIDTH="21" VPOS="326" HPOS="898"/>
							<String ID="string_25" HPOS="919" VPOS="325" WIDTH="6" HEIGHT="20" WC="0.96" CONTENT="i"/><SP WIDTH="19" VPOS="325" HPOS="925"/>
							<String ID="string_26" HPOS="944" VPOS="331" WIDTH="25" HEIGHT="14" WC="0.96" CONTENT="en"/>
						</TextLine>
						<TextLine ID="line_4" HPOS="209" VPOS="359" WIDTH="761" HEIGHT="28">
							<String ID="string_27" HPOS="209" VPOS="359" WIDTH="86" HEIGHT="21" WC="0.93" CONTENT="framtid"/><SP WIDTH="13" VPOS="359" HPOS="295"/>
							<String ID="string_28" HPOS="308" VPOS="359" WIDTH="115" HEIGHT="28" WC="0.90" CONTENT="jernvägar"/><SP WIDTH="19" VPOS="359" HPOS="423"/>
							<String ID="string_29" HPOS="442" VPOS="359" WIDTH="22" HEIGHT="22" WC="0.96" CONTENT="af"/><SP WIDTH="15" VPOS="359" HPOS="464"/>
							<String ID="string_30" HPOS="479" VPOS="359" WIDTH="149" HEIGHT="28" WC="0.96" CONTENT="ungefärligen"/><SP WIDTH="20" VPOS="359" HPOS="628"/>
							<String ID="string_31" HPOS="648" VPOS="361" WIDTH="40" HEIGHT="20" WC="0.96" CONTENT="den"/><SP WIDTH="20" VPOS="361" HPOS="688"/>
							<String ID="string_32" HPOS="708" VPOS="359" WIDTH="131" HEIGHT="26" WC="0.96" CONTENT="sträckning,"/><SP WIDTH="17" VPOS="359" HPOS="839"/>
							<String ID="string_33" HPOS="856" VPOS="365" WIDTH="45" HEIGHT="15" WC="0.95" CONTENT="som"/><SP WIDTH="16" VPOS="365" HPOS="901"/>
							<String ID="string_34" HPOS="917" VPOS="359" WIDTH="6" HEIGHT="20" WC="0.93" CONTENT="i"/><SP WIDTH="16" VPOS="359" HPOS="923"/>
							<String ID="string_35" HPOS="939" VPOS="359" WIDTH="31" HEIGHT="21" WC="0.91" CONTENT="of-"/>
						</TextLine>
						<TextLine ID="line_5" HPOS="209" VPOS="393" WIDTH="761" HEIGHT="29">
							<String ID="string_36" HPOS="209" VPOS="400" WIDTH="39" HEIGHT="15" WC="0.96" CONTENT="van"/><SP WIDTH="21" VPOS="400" HPOS="248"/>
							<String ID="string_37" HPOS="269" VPOS="393" WIDTH="121" HEIGHT="28" WC="0.93" CONTENT="åberopade"/><SP WIDTH="19" VPOS="393" HPOS="390"/>
							<String ID="string_38" HPOS="409" VPOS="394" WIDTH="215" HEIGHT="27" WC="0.91" CONTENT="petitionsmemorial"/><SP WIDTH="22" VPOS="394" HPOS="624"/>
							<String ID="string_39" HPOS="646" VPOS="394" WIDTH="88" HEIGHT="28" WC="0.95" CONTENT="åsyftas,"/><SP WIDTH="20" VPOS="394" HPOS="734"/>
							<String ID="string_40" HPOS="754" VPOS="393" WIDTH="61" HEIGHT="22" WC="0.96" CONTENT="skola"/><SP WIDTH="19" VPOS="393" HPOS="815"/>
							<String ID="string_41" HPOS="834" VPOS="393" WIDTH="86" HEIGHT="22" WC="0.96" CONTENT="komma"/><SP WIDTH="19" VPOS="393" HPOS="920"/>
							<String ID="string_42" HPOS="939" VPOS="395" WIDTH="31" HEIGHT="19" WC="0.96" CONTENT="att"/>
						</TextLine>
						<TextLine ID="line_6" HPOS="210" VPOS="427" WIDTH="760" HEIGHT="28">
							<String ID="string_43" HPOS="210" VPOS="427" WIDTH="86" HEIGHT="28" WC="0.96" CONTENT="byggas,"/><SP WIDTH="20" VPOS="427" HPOS="296"/>
							<String ID="string_44" HPOS="316" VPOS="428" WIDTH="62" HEIGHT="21" WC="0.96" CONTENT="torde"/><SP WIDTH="22" VPOS="428" HPOS="378"/>
							<String ID="string_45" HPOS="400" VPOS="429" WIDTH="54" HEIGHT="20" WC="0.96" CONTENT="dock"/><SP WIDTH="20" VPOS="429" HPOS="454"/>
							<String ID="string_46" HPOS="474" VPOS="428" WIDTH="23" HEIGHT="22" WC="0.96" CONTENT="af"/><SP WIDTH="17" VPOS="428" HPOS="497"/>
							<String ID="string_47" HPOS="514" VPOS="429" WIDTH="41" HEIGHT="21" WC="0.93" CONTENT="lätt"/><SP WIDTH="19" VPOS="429" HPOS="555"/>
							<String ID="string_48" HPOS="574" VPOS="429" WIDTH="89" HEIGHT="21" WC="0.92" CONTENT="insedda"/><SP WIDTH="23" VPOS="429" HPOS="663"/>
							<String ID="string_49" HPOS="686" VPOS="429" WIDTH="46" HEIGHT="21" WC="0.95" CONTENT="skäl"/><SP WIDTH="24" VPOS="429" HPOS="732"/>
							<String ID="string_50" HPOS="756" VPOS="427" WIDTH="74" HEIGHT="28" WC="0.96" CONTENT="frågan"/><SP WIDTH="21" VPOS="427" HPOS="830"/>
							<String ID="string_51" HPOS="851" VPOS="434" WIDTH="33" HEIGHT="15" WC="0.93" CONTENT="om"/><SP WIDTH="19" VPOS="434" HPOS="884"/>
							<String ID="string_52" HPOS="903" VPOS="427" WIDTH="67" HEIGHT="22" WC="0.92" CONTENT="vidta-"/>
						</TextLine>
						<TextLine ID="line_7" HPOS="210" VPOS="462" WIDTH="760" HEIGHT="27">
							<String ID="string_53" HPOS="210" VPOS="463" WIDTH="68" HEIGHT="26" WC="0.96" CONTENT="gande"/><SP WIDTH="16" VPOS="463" HPOS="278"/>
							<String ID="string_54" HPOS="294" VPOS="462" WIDTH="23" HEIGHT="21" WC="0.96" CONTENT="af"/><SP WIDTH="15" VPOS="462" HPOS="317"/>
							<String ID="string_55" HPOS="332" VPOS="463" WIDTH="65" HEIGHT="26" WC="0.96" CONTENT="några"/><SP WIDTH="16" VPOS="463" HPOS="397"/>
							<String ID="string_56" HPOS="413" VPOS="463" WIDTH="99" HEIGHT="26" WC="0.96" CONTENT="åtgärder"/><SP WIDTH="15" VPOS="463" HPOS="512"/>
							<String ID="string_57" HPOS="527" VPOS="463" WIDTH="47" HEIGHT="22" WC="0.93" CONTENT="från"/><SP WIDTH="17" VPOS="463" HPOS="574"/>
							<String ID="string_58" HPOS="591" VPOS="463" WIDTH="131" HEIGHT="22" WC="0.92" CONTENT="Ständernas"/><SP WIDTH="17" VPOS="463" HPOS="722"/>
							<String ID="string_59" HPOS="739" VPOS="463" WIDTH="46" HEIGHT="21" WC="0.96" CONTENT="sida"/><SP WIDTH="16" VPOS="463" HPOS="785"/>
							<String ID="string_60" HPOS="801" VPOS="462" WIDTH="66" HEIGHT="22" WC="0.96" CONTENT="redan"/><SP WIDTH="13" VPOS="462" HPOS="867"/>
							<String ID="string_61" HPOS="880" VPOS="469" WIDTH="26" HEIGHT="14" WC="0.32" CONTENT="ou"/><SP WIDTH="10" VPOS="469" HPOS="906"/>
							<String ID="string_62" HPOS="916" VPOS="463" WIDTH="5" HEIGHT="20" WC="0.32" CONTENT="i"/><SP WIDTH="11" VPOS="463" HPOS="921"/>
							<String ID="string_63" HPOS="932" VPOS="462" WIDTH="38" HEIGHT="21" WC="0.72" CONTENT="och"/>
						</TextLine>
						<TextLine ID="line_8" HPOS="210" VPOS="496" WIDTH="761" HEIGHT="28">
							<String ID="string_64" HPOS="210" VPOS="496" WIDTH="34" HEIGHT="21" WC="0.96" CONTENT="för"/><SP WIDTH="15" VPOS="496" HPOS="244"/>
							<String ID="string_65" HPOS="259" VPOS="497" WIDTH="62" HEIGHT="21" WC="0.93" CONTENT="dessa"/><SP WIDTH="17" VPOS="497" HPOS="321"/>
							<String ID="string_66" HPOS="338" VPOS="497" WIDTH="190" HEIGHT="27" WC="0.92" CONTENT="jernvägsplaners"/><SP WIDTH="18" VPOS="497" HPOS="528"/>
							<String ID="string_67" HPOS="546" VPOS="498" WIDTH="144" HEIGHT="21" WC="0.91" CONTENT="realiserande"/><SP WIDTH="16" VPOS="498" HPOS="690"/>
							<String ID="string_68" HPOS="706" VPOS="504" WIDTH="52" HEIGHT="15" WC="0.96" CONTENT="vara"/><SP WIDTH="17" VPOS="504" HPOS="758"/>
							<String ID="string_69" HPOS="775" VPOS="497" WIDTH="33" HEIGHT="21" WC="0.96" CONTENT="för"/><SP WIDTH="15" VPOS="497" HPOS="808"/>
							<String ID="string_70" HPOS="823" VPOS="497" WIDTH="64" HEIGHT="26" WC="0.96" CONTENT="tidigt"/><SP WIDTH="15" VPOS="497" HPOS="887"/>
							<String ID="string_71" HPOS="902" VPOS="497" WIDTH="69" HEIGHT="21" WC="0.96" CONTENT="väckt."/>
						</TextLine>
						<TextLine ID="line_9" HPOS="210" VPOS="531" WIDTH="761" HEIGHT="27">
							<String ID="string_72" HPOS="210" VPOS="531" WIDTH="137" HEIGHT="22" WC="0.96" CONTENT="Beträffande"/><SP WIDTH="25" VPOS="531" HPOS="347"/>
							<String ID="string_73" HPOS="372" VPOS="532" WIDTH="40" HEIGHT="21" WC="0.93" CONTENT="den"/><SP WIDTH="22" VPOS="532" HPOS="412"/>
							<String ID="string_74" HPOS="434" VPOS="532" WIDTH="126" HEIGHT="26" WC="0.91" CONTENT="vestligaste"/><SP WIDTH="24" VPOS="532" HPOS="560"/>
							<String ID="string_75" HPOS="584" VPOS="532" WIDTH="61" HEIGHT="22" WC="0.96" CONTENT="delen"/><SP WIDTH="20" VPOS="532" HPOS="645"/>
							<String ID="string_76" HPOS="665" VPOS="532" WIDTH="23" HEIGHT="21" WC="0.96" CONTENT="af"/><SP WIDTH="18" VPOS="532" HPOS="688"/>
							<String ID="string_77" HPOS="706" VPOS="539" WIDTH="24" HEIGHT="14" WC="0.93" CONTENT="en"/><SP WIDTH="22" VPOS="539" HPOS="730"/>
							<String ID="string_78" HPOS="752" VPOS="531" WIDTH="219" HEIGHT="22" WC="0.85" CONTENT="Pieksämäki--Var-"/>
						</TextLine>
						<TextLine ID="line_10" HPOS="210" VPOS="565" WIDTH="760" HEIGHT="27">
							<String ID="string_79" HPOS="210" VPOS="565" WIDTH="75" HEIGHT="21" WC="0.91" CONTENT="kaus—"/><SP WIDTH="9" VPOS="565" HPOS="285"/>
							<String ID="string_80" HPOS="294" VPOS="565" WIDTH="95" HEIGHT="22" WC="0.93" CONTENT="Joensuu"/><SP WIDTH="16" VPOS="565" HPOS="389"/>
							<String ID="string_81" HPOS="405" VPOS="566" WIDTH="56" HEIGHT="21" WC="0.92" CONTENT="bana"/><SP WIDTH="16" VPOS="566" HPOS="461"/>
							<String ID="string_82" HPOS="477" VPOS="566" WIDTH="39" HEIGHT="21" WC="0.92" CONTENT="har"/><SP WIDTH="16" VPOS="566" HPOS="516"/>
							<String ID="string_83" HPOS="532" VPOS="566" WIDTH="65" HEIGHT="21" WC="0.91" CONTENT="likväl"/><SP WIDTH="17" VPOS="566" HPOS="597"/>
							<String ID="string_84" HPOS="614" VPOS="567" WIDTH="56" HEIGHT="20" WC="0.93" CONTENT="inom"/><SP WIDTH="17" VPOS="567" HPOS="670"/>
							<String ID="string_85" HPOS="687" VPOS="566" WIDTH="114" HEIGHT="21" WC="0.92" CONTENT="Utskottet"/><SP WIDTH="15" VPOS="566" HPOS="801"/>
							<String ID="string_86" HPOS="816" VPOS="565" WIDTH="110" HEIGHT="27" WC="0.92" CONTENT="päpekats,"/><SP WIDTH="14" VPOS="565" HPOS="926"/>
							<String ID="string_87" HPOS="940" VPOS="567" WIDTH="30" HEIGHT="19" WC="0.96" CONTENT="att"/>
						</TextLine>
						<TextLine ID="line_11" HPOS="212" VPOS="599" WIDTH="760" HEIGHT="28">
							<String ID="string_88" HPOS="212" VPOS="599" WIDTH="40" HEIGHT="21" WC="0.96" CONTENT="den"/><SP WIDTH="21" VPOS="599" HPOS="252"/>
							<String ID="string_89" HPOS="273" VPOS="599" WIDTH="72" HEIGHT="21" WC="0.96" CONTENT="kunde"/><SP WIDTH="23" VPOS="599" HPOS="345"/>
							<String ID="string_90" HPOS="368" VPOS="606" WIDTH="50" HEIGHT="15" WC="0.96" CONTENT="vara"/><SP WIDTH="24" VPOS="606" HPOS="418"/>
							<String ID="string_91" HPOS="442" VPOS="600" WIDTH="23" HEIGHT="21" WC="0.96" CONTENT="af"/><SP WIDTH="21" VPOS="600" HPOS="465"/>
							<String ID="string_92" HPOS="486" VPOS="600" WIDTH="109" HEIGHT="27" WC="0.93" CONTENT="betydelse"/><SP WIDTH="28" VPOS="600" HPOS="595"/>
							<String ID="string_93" HPOS="623" VPOS="601" WIDTH="69" HEIGHT="21" WC="0.93" CONTENT="såsom"/><SP WIDTH="31" VPOS="601" HPOS="692"/>
							<String ID="string_94" HPOS="723" VPOS="600" WIDTH="103" HEIGHT="21" WC="0.82" CONTENT="ortsbana"/><SP WIDTH="19" VPOS="600" HPOS="826"/>
							<String ID="string_95" HPOS="845" VPOS="599" WIDTH="33" HEIGHT="22" WC="0.93" CONTENT="för"/><SP WIDTH="22" VPOS="599" HPOS="878"/>
							<String ID="string_96" HPOS="900" VPOS="599" WIDTH="72" HEIGHT="21" WC="0.92" CONTENT="Jorois"/>
						</TextLine>
						<TextLine ID="line_12" HPOS="211" VPOS="633" WIDTH="760" HEIGHT="23">
							<String ID="string_97" HPOS="211" VPOS="633" WIDTH="78" HEIGHT="21" WC="0.96" CONTENT="socken"/><SP WIDTH="19" VPOS="633" HPOS="289"/>
							<String ID="string_98" HPOS="308" VPOS="636" WIDTH="57" HEIGHT="19" WC="0.96" CONTENT="samt"/><SP WIDTH="19" VPOS="636" HPOS="365"/>
							<String ID="string_99" HPOS="384" VPOS="634" WIDTH="34" HEIGHT="21" WC="0.96" CONTENT="för"/><SP WIDTH="19" VPOS="634" HPOS="418"/>
							<String ID="string_100" HPOS="437" VPOS="635" WIDTH="106" HEIGHT="21" WC="0.96" CONTENT="Warkaus"/><SP WIDTH="19" VPOS="635" HPOS="543"/>
							<String ID="string_101" HPOS="562" VPOS="635" WIDTH="55" HEIGHT="21" WC="0.96" CONTENT="bruk"/><SP WIDTH="19" VPOS="635" HPOS="617"/>
							<String ID="string_102" HPOS="636" VPOS="635" WIDTH="39" HEIGHT="21" WC="0.96" CONTENT="och"/><SP WIDTH="19" VPOS="635" HPOS="675"/>
							<String ID="string_103" HPOS="694" VPOS="634" WIDTH="136" HEIGHT="22" WC="0.93" CONTENT="Lehtoniemi"/><SP WIDTH="20" VPOS="634" HPOS="830"/>
							<String ID="string_104" HPOS="850" VPOS="633" WIDTH="99" HEIGHT="22" WC="0.90" CONTENT="verkstad"/><SP WIDTH="16" VPOS="633" HPOS="949"/>
							<String ID="string_105" HPOS="965" VPOS="634" WIDTH="6" HEIGHT="20" WC="0.96" CONTENT="i"/>
						</TextLine>
						<TextLine ID="line_13" HPOS="210" VPOS="668" WIDTH="761" HEIGHT="29">
							<String ID="string_106" HPOS="210" VPOS="668" WIDTH="137" HEIGHT="27" WC="0.95" CONTENT="Leppävirta."/><SP WIDTH="33" VPOS="668" HPOS="347"/>
							<String ID="string_107" HPOS="380" VPOS="669" WIDTH="49" HEIGHT="21" WC="0.93" CONTENT="Med"/><SP WIDTH="23" VPOS="669" HPOS="429"/>
							<String ID="string_108" HPOS="452" VPOS="669" WIDTH="102" HEIGHT="22" WC="0.92" CONTENT="afseende"/><SP WIDTH="24" VPOS="669" HPOS="554"/>
							<String ID="string_109" HPOS="578" VPOS="670" WIDTH="12" HEIGHT="21" WC="0.92" CONTENT="&amp;"/><SP WIDTH="24" VPOS="670" HPOS="590"/>
							<String ID="string_110" HPOS="614" VPOS="669" WIDTH="118" HEIGHT="28" WC="0.96" CONTENT="företagets"/><SP WIDTH="23" VPOS="669" HPOS="732"/>
							<String ID="string_111" HPOS="755" VPOS="671" WIDTH="47" HEIGHT="19" WC="0.93" CONTENT="rent"/><SP WIDTH="20" VPOS="671" HPOS="802"/>
							<String ID="string_112" HPOS="822" VPOS="668" WIDTH="72" HEIGHT="22" WC="0.92" CONTENT="lokala"/><SP WIDTH="19" VPOS="668" HPOS="894"/>
							<String ID="string_113" HPOS="913" VPOS="668" WIDTH="58" HEIGHT="27" WC="0.93" CONTENT="bety-"/>
						</TextLine>
						<TextLine ID="line_14" HPOS="211" VPOS="702" WIDTH="759" HEIGHT="28">
							<String ID="string_114" HPOS="211" VPOS="702" WIDTH="59" HEIGHT="22" WC="0.92" CONTENT="delse"/><SP WIDTH="15" VPOS="702" HPOS="270"/>
							<String ID="string_115" HPOS="285" VPOS="703" WIDTH="67" HEIGHT="21" WC="0.96" CONTENT="borde"/><SP WIDTH="20" VPOS="703" HPOS="352"/>
							<String ID="string_116" HPOS="372" VPOS="703" WIDTH="68" HEIGHT="22" WC="0.93" CONTENT="denna"/><SP WIDTH="19" VPOS="703" HPOS="440"/>
							<String ID="string_117" HPOS="459" VPOS="704" WIDTH="80" HEIGHT="21" WC="0.91" CONTENT="bandel"/><SP WIDTH="19" VPOS="704" HPOS="539"/>
							<String ID="string_118" HPOS="558" VPOS="704" WIDTH="54" HEIGHT="21" WC="0.93" CONTENT="dock"/><SP WIDTH="21" VPOS="704" HPOS="612"/>
							<String ID="string_119" HPOS="633" VPOS="704" WIDTH="121" HEIGHT="21" WC="0.92" CONTENT="tillkomma"/><SP WIDTH="16" VPOS="704" HPOS="754"/>
							<String ID="string_120" HPOS="770" VPOS="703" WIDTH="27" HEIGHT="27" WC="0.96" CONTENT="pä"/><SP WIDTH="15" VPOS="703" HPOS="797"/>
							<String ID="string_121" HPOS="812" VPOS="703" WIDTH="70" HEIGHT="27" WC="0.91" CONTENT="privat"/><SP WIDTH="16" VPOS="703" HPOS="882"/>
							<String ID="string_122" HPOS="898" VPOS="703" WIDTH="72" HEIGHT="20" WC="0.91" CONTENT="initia-"/>
						</TextLine>
						<TextLine ID="line_15" HPOS="211" VPOS="737" WIDTH="760" HEIGHT="28">
							<String ID="string_123" HPOS="211" VPOS="737" WIDTH="37" HEIGHT="21" WC="0.93" CONTENT="tiv."/><SP WIDTH="30" VPOS="737" HPOS="248"/>
							<String ID="string_124" HPOS="278" VPOS="737" WIDTH="34" HEIGHT="22" WC="0.96" CONTENT="Då"/><SP WIDTH="14" VPOS="737" HPOS="312"/>
							<String ID="string_125" HPOS="326" VPOS="737" WIDTH="69" HEIGHT="27" WC="0.96" CONTENT="någon"/><SP WIDTH="17" VPOS="737" HPOS="395"/>
							<String ID="string_126" HPOS="412" VPOS="739" WIDTH="93" HEIGHT="26" WC="0.96" CONTENT="antydan"/><SP WIDTH="16" VPOS="739" HPOS="505"/>
							<String ID="string_127" HPOS="521" VPOS="739" WIDTH="75" HEIGHT="21" WC="0.96" CONTENT="härom"/><SP WIDTH="16" VPOS="739" HPOS="596"/>
							<String ID="string_128" HPOS="612" VPOS="739" WIDTH="122" HEIGHT="21" WC="0.95" CONTENT="emellertid"/><SP WIDTH="16" VPOS="739" HPOS="734"/>
							<String ID="string_129" HPOS="750" VPOS="737" WIDTH="48" HEIGHT="22" WC="0.93" CONTENT="icke"/><SP WIDTH="16" VPOS="737" HPOS="798"/>
							<String ID="string_130" HPOS="814" VPOS="737" WIDTH="111" HEIGHT="27" WC="0.93" CONTENT="försports,"/><SP WIDTH="9" VPOS="737" HPOS="925"/>
							<String ID="string_131" HPOS="934" VPOS="743" WIDTH="37" HEIGHT="20" WC="0.96" CONTENT="ger"/>
						</TextLine>
						<TextLine ID="line_16" HPOS="212" VPOS="771" WIDTH="759" HEIGHT="28">
							<String ID="string_132" HPOS="212" VPOS="771" WIDTH="117" HEIGHT="27" WC="0.91" CONTENT="petitionen"/><SP WIDTH="21" VPOS="771" HPOS="329"/>
							<String ID="string_133" HPOS="350" VPOS="772" WIDTH="111" HEIGHT="22" WC="0.96" CONTENT="Utskottet"/><SP WIDTH="19" VPOS="772" HPOS="461"/>
							<String ID="string_134" HPOS="480" VPOS="773" WIDTH="47" HEIGHT="21" WC="0.96" CONTENT="icke"/><SP WIDTH="20" VPOS="773" HPOS="527"/>
							<String ID="string_135" HPOS="547" VPOS="773" WIDTH="67" HEIGHT="21" WC="0.96" CONTENT="heller"/><SP WIDTH="18" VPOS="773" HPOS="614"/>
							<String ID="string_136" HPOS="632" VPOS="773" WIDTH="117" HEIGHT="26" WC="0.96" CONTENT="anledning"/><SP WIDTH="18" VPOS="773" HPOS="749"/>
							<String ID="string_137" HPOS="767" VPOS="774" WIDTH="32" HEIGHT="19" WC="0.96" CONTENT="att"/><SP WIDTH="15" VPOS="774" HPOS="799"/>
							<String ID="string_138" HPOS="814" VPOS="774" WIDTH="50" HEIGHT="25" WC="0.96" CONTENT="taga"/><SP WIDTH="15" VPOS="774" HPOS="864"/>
							<String ID="string_139" HPOS="879" VPOS="772" WIDTH="7" HEIGHT="21" WC="0.92" CONTENT="i"/><SP WIDTH="17" VPOS="772" HPOS="886"/>
							<String ID="string_140" HPOS="903" VPOS="771" WIDTH="68" HEIGHT="22" WC="0.91" CONTENT="öfver-"/>
						</TextLine>
						<TextLine ID="line_17" HPOS="211" VPOS="806" WIDTH="760" HEIGHT="27">
							<String ID="string_141" HPOS="211" VPOS="806" WIDTH="102" HEIGHT="27" WC="0.96" CONTENT="vägande,"/><SP WIDTH="20" VPOS="806" HPOS="313"/>
							<String ID="string_142" HPOS="333" VPOS="807" WIDTH="28" HEIGHT="26" WC="0.96" CONTENT="på"/><SP WIDTH="19" VPOS="807" HPOS="361"/>
							<String ID="string_143" HPOS="380" VPOS="807" WIDTH="55" HEIGHT="22" WC="0.96" CONTENT="hvad"/><SP WIDTH="19" VPOS="807" HPOS="435"/>
							<String ID="string_144" HPOS="454" VPOS="809" WIDTH="43" HEIGHT="20" WC="0.96" CONTENT="sätt"/><SP WIDTH="19" VPOS="809" HPOS="497"/>
							<String ID="string_145" HPOS="516" VPOS="809" WIDTH="69" HEIGHT="20" WC="0.96" CONTENT="staten"/><SP WIDTH="19" VPOS="809" HPOS="585"/>
							<String ID="string_146" HPOS="604" VPOS="808" WIDTH="72" HEIGHT="21" WC="0.93" CONTENT="kunde"/><SP WIDTH="18" VPOS="808" HPOS="676"/>
							<String ID="string_147" HPOS="694" VPOS="807" WIDTH="134" HEIGHT="22" WC="0.92" CONTENT="understöda"/><SP WIDTH="19" VPOS="807" HPOS="828"/>
							<String ID="string_148" HPOS="847" VPOS="808" WIDTH="31" HEIGHT="20" WC="0.96" CONTENT="ett"/><SP WIDTH="18" VPOS="808" HPOS="878"/>
							<String ID="string_149" HPOS="896" VPOS="806" WIDTH="75" HEIGHT="21" WC="0.96" CONTENT="sådant"/>
						</TextLine>
						<TextLine ID="line_18" HPOS="211" VPOS="841" WIDTH="761" HEIGHT="28">
							<String ID="string_150" HPOS="211" VPOS="841" WIDTH="69" HEIGHT="26" WC="0.96" CONTENT="privat"/><SP WIDTH="15" VPOS="841" HPOS="280"/>
							<String ID="string_151" HPOS="295" VPOS="841" WIDTH="90" HEIGHT="28" WC="0.96" CONTENT="företag."/><SP WIDTH="31" VPOS="841" HPOS="385"/>
							<String ID="string_152" HPOS="416" VPOS="841" WIDTH="31" HEIGHT="22" WC="0.96" CONTENT="På"/><SP WIDTH="16" VPOS="841" HPOS="447"/>
							<String ID="string_153" HPOS="463" VPOS="842" WIDTH="62" HEIGHT="21" WC="0.96" CONTENT="dessa"/><SP WIDTH="20" VPOS="842" HPOS="525"/>
							<String ID="string_154" HPOS="545" VPOS="842" WIDTH="47" HEIGHT="21" WC="0.96" CONTENT="skäl"/><SP WIDTH="19" VPOS="842" HPOS="592"/>
							<String ID="string_155" HPOS="611" VPOS="843" WIDTH="39" HEIGHT="21" WC="0.96" CONTENT="och"/><SP WIDTH="19" VPOS="843" HPOS="650"/>
							<String ID="string_156" HPOS="669" VPOS="843" WIDTH="27" HEIGHT="20" WC="0.96" CONTENT="då"/><SP WIDTH="16" VPOS="843" HPOS="696"/>
							<String ID="string_157" HPOS="712" VPOS="841" WIDTH="114" HEIGHT="22" WC="0.96" CONTENT="Utskottet"/><SP WIDTH="15" VPOS="841" HPOS="826"/>
							<String ID="string_158" HPOS="841" VPOS="841" WIDTH="108" HEIGHT="21" WC="0.96" CONTENT="dessutom"/><SP WIDTH="16" VPOS="841" HPOS="949"/>
							<String ID="string_159" HPOS="965" VPOS="841" WIDTH="7" HEIGHT="20" WC="0.96" CONTENT="i"/>
						</TextLine>
						<TextLine ID="line_19" HPOS="212" VPOS="874" WIDTH="760" HEIGHT="29">
							<String ID="string_160" HPOS="212" VPOS="874" WIDTH="59" HEIGHT="22" WC="0.96" CONTENT="detta"/><SP WIDTH="19" VPOS="874" HPOS="271"/>
							<String ID="string_161" HPOS="290" VPOS="875" WIDTH="38" HEIGHT="21" WC="0.96" CONTENT="sitt"/><SP WIDTH="19" VPOS="875" HPOS="328"/>
							<String ID="string_162" HPOS="347" VPOS="875" WIDTH="136" HEIGHT="22" WC="0.96" CONTENT="betänkande"/><SP WIDTH="19" VPOS="875" HPOS="483"/>
							<String ID="string_163" HPOS="502" VPOS="876" WIDTH="92" HEIGHT="27" WC="0.96" CONTENT="tidigare"/><SP WIDTH="19" VPOS="876" HPOS="594"/>
							<String ID="string_164" HPOS="613" VPOS="877" WIDTH="6" HEIGHT="20" WC="0.96" CONTENT="i"/><SP WIDTH="19" VPOS="877" HPOS="619"/>
							<String ID="string_165" HPOS="638" VPOS="876" WIDTH="157" HEIGHT="26" WC="0.96" CONTENT="sammanhang"/><SP WIDTH="20" VPOS="876" HPOS="795"/>
							<String ID="string_166" HPOS="815" VPOS="875" WIDTH="48" HEIGHT="21" WC="0.93" CONTENT="med"/><SP WIDTH="16" VPOS="875" HPOS="863"/>
							<String ID="string_167" HPOS="879" VPOS="874" WIDTH="93" HEIGHT="22" WC="0.92" CONTENT="behand-"/>
						</TextLine>
						<TextLine ID="line_20" HPOS="213" VPOS="909" WIDTH="758" HEIGHT="29">
							<String ID="string_168" HPOS="213" VPOS="909" WIDTH="71" HEIGHT="26" WC="0.96" CONTENT="lingen"/><SP WIDTH="16" VPOS="909" HPOS="284"/>
							<String ID="string_169" HPOS="300" VPOS="909" WIDTH="24" HEIGHT="21" WC="0.91" CONTENT="af"/><SP WIDTH="14" VPOS="909" HPOS="324"/>
							<String ID="string_170" HPOS="338" VPOS="910" WIDTH="113" HEIGHT="26" WC="0.91" CONTENT="petitioner"/><SP WIDTH="17" VPOS="910" HPOS="451"/>
							<String ID="string_171" HPOS="468" VPOS="910" WIDTH="110" HEIGHT="28" WC="0.96" CONTENT="angående"/><SP WIDTH="16" VPOS="910" HPOS="578"/>
							<String ID="string_172" HPOS="594" VPOS="911" WIDTH="66" HEIGHT="21" WC="0.93" CONTENT="andra"/><SP WIDTH="11" VPOS="911" HPOS="660"/>
							<String ID="string_173" HPOS="671" VPOS="909" WIDTH="300" HEIGHT="27" WC="0.91" CONTENT="sammanbindningsbanor"/><SP WIDTH="-13" VPOS="909" HPOS="971"/>
							<String ID="string_174" HPOS="958" VPOS="905" WIDTH="17" HEIGHT="37" WC="0.96" CONTENT="i"/>
						</TextLine>
						<TextLine ID="line_21" HPOS="212" VPOS="943" WIDTH="760" HEIGHT="29">
							<String ID="string_175" HPOS="212" VPOS="943" WIDTH="130" HEIGHT="28" WC="0.95" CONTENT="landskapet"/><SP WIDTH="16" VPOS="943" HPOS="342"/>
							<String ID="string_176" HPOS="358" VPOS="945" WIDTH="90" HEIGHT="21" WC="0.88" CONTENT="emellan"/><SP WIDTH="16" VPOS="945" HPOS="448"/>
							<String ID="string_177" HPOS="464" VPOS="945" WIDTH="103" HEIGHT="27" WC="0.92" CONTENT="Päijänne"/><SP WIDTH="11" VPOS="945" HPOS="567"/>
							<String ID="string_178" HPOS="578" VPOS="946" WIDTH="31" HEIGHT="26" WC="0.96" CONTENT="sjö"/><SP WIDTH="16" VPOS="946" HPOS="609"/>
							<String ID="string_179" HPOS="625" VPOS="945" WIDTH="40" HEIGHT="22" WC="0.96" CONTENT="och"/><SP WIDTH="15" VPOS="945" HPOS="665"/>
							<String ID="string_180" HPOS="680" VPOS="944" WIDTH="109" HEIGHT="22" WC="0.96" CONTENT="Karelska"/><SP WIDTH="13" VPOS="944" HPOS="789"/>
							<String ID="string_181" HPOS="802" VPOS="944" WIDTH="70" HEIGHT="22" WC="0.92" CONTENT="banan"/><SP WIDTH="10" VPOS="944" HPOS="872"/>
							<String ID="string_182" HPOS="882" VPOS="944" WIDTH="90" HEIGHT="21" WC="0.92" CONTENT="föresla-"/>
						</TextLine>
						<TextLine ID="line_22" HPOS="211" VPOS="978" WIDTH="761" HEIGHT="28">
							<String ID="string_183" HPOS="211" VPOS="978" WIDTH="31" HEIGHT="26" WC="0.96" CONTENT="git"/><SP WIDTH="19" VPOS="978" HPOS="242"/>
							<String ID="string_184" HPOS="261" VPOS="984" WIDTH="25" HEIGHT="14" WC="0.95" CONTENT="en"/><SP WIDTH="22" VPOS="984" HPOS="286"/>
							<String ID="string_185" HPOS="308" VPOS="978" WIDTH="160" HEIGHT="28" WC="0.96" CONTENT="undersökning"/><SP WIDTH="19" VPOS="978" HPOS="468"/>
							<String ID="string_186" HPOS="487" VPOS="980" WIDTH="6" HEIGHT="20" WC="0.96" CONTENT="i"/><SP WIDTH="19" VPOS="980" HPOS="493"/>
							<String ID="string_187" HPOS="512" VPOS="980" WIDTH="137" HEIGHT="21" WC="0.96" CONTENT="ekonomiskt"/><SP WIDTH="21" VPOS="980" HPOS="649"/>
							<String ID="string_188" HPOS="670" VPOS="979" WIDTH="103" HEIGHT="22" WC="0.96" CONTENT="afseende"/><SP WIDTH="20" VPOS="979" HPOS="773"/>
							<String ID="string_189" HPOS="793" VPOS="978" WIDTH="23" HEIGHT="22" WC="0.96" CONTENT="af"/><SP WIDTH="16" VPOS="978" HPOS="816"/>
							<String ID="string_190" HPOS="832" VPOS="978" WIDTH="50" HEIGHT="22" WC="0.96" CONTENT="hela"/><SP WIDTH="20" VPOS="978" HPOS="882"/>
							<String ID="string_191" HPOS="902" VPOS="978" WIDTH="70" HEIGHT="21" WC="0.96" CONTENT="denna"/>
						</TextLine>
						<TextLine ID="line_23" HPOS="211" VPOS="1012" WIDTH="760" HEIGHT="29">
							<String ID="string_192" HPOS="211" VPOS="1012" WIDTH="96" HEIGHT="21" WC="0.95" CONTENT="landsdel"/><SP WIDTH="23" VPOS="1012" HPOS="307"/>
							<String ID="string_193" HPOS="330" VPOS="1013" WIDTH="6" HEIGHT="20" WC="0.96" CONTENT="i"/><SP WIDTH="24" VPOS="1013" HPOS="336"/>
							<String ID="string_194" HPOS="360" VPOS="1013" WIDTH="38" HEIGHT="21" WC="0.95" CONTENT="och"/><SP WIDTH="27" VPOS="1013" HPOS="398"/>
							<String ID="string_195" HPOS="425" VPOS="1014" WIDTH="33" HEIGHT="20" WC="0.95" CONTENT="för"/><SP WIDTH="22" VPOS="1014" HPOS="458"/>
							<String ID="string_196" HPOS="480" VPOS="1014" WIDTH="74" HEIGHT="21" WC="0.92" CONTENT="vidare"/><SP WIDTH="22" VPOS="1014" HPOS="554"/>
							<String ID="string_197" HPOS="576" VPOS="1013" WIDTH="256" HEIGHT="28" WC="0.87" CONTENT="jernvägsanläggningar"/><SP WIDTH="22" VPOS="1013" HPOS="832"/>
							<String ID="string_198" HPOS="854" VPOS="1012" WIDTH="117" HEIGHT="27" WC="0.87" CONTENT="derstädes,"/>
						</TextLine>
						<TextLine ID="line_24" HPOS="210" VPOS="1046" WIDTH="388" HEIGHT="24">
							<String ID="string_199" HPOS="210" VPOS="1046" WIDTH="33" HEIGHT="21" WC="0.96" CONTENT="får"/><SP WIDTH="15" VPOS="1046" HPOS="243"/>
							<String ID="string_200" HPOS="258" VPOS="1047" WIDTH="111" HEIGHT="22" WC="0.93" CONTENT="Utskottet"/><SP WIDTH="16" VPOS="1047" HPOS="369"/>
							<String ID="string_201" HPOS="385" VPOS="1047" WIDTH="109" HEIGHT="22" WC="0.92" CONTENT="vördsamt"/><SP WIDTH="14" VPOS="1047" HPOS="494"/>
							<String ID="string_202" HPOS="508" VPOS="1048" WIDTH="90" HEIGHT="22" WC="0.96" CONTENT="föreslå:"/>
						</TextLine>
					</TextBlock>
				</ComposedBlock>
				<ComposedBlock ID="cblock_3" HPOS="418" VPOS="1115" WIDTH="553" HEIGHT="30">
					<TextBlock ID="block_3" HPOS="418" VPOS="1115" WIDTH="553" HEIGHT="30">
						<TextLine ID="line_25" HPOS="418" VPOS="1115" WIDTH="553" HEIGHT="30">
							<String ID="string_203" HPOS="418" VPOS="1119" WIDTH="34" HEIGHT="18" WC="0.96" CONTENT="att"/><SP WIDTH="18" VPOS="1119" HPOS="452"/>
							<String ID="string_204" HPOS="470" VPOS="1117" WIDTH="24" HEIGHT="21" WC="0.96" CONTENT="de"/><SP WIDTH="19" VPOS="1117" HPOS="494"/>
							<String ID="string_205" HPOS="513" VPOS="1116" WIDTH="120" HEIGHT="29" WC="0.93" CONTENT="åberopade"/><SP WIDTH="16" VPOS="1116" HPOS="633"/>
							<String ID="string_206" HPOS="649" VPOS="1115" WIDTH="258" HEIGHT="30" WC="0.88" CONTENT="petitionsmemorialen"/><SP WIDTH="18" VPOS="1115" HPOS="907"/>
							<String ID="string_207" HPOS="925" VPOS="1115" WIDTH="46" HEIGHT="21" WC="0.95" CONTENT="icke"/>
						</TextLine>
					</TextBlock>
				</ComposedBlock>
				<ComposedBlock ID="cblock_4" HPOS="350" VPOS="1149" WIDTH="623" HEIGHT="57">
					<TextBlock ID="block_4" HPOS="350" VPOS="1149" WIDTH="623" HEIGHT="57">
						<TextLine ID="line_26" HPOS="350" VPOS="1149" WIDTH="623" HEIGHT="29">
							<String ID="string_208" HPOS="350" VPOS="1150" WIDTH="67" HEIGHT="21" WC="0.95" CONTENT="måtte"/><SP WIDTH="18" VPOS="1150" HPOS="417"/>
							<String ID="string_209" HPOS="435" VPOS="1151" WIDTH="117" HEIGHT="27" WC="0.94" CONTENT="föranleda"/><SP WIDTH="20" VPOS="1151" HPOS="552"/>
							<String ID="string_210" HPOS="572" VPOS="1151" WIDTH="36" HEIGHT="21" WC="0.96" CONTENT="till"/><SP WIDTH="17" VPOS="1151" HPOS="608"/>
							<String ID="string_211" HPOS="625" VPOS="1151" WIDTH="75" HEIGHT="27" WC="0.96" CONTENT="någon"/><SP WIDTH="20" VPOS="1151" HPOS="700"/>
							<String ID="string_212" HPOS="720" VPOS="1151" WIDTH="77" HEIGHT="21" WC="0.92" CONTENT="vidare"/><SP WIDTH="20" VPOS="1151" HPOS="797"/>
							<String ID="string_213" HPOS="817" VPOS="1149" WIDTH="81" HEIGHT="28" WC="0.96" CONTENT="åtgärd"/><SP WIDTH="20" VPOS="1149" HPOS="898"/>
							<String ID="string_214" HPOS="918" VPOS="1149" WIDTH="55" HEIGHT="27" WC="0.96" CONTENT="från"/>
						</TextLine>
						<TextLine ID="line_27" HPOS="351" VPOS="1184" WIDTH="209" HEIGHT="22">
							<String ID="string_215" HPOS="351" VPOS="1184" WIDTH="138" HEIGHT="22" WC="0.92" CONTENT="Ständernas"/><SP WIDTH="15" VPOS="1184" HPOS="489"/>
							<String ID="string_216" HPOS="504" VPOS="1185" WIDTH="56" HEIGHT="21" WC="0.96" CONTENT="sida."/>
						</TextLine>
					</TextBlock>
				</ComposedBlock>
				<ComposedBlock ID="cblock_5" HPOS="280" VPOS="1474" WIDTH="383" HEIGHT="23">
					<TextBlock ID="block_5" HPOS="280" VPOS="1474" WIDTH="383" HEIGHT="23">
						<TextLine ID="line_28" HPOS="280" VPOS="1474" WIDTH="383" HEIGHT="23">
							<String ID="string_217" HPOS="280" VPOS="1474" WIDTH="181" HEIGHT="23" WC="0.83" CONTENT="Jernrägsutskottets"/><SP WIDTH="13" VPOS="1474" HPOS="461"/>
							<String ID="string_218" HPOS="474" VPOS="1475" WIDTH="110" HEIGHT="18" WC="0.96" CONTENT="betänkande"/><SP WIDTH="13" VPOS="1475" HPOS="584"/>
							<String ID="string_219" HPOS="597" VPOS="1475" WIDTH="37" HEIGHT="18" WC="0.95" CONTENT="N:o"/><SP WIDTH="12" VPOS="1475" HPOS="634"/>
							<String ID="string_220" HPOS="646" VPOS="1476" WIDTH="17" HEIGHT="17" WC="0.96" CONTENT="2."/>
						</TextLine>
					</TextBlock>
				</ComposedBlock>
			</PrintSpace>
		</Page>
	</Layout>
</alto>
