1075 1748
342 157 314 29 Petitionsmemorial.

247 211 73 28 Borg.
336 211 30 22 st.
670 211 45 24 N:o
731 213 24 22 4.

273 529 50 19 Till
338 529 147 24 Vällofliga
500 528 230 25 Borgareständet.

198 580 52 25 Den,
273 586 41 13 som
339 581 26 24 pä
388 583 51 16 nära
461 580 42 19 häll
527 579 55 20 varit
604 579 7 20 i
626 579 80 20 tillfälle
723 582 30 17 att
768 579 49 27 följa
832 580 46 20 med

126 609 223 26 landsbefolkningens,
365 609 122 26 isynnerhet
502 609 39 20 den
558 611 26 24 pä
600 609 115 26 aflägsnare
731 612 55 17 orter
793 610 84 25 boende,

126 639 66 20 hårda
214 639 61 26 kamp
298 639 32 20 för
352 639 32 20 sin
407 639 104 26 bärgning
526 639 47 20 med
589 646 24 13 en
630 640 52 25 karg
698 642 61 17 natur
775 640 38 19 och
827 643 51 16 mot-

126 670 80 25 gängar
230 669 22 20 af
270 669 40 20 alla
325 669 50 26 slag,
391 670 66 19 mäste
472 669 93 20 beundra
581 669 39 20 den
637 669 89 26 oböjliga
741 669 78 26 seghet,
835 677 43 12 som

127 699 57 20 detta
199 699 8 20 i
222 699 132 26 pröfningens
370 699 59 20 skola
443 699 92 20 härdade
551 699 43 20 folk
609 702 23 17 är
647 699 7 20 i
669 699 115 26 besittning
799 699 26 20 af.

198 729 49 20 Men
270 730 26 25 pä
319 736 76 13 samma
417 730 57 25 gäng
497 732 23 17 är
535 729 77 26 hjertat
627 729 38 20 hos
681 736 25 13 en
722 732 41 17 vän
779 729 22 20 af
813 729 65 20 folket

127 762 51 17 nära
200 761 31 18 att
250 759 66 20 brista
331 759 23 20 af
367 765 54 19 sorg,
437 759 27 19 dä
479 759 41 20 han
536 765 34 14 ser
585 759 54 20 huru
655 759 57 20 detta
729 766 76 13 samma
820 765 57 14 ener-

126 789 66 25 giska,
203 789 135 25 gudfruktiga
348 789 38 19 och
397 789 46 19 med
454 789 37 19 sitt
502 789 38 20 öde
550 789 94 26 förnöjda
659 789 42 19 folk
716 789 109 25 försvagas
840 789 38 19 och

126 819 39 25 går
182 819 64 19 under
261 819 7 19 i
283 818 51 25 följd
348 819 24 19 af
385 819 125 25 sjukdomar,
521 819 121 25 isynnerhet
652 819 127 26 epidemiska
795 818 82 25 sådana,

127 848 71 20 hvilka
222 849 34 19 det
279 848 42 20 ofta
343 848 53 20 hade
418 849 81 19 kunnat
522 849 93 20 undvika
630 849 50 19 eller
695 849 46 19 frän
757 848 72 20 hvilka
844 848 35 20 det

127 879 81 19 kunnat
222 878 82 27 räddas,
321 885 31 13 om
368 878 7 20 i
391 878 100 20 närheten
507 878 79 20 funnits
602 881 31 17 att
648 879 58 25 tillgä
722 880 68 24 nägon
805 878 7 20 i
823 878 56 26 sjuk-

127 908 53 20 vård
200 908 80 20 erfaren
299 915 80 19 person,
396 915 43 13 som
455 908 80 20 kunnat
551 908 104 26 praktiskt
670 908 112 20 undervisa
797 908 26 20 de
839 908 40 26 sju-

127 938 39 20 kas
189 938 99 26 anhöriga
302 938 8 20 i
325 938 77 20 värden
419 938 24 20 af
457 938 26 20 de
499 938 60 26 sjuka
574 938 66 26 enligt
655 938 81 20 läkares
751 938 128 20 föreskrifter

128 968 38 20 och
181 968 31 20 uti
228 968 25 20 de
268 968 76 20 friskas
360 968 123 26 skyddande
499 971 42 17 mot
556 968 127 26 sjukdomen.

200 998 43 20 Och
258 998 121 26 isynnerhet
394 998 64 20 räkar
474 998 84 20 läkaren
575 998 42 20 ofta
633 1001 50 17 nära
698 1001 91 23 gränsen
804 998 23 20 af
839 998 40 19 för-

128 1027 78 27 tviflan,
224 1028 26 20 dä
266 1028 39 20 han
321 1028 6 19 i
343 1028 131 20 vidsträckta
492 1028 180 20 landskommuner
688 1028 85 20 oaktadt
789 1028 40 20 alla
845 1034 34 13 an-

128 1058 147 26 strängningar
298 1058 18 25 ej
335 1058 42 19 kan
392 1058 57 19 finna
465 1064 25 13 en
506 1058 53 20 enda
574 1064 81 20 person,
672 1065 43 13 som
731 1064 49 14 vore
795 1058 7 19 i
818 1057 61 21 ständ

128 1090 31 17 att
174 1088 95 26 uppfatta
284 1094 36 14 ens
336 1088 25 19 de
377 1088 95 19 enklaste
488 1088 37 19 råd
541 1088 41 19 han
601 1088 47 20 med
664 1088 95 20 afseende
774 1088 13 19 &
801 1087 77 26 patien-

128 1120 70 17 ternas
214 1118 52 19 värd
281 1118 67 25 gifvit,
364 1120 24 17 än
409 1117 81 20 mindre
506 1118 74 25 nägon,
596 1124 43 13 som
655 1117 106 20 förmädde
776 1117 105 26 praktiskt

127 1147 94 26 tillämpa
244 1148 45 19 dem
313 1148 33 19 till
361 1147 79 20 bätnad
457 1147 32 19 för
505 1147 26 20 de
546 1147 60 25 sjuka
622 1148 38 19 och
675 1148 32 19 till
723 1146 122 27 skyddande
860 1146 23 20 af

128 1176 25 20 de
168 1177 72 19 friska.

200 1207 49 19 Man
264 1208 32 18 mä
311 1207 46 19 icke
372 1207 86 19 förväna
475 1207 37 26 sig,
525 1214 33 12 om
571 1206 66 20 under
652 1206 77 20 sädana
739 1206 142 20 förhällanden

127 1237 27 20 bl,
178 1244 18 13 a
220 1237 25 20 de
266 1237 125 26 epidemiska
405 1237 147 25 sjukdomarna
568 1237 63 20 vinna
646 1237 109 26 spridning
770 1237 7 19 i
792 1236 87 20 Finland

128 1267 50 19 eller
204 1267 40 20 alla
267 1267 176 25 ansträngningar
466 1269 42 17 mot
523 1267 104 19 desamma
642 1267 62 20 oftast
720 1269 35 17 äro
770 1266 109 25 fruktlösa;

128 1297 38 19 och
189 1297 33 19 må
244 1303 47 13 man
314 1297 65 19 häller
401 1297 48 19 icke
464 1296 100 20 förundra
579 1297 33 25 sig
628 1296 57 20 öfver
700 1299 32 17 att
747 1296 133 25 dödligheten

128 1326 38 19 hos
178 1333 33 12 oss
227 1329 55 17 ännu
298 1329 22 17 är
336 1327 23 19 så
375 1329 44 17 stor
434 1326 7 19 i
457 1326 115 25 jämförelse
582 1326 46 20 med
638 1326 56 20 hvad
709 1326 57 20 fallet
779 1329 23 16 är
812 1326 8 19 i
830 1326 51 19 våra

128 1355 90 26 västliga
232 1356 144 25 grannländer.

199 1386 41 19 Det
263 1386 69 19 kunde
354 1385 105 20 måhända
479 1385 46 20 med
541 1386 46 19 skäl
601 1386 108 26 invändas,
731 1388 31 17 att
783 1385 35 20 det
833 1391 48 14 vore

128 1416 158 19 kommunernas
310 1416 64 19 ensak
391 1415 38 20 och
445 1415 97 26 förenligt
557 1415 46 20 med
620 1415 60 20 deras
695 1422 51 19 egen
765 1415 65 20 fördel
850 1416 31 18 att

128 1452 73 19 genom
228 1445 128 20 anställande
381 1445 7 19 i
415 1445 32 20 sin
474 1444 65 27 tjänst
566 1445 22 20 af
612 1445 123 26 tillräckhga
761 1443 119 27 sjukvärds-
