1056 1731
336 148 298 28 Petitionsmemorial.

211 218 73 23 Ridd.
303 224 22 16 6.
341 218 81 22 Adeln
552 238 8 4 8
668 218 42 22 N:o
723 218 35 22 18.

150 546 2 2 .
174 528 55 20 Till
247 528 157 24 Höglofliga
420 528 210 25 Ridderskapet
643 529 49 19 och
709 528 87 20 Adeln.

145 610 3 4 ,
178 591 10 20 I
211 596 24 15 en
251 597 64 14 annan
331 590 85 26 petition
431 591 36 20 har
482 591 34 24 jag
527 590 89 27 anhållit,
628 593 30 18 att
668 593 64 18 staten
742 592 61 19 måtte
821 590 43 20 från

109 619 123 26 Helsingfors
247 619 30 20 till
293 619 101 20 Nummela
411 619 63 25 bygga
489 625 24 14 en
528 619 118 26 bredspärig
659 620 83 25 jernväg
754 620 32 19 för
800 621 64 18 större

108 648 136 25 farhastighet.

176 677 10 22 I
207 679 98 18 närmaste
327 677 95 20 samband
446 677 43 20 med
512 677 65 19 denna
589 677 85 24 jernväg
688 677 36 20 och
740 677 64 20 säsom
820 677 44 18 dess

108 705 99 25 naturliga
222 705 129 25 fortsättning
365 708 25 17 är
405 706 38 19 den
457 705 136 24 inlandsbana,
610 711 40 14 som
666 711 44 14 man
726 705 58 20 tänkt
794 705 30 24 sig
833 705 31 25 gå,

108 735 44 19 med
167 734 102 21 Nummela
285 735 25 24 pä
324 734 136 25 Hangöbanan
477 734 63 20 säsom
556 734 154 25 utgängspunkt,
725 735 7 19 i
743 733 122 24 nordvestlig

108 763 88 24 riktning
221 763 92 24 antingen
335 769 70 18 genom
426 763 105 26 Pyhäjärvi
554 763 37 20 och
609 763 100 20 Tammela
724 763 31 20 till
774 762 90 21 Koivisto

108 792 49 19 eller
168 797 71 19 genom
249 792 82 20 Somero
341 792 31 19 till
382 786 118 31 Äbobanao,
511 791 89 20 härifrån
610 792 68 19 utmed
688 791 105 26 Loimijoki
804 791 61 20 elfdal

108 821 30 19 till
156 820 103 20 trakterna
279 821 22 20 af
321 821 56 19 Riste
400 821 49 20 eller
471 820 96 25 Peipohja
585 821 73 20 station
674 821 33 20 vid
722 820 143 26 Björneborgs-

107 849 65 20 banan
188 851 50 18 samt
251 849 87 20 därifrän
353 849 68 20 vidare
437 849 30 20 till
483 846 121 28 Östermyra.

176 878 39 25 Jag
229 878 60 24 vägar
304 884 47 14 anse
366 879 56 19 detta
437 878 42 20 vidt
493 877 121 21 omfattande
630 878 75 24 förslag
715 883 48 15 vara
773 878 22 19 sä
805 877 60 23 klart,

108 909 30 18 att
161 907 108 20 detsamma
291 907 19 24 ej
333 907 91 25 päkallar
443 907 64 24 någon
522 907 118 24 utförligare
656 907 123 24 motivering.
810 906 56 19 Inom

108 936 37 19 den
169 935 140 26 projekterade
332 935 144 21 bansträckans
498 935 142 20 trafikområde
665 936 36 19 bor
723 941 24 14 en
770 937 42 18 stor
834 935 31 19 del

108 964 21 20 af
143 965 94 19 Finlands
254 965 44 19 hela
313 965 185 23 innevånareantal;
515 965 37 19 den
568 964 65 20 skulle
644 964 76 20 tillföra
732 964 54 20 förut
796 963 68 20 befint-

106 993 42 24 liga
171 993 63 20 banor
256 993 52 20 ökad
332 993 69 24 trafik;
417 993 39 20 den
472 993 76 20 komme
563 996 29 17 att
608 993 67 20 indela
690 993 103 24 sydvestra
808 992 57 20 delen

108 1021 21 20 af
143 1022 45 20 vårt
203 1022 45 19 land
264 1022 6 19 i
287 1025 28 16 ett
331 1022 84 23 verkligt
428 1022 129 25 jernvägsnät
572 1022 44 19 med
632 1021 134 25 regelbundna
776 1021 89 23 maskor;

108 1051 37 19 den
161 1051 63 19 skulle
240 1051 80 24 betjena
336 1051 46 20 våra
398 1050 145 25 förnämligare,
558 1053 75 18 största
643 1051 161 23 industricentra,
816 1052 50 17 samt

107 1079 96 20 förskaffa
227 1079 123 24 Helsingfors
366 1079 52 20 ökad
434 1079 83 20 införsel
532 1079 44 20 icke
592 1079 86 20 allenast
692 1079 22 20 af
727 1079 137 20 landtmanna-

107 1108 36 20 och
166 1108 177 27 skogsprodukter,
366 1111 46 17 utan
436 1107 58 21 äfven
513 1108 21 20 af
551 1108 93 20 handels-
659 1108 38 20 och
712 1107 153 23 industrialster,

108 1137 101 24 samtidigt
218 1143 41 14 som
271 1137 33 20 vår
315 1137 105 24 viktigaste
431 1137 115 25 importorts
557 1137 72 20 handel
640 1137 26 24 på
676 1137 89 20 inlandet
778 1137 3 18 i
793 1141 73 15 samma

108 1165 125 21 förhållande
248 1166 76 19 komme
340 1168 29 17 att
384 1165 62 20 blifva
461 1165 93 25 lifligare.

176 1194 32 20 Då
230 1195 65 19 denna
317 1195 47 19 linie
388 1200 47 14 vore
455 1196 30 18 att
499 1195 103 20 betraktas
618 1194 64 20 såsom
699 1200 23 14 en
738 1194 106 20 lokalbana
860 1193 6 19 i

106 1223 67 20 ordets
188 1223 59 20 bästa
261 1223 109 26 betydelse,
386 1223 63 20 skulle
465 1223 38 20 den
519 1223 48 25 fylla
580 1223 35 20 sitt
630 1223 91 20 ändamål
732 1223 58 20 äfven
802 1222 64 19 såsom

107 1251 124 26 smalspårig,
255 1258 30 14 om
301 1255 29 17 ett
345 1252 72 20 sådant
432 1254 81 23 system,
528 1252 65 20 såsom
609 1251 95 25 naturligt
720 1257 54 18 vore,
790 1251 76 20 komme

106 1281 7 19 i
128 1281 126 24 användning
267 1281 71 24 jemväl
354 1281 26 25 på
395 1281 63 20 andra
472 1281 91 20 bibanor.

175 1309 48 20 Med
238 1309 39 20 fäst
292 1309 93 21 afseende
401 1309 61 20 likväl
477 1310 33 19 vid
525 1310 85 23 längden
621 1309 20 20 af
651 1309 151 24 ifrågavarande
812 1309 53 24 jern-

107 1337 96 25 vägslinie
225 1339 37 19 och
282 1339 24 19 de
323 1338 136 24 mängahanda
474 1338 95 23 faktorer,
586 1344 42 14 som
644 1338 32 19 vid
692 1337 174 23 undersökningen

107 1366 37 20 och
160 1366 53 20 valet
227 1366 22 20 af
262 1367 89 24 riktoing
366 1366 67 20 kunna
448 1366 78 20 komma
541 1369 29 17 att
585 1368 49 23 göra
650 1366 30 24 sig
694 1366 100 25 gällande,
810 1366 6 18 i
827 1366 38 19 den

106 1395 95 19 händelse
217 1397 30 17 att
261 1396 91 19 enskilda
367 1400 97 20 personer
479 1395 37 21 och
532 1395 115 20 kommuner
662 1395 98 19 mähända
774 1394 27 25 pä
811 1394 55 19 olika

107 1424 53 19 tider
182 1423 66 21 utföra
269 1424 85 20 nämnda
374 1424 77 24 arbete,
473 1424 58 20 torde
547 1424 34 19 det
596 1424 32 20 för
643 1424 33 19 det
691 1423 101 20 allmänna
807 1423 58 19 bästa

106 1458 48 14 vara
176 1452 22 20 af
217 1453 100 24 synnerlig
340 1453 40 24 vigt
395 1455 51 18 samt
461 1452 32 20 för
508 1453 75 20 banans
600 1452 120 21 kontinuitet
735 1451 129 25 nödvändigt,
