1070 1739
97 144 162 27 (Öfversättning.)

311 183 315 28 Petitionsmemorial.

242 245 114 36 Prestest.
607 248 44 22 N:o
668 249 35 22 16.

254 568 48 19 Till
318 567 161 26 Högvördiga
494 567 201 21 Presteständet.

173 629 40 19 Det
233 628 23 19 af
272 627 111 20 ständerna
398 627 35 20 vid
451 627 55 20 1891
524 628 33 19 ärs
573 627 105 26 landtdag,
692 627 81 25 jämlikt
789 627 61 20 deras

103 659 68 19 därom
187 658 78 19 fattade
281 658 72 27 beslut,
370 657 32 20 tili
417 658 58 19 Hans
491 657 117 26 Kejserliga
623 657 96 26 Majestät
728 657 122 20 hemställda

103 688 141 25 underdäniga
259 687 178 26 petitionsförslag,
455 689 31 18 att
501 690 68 17 staten
586 687 65 20 skulle
667 687 106 26 öfvertaga
787 687 63 20 Joen-

104 725 38 13 suu
165 718 80 26 privata
268 717 196 20 fruntimmersskola
488 717 38 20 har
544 720 55 17 ännu
619 717 46 20 icke
685 717 73 20 vunnit
777 717 73 25 nådigt

103 748 62 19 bifall.
194 748 41 19 Vid
253 748 55 19 1894
324 749 34 18 års
374 747 100 26 landtdag
489 747 85 20 väcktes
591 748 44 19 åter
650 747 84 26 petition
755 747 3 19 i
773 754 78 13 samma

105 778 58 26 syfte.
195 778 43 20 Och
262 778 82 25 sälänge
368 780 66 17 staten
458 777 45 20 icke
528 777 109 25 öfvertagit
657 777 92 20 Joensuu
769 777 82 25 privata

104 807 201 26 fruntimmersskola,
327 807 57 20 skola
405 807 135 26 petitionerna
561 807 69 19 därom
650 807 35 20 vid
700 807 150 25 landtdagarna

105 838 44 19 icke
164 838 98 25 upphöra,
278 840 23 23 ty
316 837 85 20 skolans
416 837 117 19 inrättande
548 837 31 19 till
596 843 24 13 en
634 837 109 19 statsskola
754 839 61 23 utgör
825 843 25 13 en

105 867 92 26 lifsfräga
217 867 31 20 för
264 867 196 26 kvinnobildningen
475 867 7 19 i
498 867 66 19 Norra
580 867 38 19 och
633 867 105 19 Mellersta
753 867 97 19 Karelen.

177 897 75 20 Skolan
275 897 86 20 besökes
384 897 31 20 för
434 897 128 19 närvarande
578 896 23 20 af
615 897 24 19 81
659 897 72 25 elever,
747 896 104 20 fördelade

106 929 26 24 pä
148 928 12 19 6
176 927 85 20 klasser.
293 927 87 20 Skolans
395 927 112 20 inkomster
522 927 65 19 under
603 926 88 20 sistlidet
707 927 22 18 &r
740 926 111 25 utgjorde
839 922 16 35 i

107 957 125 25 statsbidrag
254 957 61 25 6,477
337 957 58 19 mark
416 957 38 19 och
474 957 6 18 i
502 956 127 26 skolafgifter
651 957 62 24 5,315
729 957 57 19 mark
802 957 50 18 eller

106 987 133 20 tillsammans
257 987 75 25 11,792
349 987 63 25 mark,
428 987 83 19 hvilken
528 993 77 13 summa
621 989 22 17 är
657 986 81 20 alldeles
750 986 101 20 otillräek-

106 1017 29 26 lig
156 1017 7 20 i
184 1017 37 20 och
237 1017 32 19 för
283 1017 129 19 läroverkets
427 1016 185 26 upprätthällande,
628 1016 83 19 hvarför
727 1016 78 25 skolan,
821 1016 31 19 för

107 1050 30 17 att
152 1047 70 20 kunna
238 1047 92 25 existera,
347 1047 83 19 kräfver
445 1049 56 17 stora
516 1045 141 27 uppoffringar
673 1046 23 19 af
705 1046 91 19 enskilda
807 1052 45 19 per-

107 1083 64 13 soner.
202 1077 67 19 Dessa
284 1077 56 25 börja
357 1077 53 19 dock
425 1076 63 20 redan
504 1079 78 16 tröttna
598 1076 77 20 dervid.

177 1106 30 20 På
223 1106 60 20 ofvan
300 1106 84 20 anförda
400 1106 95 25 grunder,
512 1108 58 23 tager
583 1106 37 25 jag
635 1106 42 24 mig
692 1106 87 19 friheten
791 1108 25 16 än
827 1112 26 13 en

107 1138 55 24 gång
177 1136 105 20 vördsamt
297 1136 87 25 anhålla,
400 1136 34 19 det
449 1136 128 25 högvördiga
590 1135 151 26 presteständet
752 1136 30 19 till
794 1135 59 19 Hans

107 1166 117 26 Kejserliga
239 1166 97 26 Majestät
353 1166 49 20 ville
417 1166 48 25 ingå
480 1166 47 19 med
542 1165 130 25 underdänig
687 1165 85 26 petition

394 1226 29 19 att
440 1226 64 18 staten
516 1224 51 25 från
582 1225 71 25 början
667 1225 26 25 af
703 1224 85 20 läseäret
801 1224 54 20 1897

322 1253 39 19 helt
379 1252 35 20 och
428 1251 62 20 hället
502 1252 96 24 öfvertoge
609 1252 84 24 privata
704 1252 151 24 fruntimmers-

322 1279 82 19 skolans
417 1279 9 19 i
439 1279 91 19 Joensuu
544 1279 42 19 alla
600 1278 83 20 klasser.

180 1336 135 26 Helsingfors,
331 1336 39 19 den
388 1336 12 19 3
417 1336 99 19 Februari
534 1336 63 19 1897.

635 1400 20 21 H.
673 1400 110 27 Piipponen.
