1073 1742
125 172 177 28 (Öfversättning.)

316 208 377 29 Petitionsmemorial.

238 270 114 36 Bondest.
670 274 45 23 N:o
730 274 38 22 82.

250 590 58 22 Till
327 590 187 22 Hedervärda
532 590 224 22 Bondeståndet.

201 657 31 19 Då
247 657 81 19 trakten
345 656 62 26 kring
422 657 32 19 S:t
469 656 76 20 Michel
560 657 7 19 i
582 657 75 19 medlet
673 657 23 19 af
703 657 102 20 åttiotalet
815 657 64 20 erhöll

127 694 25 12 en
178 687 62 25 länge
265 686 138 26 efterlängtad
429 686 63 26 högre
515 686 183 26 bildningsanstalt
721 687 7 19 i
747 687 31 20 S:t
793 687 85 20 Michels

128 716 52 26 stad,
196 716 45 20 blef
254 716 135 26 förväningen
406 716 37 20 och
460 716 165 26 missräkningen
641 716 80 26 allmän,
737 720 38 16 när
791 724 46 12 man
848 724 30 13 er-

127 746 37 25 for,
188 749 30 17 att
241 746 32 20 till
288 746 128 20 läroverkets
436 746 225 26 undervisningsspräk
677 747 90 25 antagits
783 747 95 25 svenska,

128 776 80 20 säledes
229 779 29 17 ett
280 776 69 26 spräk,
365 783 43 13 som
424 776 93 20 fränsedt
533 778 65 24 nägra
613 776 7 20 i
636 776 29 20 S:t
681 776 85 20 Michels
783 777 47 19 stad
846 777 32 20 bo-

128 808 54 18 satta
197 806 243 26 tjänstemannafamiljer,
456 806 82 20 hvilkas
553 806 52 20 barn
620 813 49 13 voro
685 806 42 20 lika
742 806 92 26 mäktiga
844 807 36 19 det

127 836 68 20 finska
214 843 43 13 som
273 836 35 20 det
323 836 90 20 svenska
429 836 90 26 spräket,
535 843 38 13 var
587 836 124 26 fullkomligt
726 836 126 20 främmande
867 838 12 18 &

128 869 64 17 orten.
224 866 70 20 Såsom
317 866 64 20 sådan
404 866 77 19 förblef
502 866 62 20 också
587 865 102 21 anstalten
707 866 126 21 främmande
848 866 32 21 för

127 896 89 25 trakten,
239 897 63 24 något
325 902 42 13 som
391 895 18 26 ej
430 899 24 16 är
474 899 31 16 att
520 896 132 26 synnerligen
668 896 85 20 förvåna
769 897 33 25 sig
817 897 62 26 öfver,

126 925 28 20 då
176 926 90 19 barnens
286 925 101 20 föräldrar
403 925 29 20 alt
447 925 103 26 framgent
569 933 48 12 voro
633 929 93 22 tvungna
741 929 37 22 att,
795 927 85 19 oaktadt

127 955 26 20 de
176 955 53 20 hade
252 962 25 13 en
300 955 122 20 läroanstalt
445 957 27 24 på
488 956 87 26 platsen,
591 956 64 19 sända
671 956 44 19 sina
730 956 52 19 barn
799 957 6 18 i
821 957 59 19 skola

127 985 32 20 till
174 985 66 20 andra
255 988 60 23 orter,
332 987 67 18 såsom
414 985 125 26 Jyväskylä,
556 986 84 25 Viborg,
656 986 131 25 Helsingfors
798 993 17 13 o.
828 993 15 13 s.
854 993 25 18 v.;

127 1015 52 20 blott
202 1017 65 24 några
290 1015 21 20 få
334 1015 48 20 ville
406 1018 50 23 göra
480 1018 30 17 ett
531 1017 23 18 så
571 1016 112 25 onaturligt
698 1016 75 23 försök,
790 1023 42 13 som
848 1018 32 18 att

127 1048 55 17 sätta
206 1048 30 17 ett
259 1045 150 20 finskatalande
430 1045 52 20 barn
506 1045 6 19 i
531 1052 25 13 en
573 1045 75 20 svensk
664 1046 63 19 skola.
757 1046 87 25 Följden
860 1046 22 20 af

126 1074 58 21 detta
199 1075 97 20 abnorma
312 1075 128 20 förhållande
456 1075 71 20 visade
543 1075 33 26 sig
591 1075 54 20 inom
660 1075 52 20 kort.
743 1076 82 25 Skolan,
837 1079 42 16 som

127 1105 67 20 skulle
217 1105 109 25 tillgodose
349 1105 85 19 krafven
459 1106 28 25 på
510 1105 63 26 högre
593 1105 92 26 bildning
703 1107 12 18 å
730 1109 64 22 orten,
810 1105 34 20 led
859 1105 23 20 af

127 1135 104 19 elevbrist.
264 1135 50 20 Sent
336 1135 88 19 omsider
445 1135 45 19 blef
508 1135 35 20 det
558 1135 55 20 klart
627 1135 32 20 för
674 1135 160 25 vederbörande,
850 1138 30 17 att

126 1164 72 20 därest
226 1164 158 26 ifrågavarande
412 1167 78 24 system
518 1165 125 20 fortfarande
667 1165 78 25 följdes,
761 1165 119 20 lärovärket

127 1194 55 20 inom
205 1195 47 19 kort
275 1195 66 19 skulle
364 1195 33 18 stå
420 1198 57 16 tomt.
509 1195 48 19 Men
580 1195 7 19 i
611 1195 68 20 stället
694 1195 31 20 för
741 1197 31 18 att
788 1195 92 34 afhjälpa

126 1223 58 20 detta
208 1224 178 19 missförhällande
409 1224 6 19 i
440 1224 92 25 enlighet
554 1224 45 20 med
620 1224 25 20 de
666 1225 132 25 önskningar,
815 1232 42 13 som
872 1225 8 20 i

127 1253 68 20 denna
210 1254 60 25 fräga
285 1253 102 20 uttalades
402 1254 54 19 bäde
472 1254 23 20 af
508 1254 101 20 föräldrar
625 1255 37 19 och
679 1255 22 19 af
714 1255 64 20 andra
794 1256 12 19 &
822 1259 57 16 orten

127 1283 83 20 bosatta
233 1290 103 19 personer,
359 1284 48 25 gick
426 1291 47 12 man
493 1284 45 19 frän
560 1284 39 20 den
615 1291 38 13 ena
669 1285 164 25 onaturligheten
848 1285 32 19 till

127 1313 41 19 den
189 1313 70 24 andra,
280 1313 8 20 i
303 1313 35 20 det
354 1321 46 12 man
416 1313 136 20 förvandlade
568 1314 72 20 skolan
655 1314 46 19 frän
717 1315 163 26 svenskspräkig

127 1342 32 19 till
180 1343 128 26 tväspräkig,
332 1345 50 18 utan
399 1346 31 17 att
444 1343 77 20 beakta
536 1344 40 19 den
593 1344 6 19 i
615 1344 76 25 nädiga
706 1344 137 25 kungörelsen
860 1344 22 20 af

127 1372 40 19 den
189 1373 12 19 3
222 1373 108 20 november
348 1373 56 19 1871
421 1373 93 20 uttalade
530 1374 106 25 principen
652 1373 105 26 angäende
773 1374 107 20 undervis-

127 1402 147 26 ningsspräket
295 1403 7 19 i
323 1403 102 26 skolorna,
446 1406 32 17 att
494 1403 102 26 nämligen
612 1403 111 20 detsamma
738 1403 6 20 i
761 1404 118 19 elementar-

127 1431 38 20 och
187 1432 113 20 realskolor
314 1433 128 24 bestämmes,
458 1433 53 20 efter
526 1433 35 20 det
576 1433 165 20 vederbörandes
756 1434 55 25 äsigt
826 1433 7 20 i
848 1440 32 13 sa-

127 1461 40 20 ken
189 1462 116 26 inhemtats,
322 1462 22 19 af
365 1462 119 26 Kejserliga
506 1463 99 26 Senaten;
620 1463 38 19 och
673 1463 7 19 i
695 1463 134 20 förevarande
845 1463 35 20 fall
