1070 1717
278 174 27 18 En
314 174 66 18 reform
390 177 20 15 är
419 175 62 18 därför
489 175 22 18 af
522 176 87 18 behofvet
621 176 92 22 påkallad,
724 176 33 17 och
770 180 22 13 en
805 175 57 18 sådan
875 175 47 18 låter
931 176 29 22 sig

204 206 47 16 utan
264 204 94 23 synnerlig
371 205 95 23 svårighet
479 207 111 21 genomtöra.
613 206 150 22 Läraretjänsten
772 205 7 17 i
788 206 55 21 tyska
852 206 33 17 och
894 206 66 17 lärare-

205 234 83 23 tjänsten
301 234 6 18 i
320 234 74 18 franska
405 234 6 18 i
424 235 21 17 de
458 235 95 18 klassiska
565 236 85 21 lyceerna
663 236 55 17 borde
732 235 72 18 förenas
814 235 30 17 till
857 240 16 12 en
878 235 82 23 kollega-

205 264 60 23 tjänst
283 264 7 18 i
306 265 54 22 tyska
378 265 34 17 och
429 265 76 18 franska
521 266 80 22 spräket.
626 266 41 17 Den
684 265 105 18 finansiella
806 265 52 18 sidan
872 265 20 17 af
902 266 58 17 denna

206 294 67 18 reform
293 295 50 17 torde
361 295 40 18 icke
417 296 58 16 väcka
492 296 58 22 några
565 295 156 24 betänkligheter,
740 296 23 16 dä
781 305 21 3 —
819 296 83 17 fränsedt
915 295 45 17 olik-

205 325 78 17 heterna
295 324 6 18 i
314 324 147 24 löneförhöjning
473 327 49 15 samt
535 325 97 23 kollegans
645 325 77 23 pension
741 336 20 1 —
780 325 95 18 skilnaden
894 325 66 17 mellan

205 354 22 18 de
245 354 104 18 nuvarande
363 355 136 22 spräklärarnes
513 355 138 23 sammanlagda
664 355 51 18 löner
728 355 115 23 (1600+800
856 355 59 21 mark)
928 355 33 17 och

206 390 22 12 en
245 384 106 23 kollegalön
368 385 46 17 2600
431 386 51 16 mark
495 387 55 20 utgör
562 385 48 17 blott
623 386 35 16 200
671 386 57 16 mark.
766 385 37 17 Det
815 386 21 16 är
852 384 109 22 visserligen

205 414 60 21 fallet,
282 416 28 15 att
328 414 137 23 sammanlagda
481 415 72 17 antalet
565 414 75 18 timmar
651 414 7 17 i
670 415 61 22 bägge
745 415 78 21 spräken
837 415 30 20 (18
880 414 80 21 timmar)

205 443 40 18 icke
259 443 44 18 fullt
315 446 92 15 motsvara
420 449 22 12 en
455 444 84 23 kollegas
556 444 254 23 undervisningsskyldighet
825 445 31 21 (22
873 444 22 21 t.)
920 444 40 17 Men

205 473 40 18 dels
263 473 50 18 torde
330 474 87 22 kollegan
435 474 6 17 i
458 474 87 18 moderna
563 475 55 21 spräk
635 473 19 18 fä
670 475 58 16 räkna
741 473 30 23 sig
784 474 30 17 till
827 473 49 24 godo
890 475 27 16 ett
929 479 32 16 par

204 503 207 23 korrigeringstimmar,
425 504 39 17 dels
477 505 40 16 äter
530 504 55 18 borde
599 504 35 17 han
647 506 46 15 utan
706 504 94 22 svärighet
816 504 61 17 kunna
892 503 69 18 erhälla

204 533 110 23 ytterligare
328 533 96 24 lektioner,
437 534 49 17 helst
499 536 62 15 staten
575 535 23 21 pä
611 534 22 17 de
651 535 54 21 orter,
719 539 38 12 som
771 533 41 18 icke
825 533 89 23 därjemte
926 538 35 17 ega

205 563 117 24 reallyceum,
335 563 31 19 vid
380 564 30 17 det
423 564 92 18 klassiska
528 564 60 22 lyceet
605 564 136 22 upprätthäller
753 569 23 12 en
789 563 114 23 fyraklassig
915 563 46 17 real-

205 594 51 21 linie,
270 593 33 18 där
314 594 31 17 det
358 594 54 22 tyska
427 594 74 22 spräket
514 594 48 17 läses
575 595 24 21 pä
611 595 68 16 tvänne
693 594 76 17 klasser.

279 623 27 18 En
318 623 110 23 ytterligare
441 624 65 23 möjlig
522 624 114 22 invändning
653 623 45 23 vilja
711 623 18 18 vi
742 623 78 18 bemöta.
846 623 42 17 Man
900 622 60 18 kunde

205 653 94 23 nämligen
316 654 62 17 befara
395 656 29 15 att
440 659 22 12 en
479 653 34 18 och
530 659 69 12 samma
616 659 65 16 person
700 653 40 18 icke
754 653 46 22 egde
812 653 107 22 kompetens
932 654 29 18 att

204 683 99 18 undervisa
322 684 50 17 säväl
388 684 56 22 tyska
463 689 38 12 som
521 683 75 18 franska
609 683 80 22 spräket,
709 683 34 18 och
756 685 29 15 att
797 682 164 23 undervisningens

204 713 122 23 grunädlighet
341 714 73 17 komme
431 716 29 15 att
476 713 38 18 lida
530 719 67 17 genom
610 715 28 16 ett
650 713 159 18 sammansläende
822 712 19 18 af
854 712 107 23 läraretjän-

204 746 71 15 sterna.
299 743 69 18 Härtill
381 743 45 23 vilja
439 744 18 17 vi
470 743 91 22 genmäla,
575 745 28 16 att
616 743 5 17 i
631 743 72 18 statens
712 743 102 22 reallyceer
823 748 69 12 samma
902 742 59 17 lektor

204 779 44 18 eger
271 776 29 15 att
318 773 98 18 undervisa
435 774 54 22 tyska
509 773 34 18 och
561 773 81 23 franska,
661 775 30 16 att
707 773 57 18 redan
781 778 25 12 nu
823 773 4 17 i
842 778 32 12 sex
886 772 22 17 af
917 773 44 17 vära

203 794 71 37 fjorton
293 803 91 18 klassiska
397 803 61 22 lyceer
470 803 59 23 bägge
544 803 159 23 språktjänsterna
716 805 33 16 äro
762 802 86 18 förenade
861 803 23 22 på
897 807 22 13 en
927 802 34 17 och

204 839 72 12 samma
292 833 54 22 hand,
364 835 52 20 samt,
434 833 75 18 framför
526 833 40 22 allt,
585 835 29 16 att
626 833 34 18 den
673 833 205 22 universitetsexamen,
891 838 38 13 som
942 831 21 19 af

203 863 129 23 aspiranterna
351 863 31 18 till
399 863 21 18 de
437 869 36 16 nya
490 863 180 23 kollegatjänsterna
689 863 72 17 komme
774 864 30 16 att
816 862 76 21 fordras,
906 868 55 17 oupp-

202 894 67 23 lösligt
287 893 107 23 förknippar
412 893 69 18 studiet
500 893 6 18 i
525 893 55 23 tyska
599 893 41 18 med
658 893 69 18 studiet
740 893 7 17 i
760 892 82 23 franska,
854 893 71 17 hvadan
939 899 22 12 en

203 929 73 18 person,
290 929 38 12 som
341 923 75 18 erhållit
429 924 66 22 högsta
512 924 71 17 vitsord
596 923 6 18 i
615 923 59 18 denna
687 929 83 16 examen,
787 924 59 16 måste
859 928 54 13 anses
926 929 35 17 ega

202 954 23 18 de
243 953 69 23 nödiga
327 953 180 23 förutsättningarna
520 953 28 18 för
560 955 29 16 att
601 953 106 18 handhafva
719 952 158 23 undervisningen
891 953 50 18 såväl
953 953 6 18 i

204 984 32 17 det
249 989 35 12 ena
297 988 39 13 som
348 983 6 18 i
368 983 31 18 det
411 983 57 18 andra
481 983 80 22 språket.

276 1013 32 18 Ett
328 1018 29 13 om
376 1013 75 23 möjligt
469 1015 23 16 än
511 1019 50 12 mera
580 1013 102 23 trängande
702 1012 58 19 behof
771 1014 21 16 är
805 1012 124 18 ombildandet
941 1012 22 18 af

206 1043 221 23 spräkläraretjänsterna
440 1043 6 18 i
458 1043 158 22 normallyceerna
628 1043 30 18 till
675 1043 153 22 lektorstjänster
840 1042 7 17 i
859 1043 55 22 tyska
927 1042 33 17 och

202 1073 83 18 franska.
310 1073 26 17 De
354 1073 97 22 praktiska
467 1073 149 22 anordningarna
634 1073 76 22 erbjuda
723 1073 34 17 här
770 1074 23 15 än
807 1071 70 18 mindre
890 1071 69 23 svärig-

203 1103 58 22 heter,
275 1103 22 17 dä
311 1103 139 22 sammanlagda
462 1103 71 17 antalet
546 1103 73 17 timmar
632 1102 5 17 i
651 1103 56 22 tyska
720 1102 35 18 och
773 1101 76 18 franska
862 1101 39 23 (18)
914 1103 45 16 mot-

203 1137 66 13 svarar
288 1138 22 12 en
326 1133 70 17 lektors
412 1132 251 23 undervisningsskyldighet
680 1132 33 17 och
731 1132 24 17 dä
768 1131 110 18 skildnaden
891 1131 7 17 i
910 1131 49 17 löne-

202 1162 93 18 förmåner
307 1173 21 2 —
342 1162 84 18 fränsedt
442 1162 127 23 förhöjningar
586 1162 33 17 och
636 1162 76 23 pension
728 1172 20 2 —
763 1162 73 17 komme
854 1162 28 16 att
894 1162 66 21 utgöra

202 1192 50 17 blott
271 1193 35 16 600
324 1193 58 17 mark.
407 1192 38 18 Och
461 1194 28 16 att
505 1192 157 23 undervisningen
679 1191 6 18 i
702 1191 164 22 normallyceerna,
880 1191 33 17 där
925 1190 34 18 den

201 1227 50 18 unge
265 1222 110 23 pedagogen
387 1227 66 18 genom
467 1222 128 23 auskultering
608 1222 53 18 söker
673 1222 81 22 tillegna
767 1221 30 22 sig
809 1221 32 17 det
853 1221 59 23 bästa,
921 1225 38 13 som

202 1252 7 18 i
222 1252 87 18 afscondc
329 1253 10 16 &
358 1252 62 18 metod
437 1253 38 17 står
491 1252 30 17 till
538 1252 52 22 buds,
608 1252 33 17 och
654 1252 33 17 där
699 1251 99 24 praktiska
810 1250 44 23 prof
865 1250 54 18 äfven
931 1250 28 18 för

202 1281 153 23 lektorstjänster
370 1281 7 17 i
390 1282 55 22 tyska
462 1282 33 17 och
507 1281 76 18 franska
595 1281 8 18 i
615 1281 128 23 reallyceerna
760 1280 90 23 afläggas,
863 1280 33 17 bör
915 1285 44 13 vara

201 1311 110 18 anförtrodd
329 1312 20 17 åt
368 1311 86 23 lektorer,
471 1312 63 17 hvilka
553 1311 85 23 uppfylla
656 1311 49 23 höga
718 1310 82 23 anspråk
813 1310 51 18 såväl
878 1310 6 17 i
897 1311 61 17 veten-

203 1341 90 23 skapligt,
310 1346 39 13 som
367 1341 7 18 i
386 1342 85 22 praktisk
484 1341 109 23 hänseende,
607 1342 51 17 torde
672 1341 41 18 icke
726 1340 80 18 behöfva
820 1339 89 18 särskildt
921 1345 37 12 mo-

202 1370 77 18 tiveras.

273 1400 28 18 På
314 1400 54 18 ofvan
380 1400 78 19 anförda
469 1401 81 23 grunder
562 1402 48 22 våga
619 1400 152 18 undertecknade
780 1399 96 18 vördsamt
884 1398 73 23 föreslå,

200 1430 33 18 det
245 1430 107 24 Höglofliga
364 1430 135 24 Ridderskapet
516 1431 34 17 och
567 1430 58 19 Adeln
642 1430 44 18 ville
700 1430 65 19 förena
778 1430 30 23 sig
822 1435 28 12 om
863 1434 23 13 en
893 1429 65 17 under-

200 1460 58 23 dånig
271 1460 79 23 petition
362 1461 6 17 i
382 1461 49 22 syfte
