1073 1739
121 208 178 30 (Öfversättning).

340 240 313 28 Petitionsmemorial.

191 302 115 36 Prestest.
702 306 45 22 N:o
763 306 38 22 25.

257 625 55 20 Till
327 625 181 26 Högvördiga
523 625 220 20 Presteståndet.

195 691 32 20 Då
242 691 81 26 tillföljd
339 691 22 20 af
373 691 46 20 hela
431 691 65 20 Södra
506 691 99 20 Savolaks
617 691 92 20 uttalade
720 691 64 26 lifliga
795 692 78 19 önskan

124 721 38 20 och
180 721 70 20 därom
269 722 12 18 &
297 724 58 17 orten
370 721 108 20 framstäld
493 722 95 19 anhållan
605 724 28 17 ett
649 721 130 26 fullständigt
794 722 80 25 lyceum

123 751 113 20 inrättades
252 751 6 19 i
274 751 36 20 S:t.
321 751 85 20 Michels
419 751 53 26 stad,
482 751 111 20 inträffade
603 751 58 20 detta
671 751 66 20 under
749 751 125 26 omständig-

124 781 63 25 heter,
203 788 43 13 som
262 788 49 13 voro
327 781 31 19 för
373 782 50 19 våra
440 781 186 20 skolförhållanden
643 783 22 18 så
681 788 151 19 ogynnsamma,
844 784 30 17 att

125 811 71 19 skolan
209 811 112 20 inrättades
337 811 32 19 till
385 814 29 16 ett
430 811 172 26 svenskspråkigt
617 811 101 20 lörovärk.
749 811 41 20 Det
806 815 22 16 är
839 818 35 13 na-

126 841 72 25 turligt
215 843 30 17 att
261 841 71 20 skolan
349 842 66 19 såsom
431 841 65 20 sådan
511 841 45 20 icke
571 841 69 20 kunde
656 841 131 20 funktionera
802 848 72 13 annor-

126 870 63 20 lunda
211 873 26 17 än
260 871 31 19 till
311 873 59 23 nytta
391 871 31 19 för
437 874 76 23 ytterst
528 873 27 24 på
570 871 94 20 enskilda
679 878 103 19 personer.
812 871 63 20 Detta

126 901 97 19 skriande
243 900 176 20 missförhållande
434 901 133 20 framkallade
583 901 61 20 äfven
660 908 25 13 en
700 901 73 20 allmän
788 901 86 20 bestört-

126 930 51 26 ning
195 931 37 19 och
251 933 29 17 ett
302 931 83 19 allmänt
401 931 96 26 missnöje
518 931 45 20 icke
584 931 87 20 allenast
685 931 54 20 inom
756 931 35 20 det
806 933 69 24 egent-

126 960 41 26 liga
183 960 140 25 skolområdet,
339 963 51 17 utan
407 960 60 20 äfven
482 961 37 19 hos
535 961 46 20 hela
597 961 34 20 det
642 961 67 20 finska
720 961 155 26 folket,
798 956 10 35 i
817 961 58 26 främ-

127 993 32 17 sta
174 993 87 17 rummet
277 991 131 25 naturligtvis
425 991 52 20 dock
493 991 62 20 bland
571 991 50 22 dem,
637 991 71 20 hvilka
723 998 49 13 voro
786 993 90 18 närmast

127 1020 137 20 intresserade
282 1020 31 20 för
331 1021 70 24 saken,
417 1021 47 19 med
480 1021 64 20 andra
560 1021 42 25 ord,
618 1021 63 20 bland
697 1021 64 20 Södra
777 1021 99 20 Savolaks

126 1050 119 26 befolkning
261 1051 38 19 och
314 1051 121 25 isynnerhet
450 1051 63 19 bland
528 1051 26 19 de
569 1051 107 25 föräldrar,
691 1051 70 20 hvilka
773 1051 103 26 hoppades

127 1080 64 26 draga
214 1083 59 23 nytta
294 1080 22 19 af
334 1081 77 23 skolan,
432 1081 79 20 hvilket
527 1081 96 25 missnöje
638 1081 125 20 framträdde
779 1081 36 19 allt
830 1081 46 25 tyd-

127 1110 64 25 ligare
209 1110 8 19 i
235 1110 51 19 form
305 1110 23 20 af
343 1113 104 23 protester
463 1111 37 19 och
515 1111 115 25 petitioner,
648 1111 108 25 åsyftande
771 1113 30 17 ett
816 1111 61 19 snabt

128 1140 131 25 afhjälpande
280 1140 22 19 af
314 1140 193 20 missförhällandet.
539 1141 11 19 I
565 1140 48 20 vida
629 1141 64 25 högre
708 1141 54 25 grad
777 1143 26 17 än
817 1140 60 20 dessa

127 1170 109 25 petitioner
259 1170 70 25 gjorde
353 1170 52 20 dock
427 1170 58 20 faran
506 1170 22 20 af
545 1173 30 17 att
591 1171 72 19 skolan
678 1171 7 19 i
700 1171 53 20 brist
768 1171 26 25 pä
810 1170 67 20 elever

128 1200 66 19 skulle
212 1203 85 22 stängas
315 1200 122 25 regeringen
453 1200 48 26 böjd
517 1200 32 20 för
564 1200 132 26 afhjälpande
712 1201 23 19 af
748 1200 57 20 detta
820 1200 57 20 miss-

127 1229 133 20 förhällande.
291 1230 48 19 Men
357 1230 8 19 i
384 1230 69 20 stället
472 1230 31 19 för
524 1233 31 17 att
570 1230 67 20 denna
653 1230 87 26 varning
757 1231 65 20 skulle
837 1229 40 20 för-

127 1261 52 18 mätt
194 1260 121 25 regeringen
331 1263 31 17 att
378 1262 55 18 rätta
449 1260 33 26 sig
497 1260 52 20 efter
562 1260 25 20 de
602 1260 114 20 förhanden
731 1260 91 20 varande
838 1259 39 21 för-

128 1290 121 20 hällandena
271 1290 37 20 och
331 1290 88 20 ombilda
443 1290 72 20 skolan
534 1290 66 26 ifräga
619 1290 31 20 till
668 1290 146 26 finskspräkig,
830 1290 48 26 gick

128 1326 47 13 man
194 1320 46 19 frän
259 1320 39 19 den
314 1326 38 13 ena
368 1320 166 26 onaturligheten
553 1320 57 20 öfver
625 1320 32 20 till
673 1320 39 20 den
728 1320 69 20 andra.
829 1320 49 20 Sko-

128 1349 34 20 lan
179 1350 124 19 ombildades
321 1350 32 19 till
371 1350 127 25 tvåspråkig.
528 1350 80 20 Endast
627 1350 46 26 den,
689 1357 43 13 som
748 1353 22 17 är
785 1350 93 19 fullkom-

128 1379 39 25 ligt
189 1379 124 20 främmande
335 1379 32 20 för
390 1380 153 24 skolväsendet,
567 1380 49 20 eller
638 1380 45 24 den,
707 1387 43 13 som
773 1380 106 19 nedsätter

129 1409 72 19 skolan
225 1409 31 19 till
279 1412 30 17 ett
328 1409 91 26 värktyg
438 1409 32 20 för
488 1410 104 25 tillfälliga
610 1410 96 25 politiska
725 1410 50 19 eller
793 1409 86 20 samhäl-

128 1439 61 25 leliga
212 1439 94 25 syftemäl
329 1439 38 19 och
391 1439 83 25 tillföljä
495 1439 61 20 däraf
577 1440 17 24 ej
619 1446 55 13 mera
696 1442 23 17 är
739 1440 7 18 i
767 1439 61 20 stånd
849 1442 30 16 att

129 1469 112 25 uppskatta
257 1469 82 19 skolans
355 1469 105 25 egentliga
475 1469 148 26 uppfostrande
633 1469 112 26 betydelse,
757 1469 72 20 endast
840 1468 38 20 den
