1092 1736
567 225 141 21 Presteständet
722 226 37 22 N:o
776 228 18 20 3.

251 471 48 19 Till
317 471 164 26 högvördiga
500 471 203 20 Presteständet!

167 528 11 20 I
193 529 11 26 &
220 529 26 20 25
262 528 23 20 af
297 528 148 26 förordningen
460 528 106 27 angående
581 528 139 27 maltdrycker
735 532 23 17 är
772 528 83 26 försälj-

99 557 51 25 ning
171 557 23 20 af
207 557 125 26 hembrygdt
347 557 20 20 öl
381 557 112 25 förbjuden
508 557 38 20 och
561 557 107 26 päpasslig
682 557 174 25 kronobetjäning

99 585 41 20 kan
162 586 47 20 med
233 586 46 20 stöd
303 586 61 19 häraf
381 586 126 20 åtminstone
522 586 7 19 i
543 586 69 26 någon
626 586 47 20 män
688 587 26 25 pä
728 586 71 20 landet
814 586 41 20 för-

99 614 74 20 hindra
195 614 90 20 handeln
306 614 48 20 med
369 614 67 20 denna
451 614 135 26 rusgifvande
601 614 66 26 dryck
682 615 38 19 och
736 615 47 19 dess
798 622 57 18 sorg-

98 642 43 26 liga
158 643 83 26 följder.
270 643 49 20 Men
335 644 26 19 dä
375 643 8 19 i
398 650 77 13 samma
490 643 100 26 paragraf
603 643 124 26 försäljning
742 643 23 20 af
778 644 79 19 sådana

98 672 146 26 maltdrycker,
260 672 71 20 hvilka
346 672 154 20 åstadkommas
517 672 59 26 ,med
590 672 82 20 biträde
682 672 23 20 af
714 674 47 24 eget
771 672 84 20 husfolk

98 700 50 20 eller
163 700 135 26 tjänstehjon,
313 700 31 20 uti
358 701 121 25 byggnader
495 701 46 19 med
556 701 71 25 vanlig
641 701 109 25 inredning
764 700 32 20 för
806 701 49 19 hus-

98 729 155 26 hällssysslor*,
269 732 22 17 är
306 730 88 24 tilläten,
403 730 38 19 har
455 736 74 19 genom
540 730 58 19 detta
608 729 144 26 medgifvande
764 732 30 17 ett
805 730 51 25 godt

98 758 83 20 tillfälle
195 758 33 20 till
243 758 126 26 försäljning
383 758 62 20 äfven
460 758 23 20 af
496 758 116 26 bevisligen
622 758 135 26 rusgifvande
767 758 89 26 drycker

99 787 37 19 och
154 786 61 20 däraf
227 786 92 26 följande
334 786 71 27 fylleri
419 786 72 21 blifvit
506 787 78 25 gifven,
599 787 7 19 i
622 787 35 19 det
672 789 31 17 att
718 787 25 19 de
757 786 98 26 utbjudas

97 816 65 19 under
188 816 140 20 täckmanteln
353 816 23 19 af
399 818 30 17 ett
455 816 107 26 oskyldigt
581 822 67 18 namn,
670 816 38 20 och
725 815 66 20 delvis
809 815 46 26 just

98 844 69 20 derför
183 844 70 26 sprida
267 844 82 20 förderf
361 844 7 20 i
383 844 119 20 vidsträkta
516 844 88 20 kretsar.
631 844 80 20 Nästan
720 844 8 20 i
738 844 46 20 hela
794 844 61 20 södra

97 872 128 21 Tavastland
247 873 39 20 och
308 873 7 19 i
338 880 26 13 en
387 875 43 18 stor
452 873 34 20 del
508 873 24 20 af
550 867 46 25 Äbo
612 873 39 20 och
665 873 141 26 Björneborgs
820 873 35 19 län

96 901 97 26 bidrager
209 902 39 19 den
263 903 23 18 sä
301 901 82 20 kallade
398 902 139 25 svagdrickan
552 904 53 17 mest
616 901 103 20 kännbart
728 901 34 20 till
770 901 85 20 utbred-

96 930 77 26 ningen
188 930 23 20 af
224 930 151 26 dryckenskap.
405 931 75 19 Denna
496 931 72 25 dryck,
584 937 43 13 som
642 931 47 19 med
704 930 47 20 stöd
766 930 22 19 af
801 929 53 20 före-

96 959 90 20 nämnda
210 959 11 26 $
244 959 84 26 lofligen
347 959 103 26 försäljes,
466 962 23 17 är
504 959 24 20 af
540 959 40 20 den
595 959 151 24 beskaffenhet,
762 961 31 17 att
808 959 46 23 den,

96 987 125 20 tillblandad
242 989 47 19 med
311 988 33 19 till
367 988 38 20 och
426 988 48 19 med
496 995 26 12 en
544 988 80 19 mindre
642 988 104 19 kvantitet
760 987 95 20 starkare

96 1019 79 22 ämnen,
199 1017 75 19 berusa
296 1016 43 20 lika
361 1017 40 20 lätt
424 1024 44 13 som
484 1017 26 23 öl,
526 1023 46 14 men
587 1016 39 20 har
639 1017 83 25 mycket
737 1016 118 26 skadligare

96 1045 77 26 följder
195 1045 32 20 för
250 1045 72 20 helsan
345 1045 38 20 och
403 1049 23 16 är
441 1045 63 20 äfven
519 1046 6 19 i
540 1046 26 19 de
581 1045 59 20 flesta
655 1045 38 20 fall
707 1045 64 20 redan
786 1045 22 20 af
822 1045 33 25 sig

97 1073 54 26 sjelf,
174 1075 23 19 sä
212 1074 65 24 stark,
293 1077 31 17 att
339 1075 118 19 densamma
472 1074 81 20 förtärd
568 1074 7 19 i
589 1074 99 25 rikligare
703 1074 75 25 mängd
793 1074 60 19 beru-

96 1109 40 18 sar,
154 1103 122 26 isynnerhet
289 1109 67 20 yngre
371 1103 38 20 och
425 1110 87 19 svagare
526 1109 105 20 personer.
662 1103 78 20 Genom
755 1102 37 21 sitt
807 1102 47 25 låga

96 1131 44 26 pris
162 1134 23 17 är
207 1131 40 20 den
262 1132 65 19 under
341 1132 120 19 nuvarande
476 1132 54 25 goda
545 1131 159 26 penningetider
718 1131 39 20 lätt
772 1133 31 18 att
818 1138 35 12 an-

96 1159 68 20 skaffa
178 1160 33 19 för
226 1166 25 14 en
267 1160 56 20 hvar.
354 1160 71 20 Under
441 1162 57 18 stora
508 1160 164 26 kyrkohögtider
682 1163 23 16 är
716 1159 138 26 svagdrickan

96 1194 25 14 en
136 1188 86 20 allmänt
237 1189 38 19 och
289 1189 105 25 omåttligt
409 1189 82 19 använd
506 1188 164 26 nationaldryck,
686 1188 84 20 hvilken
784 1188 69 20 skam-

94 1216 40 26 ligt
157 1219 44 18 stör
218 1217 89 20 firandet
321 1217 24 20 af
358 1217 61 20 dessa
434 1217 58 20 stilla
507 1217 102 26 högtider,
626 1224 44 13 som
684 1217 122 26 isynnerhet
820 1216 33 19 för

94 1245 129 20 närvarande
247 1246 63 20 borde
333 1248 75 24 utgöra
430 1246 166 19 kristendomens
619 1245 148 20 kännetecken.
804 1245 49 19 Men

94 1274 62 19 äfven
178 1274 95 21 fränsedt
295 1275 63 24 detta,
382 1278 23 17 är
427 1275 69 19 denna
513 1274 125 26 svagdricka
652 1274 34 19 till
700 1273 54 26 följd
768 1273 22 20 af
804 1274 49 19 dess

94 1302 63 20 ofvan
172 1303 87 20 anförda
274 1303 47 26 läga
335 1304 45 25 pris
395 1305 30 18 ett
440 1303 66 26 gissel
520 1303 122 26 isynnerhet
657 1303 32 20 för
704 1303 40 19 den
754 1302 99 26 fattigare

94 1331 155 26 befolkningen,
273 1332 37 20 och
332 1332 87 20 framför
441 1332 39 20 allt
502 1333 38 18 bör
562 1334 60 23 tagas
636 1332 8 19 i
659 1331 143 24 betraktande,
821 1333 32 17 att

94 1360 126 24 densamma,
237 1361 26 19 dä
278 1361 39 20 den
333 1361 23 20 sä
371 1361 86 20 allmänt
471 1361 37 20 vid
518 1360 72 25 hvarje
601 1360 83 20 tillfälle
696 1361 43 19 stär
749 1360 33 19 till
791 1359 60 24 buds,

94 1388 44 20 ofta
161 1389 61 20 äfven
243 1387 62 22 räkar
319 1389 8 20 i
341 1389 107 20 händerna
472 1390 28 25 pä
522 1389 52 20 barn
589 1389 39 20 och
643 1389 97 26 omyndig
755 1389 96 25 ungdom,

93 1417 134 26 hvarigenom
248 1419 27 24 pä
297 1421 61 21 orter,
381 1419 37 19 der
440 1418 94 26 drycken
555 1418 125 19 allmännare
696 1418 42 19 stär
753 1417 32 20 till
800 1416 51 24 salu,

93 1446 80 19 kanske
188 1446 25 20 de
229 1446 59 20 flesta
303 1446 24 20 af
339 1447 53 23 dem,
409 1453 44 13 som
469 1446 117 20 sedermera
596 1446 66 20 dukat
671 1446 65 19 under
745 1445 33 20 för
788 1445 63 25 dryk-

92 1474 181 28 kenskapslasten,
289 1475 64 21 redan
368 1475 7 21 i
391 1475 32 20 sin
437 1475 101 27 tidigaste
553 1474 89 26 ungdom
653 1481 73 21 genom
737 1476 30 19 ett
778 1474 73 20 omätt-
