1092 1742
816 173 12 19 3

100 231 52 18 samt
167 231 58 23 utgör
240 230 37 18 den
292 230 128 19 ekonomiska
434 230 72 24 grund,
523 236 42 13 som
581 236 80 19 sporrar
676 230 73 19 honom
761 230 30 19 till
802 229 54 25 själf-

101 258 98 19 medvetet
214 258 67 19 arbete
296 258 36 19 och
347 258 151 25 ansträngning.
523 258 32 19 All
571 258 38 20 den
626 258 52 20 kraft
693 258 36 20 och
740 258 33 20 det
784 258 73 24 arbete,

101 292 43 13 som
160 286 38 19 han
213 286 107 25 nedlägger
335 286 25 25 på
375 286 66 19 denna
455 286 49 25 jord,
519 286 70 19 länder
603 287 74 18 honom
693 287 46 24 själf
753 287 38 19 och
806 286 49 19 hans

100 315 60 24 familj
179 315 31 18 till
225 316 63 23 nytta.
318 315 59 19 Detta
396 317 23 16 är
433 315 87 19 arbetets
536 315 37 19 och
587 315 212 19 framåtsträfvandets
815 315 41 18 inre

100 343 97 19 drifkraft.
227 343 89 25 Egandet
336 343 20 19 af
376 343 44 25 jord
439 345 23 17 är
479 343 67 20 därför
561 343 33 20 det
609 343 57 25 ideal,
683 350 42 13 som
742 344 71 24 hägrar
827 343 30 20 för

100 372 39 19 den
154 372 41 19 lösa
210 372 150 25 befolkningens
376 371 26 26 pä
419 372 93 19 Finlands
528 372 114 25 landsbygd
658 372 71 19 fantasi
745 373 37 18 och
797 372 60 25 fyller

100 401 47 18 dess
169 400 194 20 framtidsdrömmar.
394 399 40 20 Och
453 401 42 19 häri
513 401 56 24 följer
584 401 39 19 den
638 401 65 19 denna
718 401 138 19 instinktmäs-

101 429 43 24 siga
158 429 75 24 känsla,
249 435 42 13 som
306 429 74 19 drifver
395 429 121 19 människan
531 429 31 19 till
577 429 89 20 sträfvan
681 430 52 19 efter
748 429 59 20 frihet
819 429 38 19 och

100 457 159 20 förhällandenas
280 457 144 26 rättfärdighet.
455 457 45 20 Men
522 458 53 19 detta
597 457 42 20 står
654 458 63 25 enligt
732 458 58 19 deras
806 463 50 20 upp-

100 486 85 25 fattning
200 487 5 18 i
221 486 121 25 gemenskap
365 486 45 19 med
432 486 187 25 jordeganderätten
639 487 37 18 och
697 487 41 18 däri
758 487 59 18 hafva
831 486 25 19 de

100 515 60 19 äfven
175 515 5 18 i
196 515 114 19 hufvudsak
331 516 45 18 rätt.
406 515 78 24 Egaren
505 515 20 19 af
546 515 109 25 skattejord
673 517 22 17 är
711 515 27 19 uti
755 515 48 19 vära
817 515 38 19 för-

100 543 107 20 hällanden
232 543 132 20 öfverhufvud
391 543 22 20 sä
438 544 115 23 oberoende,
579 549 43 14 som
648 550 45 13 man
717 544 6 19 i
747 543 110 20 allmänhet

100 571 40 20 kan
156 578 51 13 vara.

170 601 29 18 Då
215 607 45 12 man
275 601 68 19 hastar
358 601 64 19 denna
437 601 113 24 befolkning
565 601 32 19 till
612 601 60 25 hjälp,
687 601 34 19 bör
731 601 66 20 därför
808 601 47 24 hjäl-

101 635 39 18 pen
162 629 61 19 riktas
246 629 80 24 därhän,
350 631 30 17 att
402 629 72 20 nämda
495 629 113 25 befolkning
629 629 22 19 sä
671 629 42 20 vidt
729 629 75 26 möjligt
819 629 38 19 blir

100 663 58 19 egare
180 658 20 19 af
221 658 50 25 jord.
301 658 32 19 All
354 664 66 13 annan
440 658 54 25 hjälp
515 660 21 17 är
553 658 20 19 af
587 657 132 26 öfvergäende
735 660 63 21 natur,
813 664 42 13 som

101 692 40 18 nog
156 687 28 18 för
199 686 85 19 tillfället
300 687 69 18 värkar
384 687 51 18 hvad
450 687 39 18 den
505 687 50 19 skall
571 687 65 23 värka,
652 693 45 13 men
709 687 42 19 icke
761 687 96 24 afhjälper

102 714 33 19 det
157 715 101 24 egentliga
280 715 185 20 missförhällandet.
495 715 37 25 Jag
553 717 22 17 är
595 715 118 25 öfvertygad
731 721 32 13 om
779 717 29 17 att
823 715 33 19 det

102 743 64 25 ständ,
187 749 43 13 som
252 743 22 19 sä
294 745 47 18 nära
359 743 75 20 känner
452 743 82 26 hjärtats
550 744 43 24 slag
608 744 36 19 hos
661 744 54 19 detta
730 743 47 24 folk,
792 743 64 25 gifver

102 771 34 19 sitt
151 772 125 19 erkännande
292 772 71 19 härtill.

170 799 26 20 Sä
217 800 76 19 kallade
316 801 187 24 nödhjälpsarbeten
524 801 65 19 lindra
609 801 85 19 sålunda
715 807 38 18 nog
769 800 87 25 tillfällig

101 829 45 24 nöd,
168 835 45 12 men
234 829 100 19 förhindra
354 829 40 20 den
412 829 42 20 icke
469 831 29 18 att
514 829 122 19 äterkomma
651 829 36 20 och
703 829 95 20 förbättra
813 829 43 19 icke

101 857 25 19 de
142 857 115 19 nödstäldas
273 857 123 25 belägenhet.
418 853 64 24 Äfven
498 858 34 19 det
545 858 20 18 af
581 858 40 24 mig
636 858 59 19 redan
712 858 71 18 nämda
798 857 57 19 sträf-

102 886 72 18 vandet
189 887 29 18 att
233 886 85 24 afhjälpa
333 886 34 19 det
382 886 73 19 sociala
466 886 181 20 missförhällandet
657 892 72 18 genom
740 886 116 24 utgifvande

101 914 20 19 af
142 914 68 24 bidrag
229 914 37 20 och
286 914 32 19 län
336 915 30 19 för
380 914 126 26 anläggande
521 915 19 19 af
555 915 151 25 nybyggestorp
721 914 12 20 å
748 914 108 25 skattejord

101 942 7 19 i
123 942 78 26 Kuopio
222 943 33 19 län
277 943 37 19 kan
336 943 42 19 icke
398 943 123 25 undanrödja
536 944 61 24 sagda
613 943 177 19 missförhällande.
819 942 37 20 För

101 971 34 19 det
150 971 62 19 första
226 974 21 16 är
262 972 64 19 denna
343 972 87 25 torpjord
445 972 44 19 icke
504 974 105 23 torparens
624 972 49 19 eller
685 972 49 19 hans
745 972 110 24 arfvingars

101 1005 50 19 egen
170 1000 36 18 och
222 1000 50 19 hans
288 1002 39 17 rätt
342 1002 102 23 gentemot
460 1000 62 26 tredje
538 1006 44 13 man
597 1002 22 18 är
634 1000 97 20 beroende
746 1000 20 19 af
780 1000 75 19 inteck-

100 1028 173 25 ningsbevakning
288 1029 36 19 och
339 1029 62 19 andra
416 1029 173 25 omständigheter,
606 1035 43 13 som
665 1030 38 18 han
719 1029 42 19 icke
776 1028 38 20 kan
831 1028 25 25 pä

100 1056 83 20 förhand
202 1057 80 19 förutse.
313 1057 107 19 Dessutom
435 1058 98 19 erfordras
553 1058 32 18 vid
600 1058 133 24 anläggandet
747 1057 19 19 af
781 1059 28 17 ett
824 1056 31 20 sä-

101 1085 49 19 dant
171 1087 44 23 torp
237 1085 22 20 sä
279 1086 71 24 mänga
368 1086 110 25 omgängar
492 1087 30 19 för
536 1088 30 17 att
581 1086 19 19 fä
616 1086 79 20 skatten
711 1086 78 24 mättlig
804 1088 52 17 samt

100 1114 72 24 jämväl
188 1114 5 19 i
210 1114 59 25 öfrigt
292 1114 22 20 sä
336 1114 116 20 invecklade
474 1115 97 19 kamerala
592 1115 147 25 förrättningar,
757 1117 29 17 att
801 1114 54 19 detta

100 1142 66 19 försök
183 1143 90 19 strandar
289 1142 25 26 pä
330 1144 31 18 sin
377 1149 49 19 egen
442 1144 117 18 invecklade
575 1144 140 18 beskaffenhet.

170 1171 28 19 De
212 1171 95 25 engelska
322 1172 37 18 och
374 1172 102 19 irländska
491 1172 174 19 arrendatorernes
680 1171 93 25 exempel
783 1171 71 25 ädaga-

100 1199 68 25 lägger
189 1206 39 18 nog
245 1200 64 24 äfven,
327 1202 29 17 att
371 1200 39 19 den
426 1200 73 20 sociala
514 1200 68 25 frägan
598 1200 83 20 rörande
697 1201 38 19 den
750 1200 106 19 obesuttna

101 1228 199 25 landsbefolkningen
316 1229 43 19 icke
377 1228 52 20 löses
445 1229 122 25 därigenom,
582 1231 29 17 att
626 1235 46 13 man
688 1229 88 25 placerar
791 1228 65 19 denna

100 1256 116 25 befolkning
230 1256 12 20 &
257 1257 126 25 arrendejord
401 1258 42 24 (the
461 1258 49 18 farm
528 1258 44 23 act),
588 1258 30 18 till
634 1258 37 18 och
687 1258 44 18 med
747 1263 32 13 om
793 1263 26 13 en
833 1256 23 20 sä

100 1286 70 24 sträng
184 1286 116 24 arrendelag
315 1286 41 24 (the
370 1286 49 19 farm
436 1288 45 17 rent
496 1286 46 25 law)
558 1286 72 24 stiftas,
646 1292 42 13 som
701 1286 38 19 den
750 1285 105 22 irländska,

100 1313 64 25 enligt
178 1314 82 19 hvilken
274 1314 43 20 icke
331 1314 116 25 jordegaren
464 1314 50 25 själf,
530 1317 48 17 utan
593 1320 26 14 en
630 1314 87 20 särskild
727 1315 19 18 af
756 1314 100 24 styrelsen

100 1342 72 19 tillsatt
187 1342 263 25 kompromisskommission
465 1349 47 19 eger
526 1344 110 18 bestämma
648 1342 208 20 arrendeförmänerna

100 1370 38 20 och
160 1371 110 24 afgifterna.
300 1371 148 25 Landsbygden
471 1372 38 19 blir
530 1372 116 24 därigenom
668 1372 70 19 endast
759 1371 36 19 allt
814 1377 42 13 mer

100 1399 38 19 och
152 1405 42 13 mer
209 1400 42 24 öde,
266 1400 116 24 jordbruket
394 1400 107 20 törsämras
512 1400 37 20 och
561 1400 146 24 utvandringen
718 1400 30 19 till
758 1400 97 23 städerna,

100 1427 118 24 isynnerhet
238 1428 90 24 London,
348 1428 36 20 och
404 1428 116 20 kolonierna
536 1428 86 25 tilltager
636 1428 6 19 i
659 1428 61 20 sädan
735 1428 54 25 grad,
805 1429 29 18 att
849 1428 6 19 i

100 1455 71 24 Irland,
187 1456 81 19 hvarest
283 1457 141 24 befolkningen
440 1457 41 19 förr
496 1457 88 25 uppgick
599 1457 30 19 till
640 1457 12 19 5
664 1457 95 24 miljoner,
770 1456 30 19 för
810 1458 45 17 när-

100 1484 86 19 varande
201 1485 63 19 finnes
280 1485 71 19 endast
366 1485 62 25 nägot
444 1485 55 20 öfver
515 1486 11 18 3
543 1485 90 25 miljoner
648 1485 140 25 innebyggare.
