1070 1742
198 184 29 20 38
380 182 280 24 Petitionsbetänkande
674 183 45 23 N:o
733 182 38 23 13.

200 246 69 20 föras.
299 246 137 21 Därutöfver
458 246 42 21 har
522 246 38 21 det
575 248 64 26 synts
655 253 38 15 oss
709 246 112 26 sakenligt
837 248 32 18 att
885 246 72 20 skrift-

201 280 120 26 vexlingen
336 280 8 20 i
359 280 45 21 alla
420 280 107 26 ärenden,
543 287 51 14 som
610 280 142 22 omedelbart
766 282 52 19 röra
834 280 46 20 viss
894 280 63 21 kom-

201 321 65 19 mun,
282 314 59 21 föres
356 314 30 28 pä
401 314 88 22 dennas
505 315 206 27 protokollsspräk,
726 314 97 21 emedan
839 314 45 21 den
902 314 55 21 före-

200 348 73 27 lupna
289 348 184 27 skriftvexlingen
489 349 7 20 i
511 349 76 27 regeln
599 349 105 21 kommer
714 350 32 19 att
757 348 46 21 förr
813 349 55 20 eller
878 355 79 14 senare

200 382 110 27 delgifvas
326 383 149 21 kommunen.

270 417 32 20 På
317 417 73 27 grund
406 418 25 20 af
444 418 61 20 hvad
521 418 69 20 ofvan
606 418 87 20 anförts
704 418 23 20 få
739 417 22 21 vi
774 417 118 21 vördsamt
902 418 55 20 före-

199 451 41 26 slä,
263 453 32 19 att
319 451 126 21 Ständerna
463 452 52 20 ville
531 454 82 24 antaga
632 452 121 21 utskottets
773 452 84 26 förslag
872 452 33 20 till
921 452 36 20 be-

200 486 46 20 slut
268 485 52 21 med
342 485 100 27 följande
465 486 137 20 förändrade
620 486 86 27 lydelse
722 486 35 20 för
772 486 131 27 punkterna
922 487 35 29 3:0

200 520 45 20 och
261 520 41 20 8:o:

475 573 34 19 3:0
528 574 32 19 att
577 573 109 27 sakegare,
709 574 59 19 utom
790 572 6 20 i
814 572 72 20 nedan
904 579 53 21 upp-

406 608 67 25 tagna
494 606 46 28 fall,
564 614 47 20 eger
626 606 37 21 vid
677 607 64 20 säväl
756 607 58 26 lägre
828 613 47 14 som
892 606 66 27 högre

406 640 93 21 domstol
517 641 40 20 och
579 641 129 27 myndighet
727 642 44 19 rätt
792 642 32 19 att
844 640 8 21 i
873 640 84 25 ärende,

406 682 46 13 som
473 675 27 27 af
516 675 82 21 honom
618 675 184 27 anhängiggöres,
824 675 46 27 utfä
884 676 73 26 proto-

406 710 50 23 koll,
473 710 70 26 utslag
558 710 40 20 och
614 716 77 14 annan
708 709 122 27 expedition
844 709 7 21 i
864 709 95 27 original

404 744 31 26 pä
461 744 34 20 det
519 744 74 26 spräk,
617 744 92 20 svenska
739 744 49 20 eller
810 744 79 26 finska,
911 743 45 20 han

406 778 51 26 sjelf
474 778 108 26 begagnat
602 778 48 20 eller
666 778 74 25 äskat;
755 778 50 20 med
823 778 71 20 sädan
916 777 41 21 till-

407 812 116 27 lämpning
546 812 37 20 vid
601 812 112 20 underrätt
727 812 40 20 och
784 812 59 27 lägre
856 811 100 27 myndig-

406 846 41 25 het,
463 848 31 18 att
511 846 121 27 expedition
650 846 100 28 utfärdas
763 847 30 26 pä
810 848 70 18 ortens
895 846 61 20 kom-

407 881 152 26 munalspräk,
581 881 71 20 därest
673 881 20 27 ej
711 881 119 26 sakegaren
851 881 108 26 begagnat

407 915 34 20 det
461 915 71 20 andra
553 915 87 26 spräket
660 915 40 20 och
720 915 31 26 pä
771 914 120 27 tillfrägan,
910 921 46 14 som

407 949 27 26 af
450 949 88 20 domare
559 949 49 20 eller
625 949 129 27 myndighet
772 949 38 20 bör
826 948 32 21 till
875 949 81 20 honom

406 983 81 26 ställas,
504 983 67 20 äskar
583 983 122 27 expedition
719 983 32 27 pä
766 983 56 20 detta
838 983 77 27 spräk;

475 1040 35 20 8:o
551 1041 30 18 att
612 1039 135 28 beträffande
778 1039 179 27 skriftvexlingen

408 1075 91 20 emellan
527 1074 187 27 myndigheterna,
733 1074 25 20 sä
784 1074 40 20 ock
846 1073 71 28 öfriga
940 1073 19 27 ej

407 1108 37 27 för
463 1103 9 36 —
478 1109 104 26 sakegare
616 1108 90 27 afsedda
737 1107 137 27 handlingar
902 1107 57 20 skall

406 1143 72 26 gälla:

476 1177 25 27 a)
521 1178 32 19 att
573 1177 8 20 i
600 1177 84 24 ärende,
705 1183 47 14 som
773 1176 131 20 omedelbart
921 1177 36 19 rör

408 1211 42 20 viss
471 1211 107 20 kommun
605 1211 49 20 eller
675 1211 52 26 flere
751 1211 132 20 kommuner
909 1210 49 20 med

406 1252 87 13 samma
502 1245 182 28 protokollspräk,
695 1245 35 20 det
739 1245 146 20 kommunala
895 1245 61 26 sprä-

407 1279 35 20 ket
457 1279 121 27 begagnas;

475 1313 24 27 b)
519 1315 31 18 att
564 1313 34 20 det
612 1313 73 27 spräk,
701 1313 71 20 hvarä
788 1311 121 28 expedition
927 1311 31 21 till

406 1347 104 27 sakegare
530 1347 7 20 i
556 1348 68 26 nägot
643 1347 80 21 ärende
745 1347 38 20 bör
804 1345 100 28 utgifvas,
923 1346 33 20 be-

407 1388 86 21 gagnas
502 1381 89 27 jämväl
606 1381 7 20 i
629 1382 25 19 de
670 1381 49 27 bref
726 1380 40 21 och
778 1380 122 27 yttranden,
910 1386 46 14 som

408 1415 8 20 i
430 1422 86 14 samma
532 1415 80 21 ärende
626 1416 91 26 aflätas;

476 1450 21 27 c)
524 1451 32 19 att
570 1449 7 20 i
593 1449 160 21 embetsdiarier
771 1449 110 26 begagnas
896 1448 60 27 sprä-

407 1484 35 20 ket
457 1483 7 21 i
478 1484 40 20 den
535 1483 114 28 handling,
664 1490 47 14 som
728 1483 57 20 skall
800 1482 136 27 diariiföras;
