1067 1742
236 169 77 22 Ständ.
330 169 48 22 Pet.
394 182 27 3 —
436 169 154 22 Petitionsbet.
605 169 37 23 N:o
658 168 20 23 2.
813 170 27 18 28

153 235 113 29 Slutligen
280 235 70 22 hafva
364 235 8 21 i
388 235 93 26 Preste-,
492 235 110 29 Borgare-
613 235 43 21 och
663 234 178 22 Bondestånden

84 270 153 22 framlemnats
260 270 202 28 petitionsförslag,
486 270 106 22 afseende
608 270 233 27 sammanbindnings-

84 304 71 22 banor
174 306 9 21 i
204 306 110 22 mellersta
333 303 137 30 Österbotten,
485 305 84 25 hvilka,
585 304 114 28 utgående
714 304 52 22 från
781 304 61 21 olika

84 340 99 28 punkter
199 340 25 21 af
236 340 127 28 Uleåborgs
376 340 104 28 järnväg,
498 340 72 21 skulle
584 340 54 28 löpa
647 339 195 28 hufvudsakligen

85 374 7 21 i
110 374 102 28 riktning
232 374 51 22 från
297 375 111 21 nordvest
422 377 48 19 mot
485 375 80 28 sydost
581 375 43 21 och
640 374 88 22 ansluta
744 374 35 28 sig
794 373 48 21 dels

85 408 34 21 till
140 409 263 29 Jyväskylä—Suolahti
425 409 81 26 banan,
530 410 47 21 dels
599 409 34 21 till
656 408 187 22 Savolaksbanan

86 444 43 20 och
158 444 51 21 dess
237 444 148 28 fortsättning
413 444 51 21 från
488 444 93 28 Kuopio
608 444 64 22 öfver
698 443 86 22 Tisalmi
809 442 34 22 till

86 478 95 28 Kajana.

154 513 135 29 Uppenbart
312 516 30 23 är,
366 515 32 19 att
422 513 37 21 det
474 513 140 22 vidsträckta
630 513 42 22 och
687 513 134 28 isynnerhet
835 512 8 21 i

87 547 52 22 dess
161 548 75 21 ådalar
258 548 96 28 bördiga
378 543 145 27 Österbotten
540 548 51 22 icke
609 548 45 22 kan
672 548 35 22 för
722 555 29 14 en
765 548 79 27 längre

86 582 92 21 framtid
200 582 62 22 finna
284 582 34 28 sig
340 582 88 28 betjent
450 582 81 22 endast
554 582 24 22 af
598 582 44 22 den
660 590 31 13 nu
706 582 138 28 förefintliga

86 617 157 28 Uleåborgska
262 617 134 28 järnvägen.
426 617 49 21 Hos
503 617 162 28 befolkningen
683 617 8 20 i
706 617 62 21 detta
782 616 62 22 land-

88 652 55 28 skap
166 652 40 21 har
230 652 76 21 därför
329 652 112 28 försports
464 660 29 14 en
512 652 57 28 liflig
585 652 113 21 åstundan
712 654 33 18 att
761 650 83 22 erhålla

87 686 60 26 flere,
170 686 47 22 inåt
239 686 77 22 landet
338 687 86 28 dragna
438 686 128 29 järnvägar.
597 686 42 22 Att
654 686 84 22 sådana
754 685 90 23 äfven
833 681 15 38 i

88 724 71 18 större
178 721 54 21 eller
246 721 89 21 mindre
350 722 57 28 grad
422 724 38 18 äro
478 722 24 21 af
517 721 107 22 behofvet
638 721 124 28 påkallade,
779 720 65 22 fram-

88 758 40 26 går
143 756 69 21 bland
227 759 69 18 annat
311 756 66 22 däraf
390 758 38 24 att,
446 759 53 19 enär
516 756 27 21 de
559 756 177 21 österbottniska
744 756 102 21 elfvarna

88 790 8 21 i
118 790 77 28 regeln
219 790 19 28 ej
264 793 37 18 äro
324 790 123 28 segelbara,
468 790 164 29 befolkningen
647 793 24 18 är
686 790 111 22 hänvisad
812 790 34 20 till

88 825 140 28 landsvägen
243 827 73 19 såsom
332 825 59 21 enda
405 824 289 22 kommunikationsmedel.
719 825 80 21 Såsom
814 826 32 19 ett

88 860 50 22 icke
154 860 98 28 oviktigt
266 860 72 22 motiv
354 860 35 22 för
406 860 66 22 dessa
487 860 71 22 banor
573 861 41 20 har
626 860 115 22 dessutom
751 860 94 25 anförts,

89 898 32 19 att
144 895 44 22 den
209 895 157 28 Uleåborgska
386 895 128 29 järnvägen
536 896 114 27 knappast
667 895 45 21 kan
727 895 72 21 blifva
814 895 32 20 in-

88 930 133 28 bringande,
238 930 75 21 därest
328 930 44 21 den
388 930 50 21 icke
454 931 51 21 från
520 930 102 22 inlandet
631 930 95 21 erbåller
734 929 112 22 tillförsel-

89 972 88 21 grenar.

156 1000 55 21 Men
226 1001 12 20 å
254 999 69 22 andra
339 999 65 22 sidan
419 1000 87 21 måste
494 995 12 36 i
516 1000 147 21 betraktande
671 1002 70 25 tagas,
750 1001 33 20 att
793 999 54 21 flere

90 1034 61 21 delar
174 1035 24 20 af
218 1034 82 26 landet,
319 1035 79 22 hvilka
413 1035 52 21 med
480 1035 90 28 hänsyn
585 1035 34 21 till
634 1035 154 27 befolknings-
804 1034 44 21 och

90 1069 248 28 odlingsförhållanden
349 1077 42 20 ega
402 1069 114 22 företräde
527 1070 94 21 framför
632 1077 32 14 nu
674 1069 173 28 ifrågavarande

89 1103 117 29 landskap,
229 1104 107 21 likaledes
360 1107 38 18 äro
422 1104 7 21 i
453 1104 71 22 behof
545 1105 24 20 af
588 1104 128 29 järnvägar,
740 1106 57 19 samt
816 1105 32 19 att

90 1138 133 26 Ständerna,
246 1140 30 26 på
298 1140 44 19 sätt
360 1138 26 21 af
400 1139 37 21 det
453 1139 138 28 föregående
606 1139 105 28 framgår,
727 1138 69 22 äfven
811 1145 37 14 an-

89 1172 65 21 hållit
169 1180 37 13 om
221 1173 110 22 särskilda
347 1173 105 28 åtgärder
464 1173 36 22 för
509 1173 146 28 afhjälpande
667 1173 25 21 af
701 1173 61 21 detta
771 1172 76 22 behof.

90 1207 54 21 Med
166 1207 106 22 afscende
290 1207 55 22 härå
361 1208 43 21 och
420 1208 28 21 då
465 1208 43 21 alla
524 1208 28 21 de
567 1207 131 22 framstälda
714 1207 134 28 önsknings-

89 1242 73 21 målen
185 1242 49 21 icke
257 1243 65 21 torde
344 1243 78 21 kunna
445 1243 63 21 inom
530 1243 44 21 den
596 1244 113 19 närmaste
727 1241 123 22 framtiden

90 1276 122 27 realiseras,
237 1279 57 20 samt
316 1279 76 27 någon
414 1277 126 28 utredning
562 1277 50 22 icke
634 1277 70 21 heller
720 1277 34 21 för
770 1279 79 19 närva-

90 1311 70 22 rande
174 1312 73 21 finnes
258 1312 142 21 beträffande
411 1312 163 27 sträckningen
585 1311 35 22 för
630 1311 27 22 de
666 1311 183 28 järnvägslinjer,

89 1346 79 22 hvilka
190 1347 78 21 kunna
288 1347 35 21 för
345 1346 114 22 mellersta
482 1342 147 26 Österbotten
648 1353 55 15 vara
722 1346 27 21 de
764 1345 86 28 lämpli-

90 1383 70 26 gaste,
184 1388 68 22 synes
275 1381 106 28 riktigast
403 1389 61 18 vara,
486 1383 33 20 att
534 1381 134 28 landskapet
684 1380 7 21 i
708 1380 50 21 dess
773 1379 78 22 helhet

90 1415 149 22 underkastas
262 1423 28 14 en
312 1415 110 29 grundlig
445 1415 174 28 undersökning
634 1415 8 21 i
658 1415 143 22 ekonomiskt
820 1414 30 21 af-

90 1450 89 26 seende,
200 1450 70 28 jämte
294 1451 38 21 det
354 1451 64 20 tiden
441 1451 36 20 för
497 1451 75 21 denna
586 1450 184 28 undersöknings
786 1449 64 22 verk-

90 1484 110 22 ställande
215 1485 85 22 lemnas
316 1487 29 26 på
361 1485 131 28 Styrelsens
508 1485 110 28 pröfning
632 1485 120 21 beroende.
