1073 1745
245 169 76 23 Ständ.
338 170 45 22 Pet.
402 183 22 2 —
442 170 154 22 Petitionsbet.
612 170 38 22 N:o
666 169 34 22 22.
842 170 12 21 3

98 237 92 27 535,000
206 236 64 21 mark
284 236 36 21 för
343 236 31 28 år,
398 236 83 21 hvaraf
493 236 36 21 för
545 236 62 21 elfva
622 236 138 21 statsskolor
775 236 57 28 utgå
847 235 8 22 i

99 271 39 21 det
152 273 115 19 närmaste
282 272 92 26 390,000
390 271 64 21 mark
470 271 44 21 och
524 270 37 22 för
568 271 116 28 tjugufem
693 271 91 28 privata
791 270 64 21 frun-

98 305 181 22 timmersskolor
293 305 9 21 i
317 305 59 22 form
392 305 25 22 af
430 305 139 22 subvention
584 305 115 22 utbetalas
714 305 9 22 i
737 305 72 22 rundt
822 305 32 21 tal

100 341 90 27 145,000
206 340 64 21 mark

166 375 80 22 Under
261 374 146 22 erkännande
422 375 26 21 af
460 375 28 21 de
508 375 161 28 uppoffringar
689 377 77 19 staten
780 374 76 22 iklädt

99 410 35 28 sig
150 410 36 22 för
204 409 238 29 kvinnobildningens
465 409 100 29 höjande
582 410 71 21 hafva
668 410 129 21 Ständerna
812 409 43 22 lik-

98 445 38 21 väl
156 445 80 21 funnit
258 446 34 20 att
312 444 28 21 de
355 444 90 28 privata
459 444 270 22 fruntimmersskolorna
744 445 9 21 i
767 444 86 26 landet,

99 478 94 22 oaktadt
208 479 39 21 det
262 478 125 22 understöd
404 478 27 22 de
446 479 26 21 af
486 479 134 21 statsmedel
639 479 96 28 åtnjuta,
752 479 9 21 i
775 479 80 28 regeln

99 513 77 22 arbeta
204 513 73 21 under
310 520 167 21 ogynnsamma
508 513 151 22 ekonomiska
687 513 167 22 förhållanden.

99 548 113 21 Skolorna
229 548 70 21 hafva
320 548 99 28 nödgats
442 548 126 21 inskränka
586 548 51 22 sina
651 548 98 28 utgifter
764 548 37 21 till
817 548 39 21 det

99 582 215 29 oundgängligaste;
332 582 27 22 de
374 582 70 22 hafva
458 583 61 21 varit
534 585 105 27 tvungna
650 584 35 20 att
695 583 53 29 nöja
757 583 36 28 sig
803 582 52 22 med

99 618 87 28 trånga,
202 618 124 28 olämpliga
340 617 88 21 lokaler
443 619 60 20 samt
518 618 130 21 vidkännas
659 618 46 21 alla
719 618 28 21 de
763 618 92 28 olägen-

99 653 64 21 heter
177 660 29 14 en
218 652 94 28 ständig
322 652 95 29 vexling
426 652 25 21 af
464 652 211 29 lärarepersonalen
691 652 95 28 medför,
796 652 59 22 hvil-

99 688 46 21 ken
166 687 96 28 vexling
284 686 60 22 varit
366 694 29 14 en
417 687 103 28 naturlig
539 687 59 29 följd
620 688 26 21 af
667 688 27 20 de
715 688 93 28 knappa
822 687 33 21 lö-

98 730 46 20 ner,
161 722 107 21 skolorna
283 721 89 21 kunnat
388 721 95 29 erbjuda
499 722 51 21 sina
564 722 79 21 lärare.
673 722 47 22 För
735 724 34 19 att
785 722 24 21 få
820 723 35 20 ut-

99 757 70 28 gifter
184 756 43 22 och
243 756 127 22 inkomster
385 758 34 19 att
434 757 136 28 sammangå
585 757 42 21 har
642 764 54 14 man
711 757 61 21 varit
787 758 68 20 tvun-

98 799 46 21 gen
159 793 35 19 att
208 791 112 28 antingen
335 790 69 29 vädja
420 791 37 21 till
473 791 45 21 den
533 791 106 21 enskilda
659 791 196 29 offervilligheten

99 826 55 22 eller
176 825 42 22 ock
242 827 33 20 att
296 825 67 21 ställa
378 825 179 29 elevafgifterna
571 826 95 22 relativt
681 826 66 28 höga,
764 826 91 21 hvilket

99 862 48 19 åter
168 860 51 21 haft
242 860 37 21 till
301 860 59 28 följd
378 862 34 19 att
427 860 110 21 skolorna
551 860 51 21 icke
617 860 96 21 förmått
727 860 127 29 tillgodose

99 895 229 28 bildningsbehofvet
342 895 64 22 inom
422 896 25 21 så
462 895 145 22 vidsträckta
617 895 180 29 samhällslager,
806 903 48 14 som

100 929 102 28 önskligt
216 930 66 21 varit.

167 964 82 29 Enligt
264 965 84 28 nådiga
363 965 156 28 kungörelsen
534 965 26 21 af
574 965 45 21 den
629 966 25 20 11
665 965 125 21 December
800 966 55 20 1884

98 999 78 21 kunna
198 999 90 28 privata
309 999 105 22 läroverk
429 999 37 22 för
484 999 81 22 flickor
588 999 87 22 erhålla
691 999 126 22 understöd
832 999 26 21 af

99 1034 133 21 statsmedel
254 1034 36 21 för
312 1034 71 29 högre
404 1034 90 22 klasser
515 1035 70 32 högst
601 1036 63 26 2,000
680 1035 65 20 mark
761 1034 42 22 och
819 1034 36 21 för

98 1069 63 28 lägre
176 1069 86 21 klasser
277 1069 69 28 högst
363 1071 62 26 1,000
441 1069 73 22 mark.
544 1064 78 27 Äfven
637 1077 38 14 om
691 1069 107 21 skolorna
817 1069 37 21 be-

98 1103 97 29 viljades
220 1086 185 40 statsunderstöd
428 1104 39 22 till
490 1104 38 22 det
554 1104 83 28 högsta
663 1104 82 29 belopp
775 1104 79 21 ofvan-

98 1138 100 21 nämnda
220 1138 138 29 kungörelse
380 1138 135 29 medgifver,
533 1139 76 21 blefve
625 1139 64 21 deras
705 1138 150 22 ekonomiska

99 1172 101 22 existens
216 1172 133 29 härigenom
362 1173 52 22 icke
429 1180 48 22 nog
492 1173 137 29 betryggad.

167 1207 133 28 Ständerna,
316 1215 49 14 som
381 1208 50 21 icke
447 1208 90 21 kunnat
547 1208 124 28 godkänna
682 1208 28 21 de
720 1208 135 22 framstälda

98 1242 232 29 petitionsförslagen,
348 1242 76 22 såvidt
439 1242 67 22 dessa
522 1242 61 29 gälla
599 1242 27 22 de
641 1242 90 29 privata
746 1243 108 21 fruntim-

98 1276 178 22 mersskolornas
291 1277 9 21 i
315 1277 34 21 S:t
364 1277 85 21 Michel
468 1277 43 21 och
528 1277 147 21 Nikolaistad
690 1278 164 28 öfvertagande

99 1310 25 21 af
137 1312 81 27 staten,
235 1311 24 22 få
274 1311 77 22 därför
366 1311 8 22 i
389 1311 187 29 underdånighet
591 1312 103 21 anhålla:

371 1382 32 20 att
416 1381 16 28 $
446 1381 36 21 11i
497 1381 83 28 nådiga
602 1381 141 28 kungörelsen
766 1381 26 28 af
812 1381 42 22 den

302 1415 24 21 11
341 1415 115 21 December
471 1415 62 21 1884
549 1416 64 21 måtte
627 1416 118 27 förändras
761 1416 92 26 därhän,

303 1451 32 20 att
356 1449 118 22 understöd
490 1450 26 28 af
528 1449 113 23 allmänna
660 1451 65 21 medel
740 1451 32 21 till
787 1452 67 19 större
