<?xml version="1.0" encoding="UTF-8"?>
<alto xmlns="http://www.loc.gov/standards/alto/ns-v3#" xmlns:xlink="http://www.w3.org/1999/xlink" xmlns:xsi="http://www.w3.org/2001/XMLSchema-instance" xsi:schemaLocation="http://www.loc.gov/standards/alto/ns-v3# http://www.loc.gov/alto/v3/alto-3-0.xsd">
	<Description>
		<MeasurementUnit>pixel</MeasurementUnit>
		<sourceImageInformation>
			<fileName>/tmp/tess_liq_jry7_input.PNG</fileName>
		</sourceImageInformation>
		<OCRProcessing ID="OCR_0">
			<ocrProcessingStep>
				<processingSoftware>
					<softwareName>tesseract 5.3.4</softwareName>
				</processingSoftware>
			</ocrProcessingStep>
		</OCRProcessing>
	</Description>
	<Layout>
		<Page WIDTH="1070" HEIGHT="1739" PHYSICAL_IMG_NR="0" ID="page_0">
			<PrintSpace HPOS="0" VPOS="0" WIDTH="1070" HEIGHT="1739">
				<ComposedBlock ID="cblock_0" HPOS="380" VPOS="332" WIDTH="258" HEIGHT="38">
					<TextBlock ID="block_0" HPOS="380" VPOS="332" WIDTH="258" HEIGHT="38">
						<TextLine ID="line_0" HPOS="380" VPOS="332" WIDTH="258" HEIGHT="38">
							<String ID="string_0" HPOS="380" VPOS="332" WIDTH="258" HEIGHT="38" WC="0.96" CONTENT="Reservation."/>
						</TextLine>
					</TextBlock>
				</ComposedBlock>
				<ComposedBlock ID="cblock_1" HPOS="133" VPOS="415" WIDTH="752" HEIGHT="822">
					<TextBlock ID="block_1" HPOS="133" VPOS="415" WIDTH="752" HEIGHT="570">
						<TextLine ID="line_1" HPOS="204" VPOS="415" WIDTH="681" HEIGHT="23">
							<String ID="string_1" HPOS="204" VPOS="417" WIDTH="74" HEIGHT="21" WC="0.95" CONTENT="Ehuru"/><SP WIDTH="16" VPOS="417" HPOS="278"/>
							<String ID="string_2" HPOS="294" VPOS="424" WIDTH="50" HEIGHT="14" WC="0.96" CONTENT="ense"/><SP WIDTH="15" VPOS="424" HPOS="344"/>
							<String ID="string_3" HPOS="359" VPOS="416" WIDTH="49" HEIGHT="22" WC="0.96" CONTENT="med"/><SP WIDTH="20" VPOS="416" HPOS="408"/>
							<String ID="string_4" HPOS="428" VPOS="416" WIDTH="106" HEIGHT="22" WC="0.96" CONTENT="utskottet"/><SP WIDTH="15" VPOS="416" HPOS="534"/>
							<String ID="string_5" HPOS="549" VPOS="416" WIDTH="74" HEIGHT="22" WC="0.96" CONTENT="därom"/><SP WIDTH="16" VPOS="416" HPOS="623"/>
							<String ID="string_6" HPOS="639" VPOS="419" WIDTH="32" HEIGHT="19" WC="0.96" CONTENT="att"/><SP WIDTH="16" VPOS="419" HPOS="671"/>
							<String ID="string_7" HPOS="687" VPOS="416" WIDTH="51" HEIGHT="22" WC="0.93" CONTENT="våra"/><SP WIDTH="10" VPOS="416" HPOS="738"/>
							<String ID="string_8" HPOS="748" VPOS="415" WIDTH="137" HEIGHT="23" WC="0.92" CONTENT="landtbruks-"/>
						</TextLine>
						<TextLine ID="line_2" HPOS="133" VPOS="451" WIDTH="750" HEIGHT="30">
							<String ID="string_9" HPOS="133" VPOS="452" WIDTH="41" HEIGHT="22" WC="0.91" CONTENT="och"/><SP WIDTH="21" VPOS="452" HPOS="174"/>
							<String ID="string_10" HPOS="195" VPOS="452" WIDTH="248" HEIGHT="29" WC="0.89" CONTENT="hushällningssällskap,"/><SP WIDTH="24" VPOS="452" HPOS="443"/>
							<String ID="string_11" HPOS="467" VPOS="452" WIDTH="75" HEIGHT="22" WC="0.96" CONTENT="hvilka"/><SP WIDTH="21" VPOS="452" HPOS="542"/>
							<String ID="string_12" HPOS="563" VPOS="452" WIDTH="34" HEIGHT="21" WC="0.96" CONTENT="för"/><SP WIDTH="22" VPOS="452" HPOS="597"/>
							<String ID="string_13" HPOS="619" VPOS="452" WIDTH="132" HEIGHT="22" WC="0.96" CONTENT="närvarande"/><SP WIDTH="22" VPOS="452" HPOS="751"/>
							<String ID="string_14" HPOS="773" VPOS="452" WIDTH="22" HEIGHT="21" WC="0.93" CONTENT="af"/><SP WIDTH="22" VPOS="452" HPOS="795"/>
							<String ID="string_15" HPOS="817" VPOS="451" WIDTH="66" HEIGHT="22" WC="0.91" CONTENT="Stats-"/>
						</TextLine>
						<TextLine ID="line_3" HPOS="135" VPOS="487" WIDTH="750" HEIGHT="31">
							<String ID="string_16" HPOS="135" VPOS="488" WIDTH="76" HEIGHT="23" WC="0.93" CONTENT="verket"/><SP WIDTH="20" VPOS="488" HPOS="211"/>
							<String ID="string_17" HPOS="231" VPOS="488" WIDTH="83" HEIGHT="28" WC="0.92" CONTENT="ätnjuta"/><SP WIDTH="20" VPOS="488" HPOS="314"/>
							<String ID="string_18" HPOS="334" VPOS="490" WIDTH="32" HEIGHT="20" WC="0.92" CONTENT="ett"/><SP WIDTH="22" VPOS="490" HPOS="366"/>
							<String ID="string_19" HPOS="388" VPOS="488" WIDTH="156" HEIGHT="29" WC="0.91" CONTENT="sammanlagdt"/><SP WIDTH="15" VPOS="488" HPOS="544"/>
							<String ID="string_20" HPOS="559" VPOS="488" WIDTH="110" HEIGHT="30" WC="0.91" CONTENT="ärsanslag"/><SP WIDTH="16" VPOS="488" HPOS="669"/>
							<String ID="string_21" HPOS="685" VPOS="488" WIDTH="22" HEIGHT="22" WC="0.93" CONTENT="af"/><SP WIDTH="17" VPOS="488" HPOS="707"/>
							<String ID="string_22" HPOS="724" VPOS="489" WIDTH="78" HEIGHT="26" WC="0.92" CONTENT="87,000"/><SP WIDTH="17" VPOS="489" HPOS="802"/>
							<String ID="string_23" HPOS="819" VPOS="487" WIDTH="66" HEIGHT="26" WC="0.96" CONTENT="mark,"/>
						</TextLine>
						<TextLine ID="line_4" HPOS="134" VPOS="523" WIDTH="750" HEIGHT="30">
							<String ID="string_24" HPOS="134" VPOS="524" WIDTH="65" HEIGHT="22" WC="0.92" CONTENT="borde"/><SP WIDTH="24" VPOS="524" HPOS="199"/>
							<String ID="string_25" HPOS="223" VPOS="524" WIDTH="115" HEIGHT="29" WC="0.92" CONTENT="kraftigare"/><SP WIDTH="24" VPOS="524" HPOS="338"/>
							<String ID="string_26" HPOS="362" VPOS="525" WIDTH="27" HEIGHT="20" WC="0.91" CONTENT="än"/><SP WIDTH="22" VPOS="525" HPOS="389"/>
							<String ID="string_27" HPOS="411" VPOS="524" WIDTH="105" HEIGHT="22" WC="0.91" CONTENT="härintills"/><SP WIDTH="22" VPOS="524" HPOS="516"/>
							<String ID="string_28" HPOS="538" VPOS="524" WIDTH="149" HEIGHT="27" WC="0.93" CONTENT="understödas,"/><SP WIDTH="22" VPOS="524" HPOS="687"/>
							<String ID="string_29" HPOS="709" VPOS="524" WIDTH="38" HEIGHT="21" WC="0.96" CONTENT="har"/><SP WIDTH="20" VPOS="524" HPOS="747"/>
							<String ID="string_30" HPOS="767" VPOS="524" WIDTH="36" HEIGHT="28" WC="0.93" CONTENT="jag"/><SP WIDTH="15" VPOS="524" HPOS="803"/>
							<String ID="string_31" HPOS="818" VPOS="523" WIDTH="66" HEIGHT="22" WC="0.93" CONTENT="likväl"/>
						</TextLine>
						<TextLine ID="line_5" HPOS="134" VPOS="559" WIDTH="751" HEIGHT="29">
							<String ID="string_32" HPOS="134" VPOS="560" WIDTH="48" HEIGHT="22" WC="0.87" CONTENT="icke"/><SP WIDTH="15" VPOS="560" HPOS="182"/>
							<String ID="string_33" HPOS="197" VPOS="560" WIDTH="83" HEIGHT="21" WC="0.93" CONTENT="kunnat"/><SP WIDTH="14" VPOS="560" HPOS="280"/>
							<String ID="string_34" HPOS="294" VPOS="559" WIDTH="75" HEIGHT="22" WC="0.92" CONTENT="förena"/><SP WIDTH="15" VPOS="559" HPOS="369"/>
							<String ID="string_35" HPOS="384" VPOS="560" WIDTH="44" HEIGHT="28" WC="0.96" CONTENT="mig"/><SP WIDTH="15" VPOS="560" HPOS="428"/>
							<String ID="string_36" HPOS="443" VPOS="560" WIDTH="48" HEIGHT="22" WC="0.93" CONTENT="med"/><SP WIDTH="16" VPOS="560" HPOS="491"/>
							<String ID="string_37" HPOS="507" VPOS="560" WIDTH="107" HEIGHT="22" WC="0.91" CONTENT="utskottet"/><SP WIDTH="15" VPOS="560" HPOS="614"/>
							<String ID="string_38" HPOS="629" VPOS="560" WIDTH="59" HEIGHT="22" WC="0.92" CONTENT="hvad"/><SP WIDTH="16" VPOS="560" HPOS="688"/>
							<String ID="string_39" HPOS="704" VPOS="560" WIDTH="26" HEIGHT="22" WC="0.93" CONTENT="de"/><SP WIDTH="16" VPOS="560" HPOS="730"/>
							<String ID="string_40" HPOS="746" VPOS="559" WIDTH="80" HEIGHT="22" WC="0.92" CONTENT="äskade"/><SP WIDTH="16" VPOS="559" HPOS="826"/>
							<String ID="string_41" HPOS="842" VPOS="559" WIDTH="43" HEIGHT="21" WC="0.90" CONTENT="till-"/>
						</TextLine>
						<TextLine ID="line_6" HPOS="135" VPOS="596" WIDTH="750" HEIGHT="30">
							<String ID="string_42" HPOS="135" VPOS="596" WIDTH="171" HEIGHT="30" WC="0.92" CONTENT="läggsanslagens"/><SP WIDTH="17" VPOS="596" HPOS="306"/>
							<String ID="string_43" HPOS="323" VPOS="596" WIDTH="79" HEIGHT="29" WC="0.92" CONTENT="belopp"/><SP WIDTH="16" VPOS="596" HPOS="402"/>
							<String ID="string_44" HPOS="418" VPOS="596" WIDTH="109" HEIGHT="22" WC="0.93" CONTENT="beträffar."/><SP WIDTH="27" VPOS="596" HPOS="527"/>
							<String ID="string_45" HPOS="554" VPOS="596" WIDTH="41" HEIGHT="22" WC="0.93" CONTENT="Om"/><SP WIDTH="13" VPOS="596" HPOS="595"/>
							<String ID="string_46" HPOS="608" VPOS="596" WIDTH="67" HEIGHT="22" WC="0.92" CONTENT="ocksä"/><SP WIDTH="10" VPOS="596" HPOS="675"/>
							<String ID="string_47" HPOS="685" VPOS="596" WIDTH="146" HEIGHT="22" WC="0.91" CONTENT="Statsverkets"/><SP WIDTH="12" VPOS="596" HPOS="831"/>
							<String ID="string_48" HPOS="843" VPOS="596" WIDTH="42" HEIGHT="21" WC="0.91" CONTENT="till-"/>
						</TextLine>
						<TextLine ID="line_7" HPOS="134" VPOS="631" WIDTH="751" HEIGHT="30">
							<String ID="string_49" HPOS="134" VPOS="632" WIDTH="80" HEIGHT="29" WC="0.92" CONTENT="gängar"/><SP WIDTH="19" VPOS="632" HPOS="214"/>
							<String ID="string_50" HPOS="233" VPOS="632" WIDTH="72" HEIGHT="22" WC="0.92" CONTENT="kunde"/><SP WIDTH="22" VPOS="632" HPOS="305"/>
							<String ID="string_51" HPOS="327" VPOS="632" WIDTH="110" HEIGHT="28" WC="0.92" CONTENT="medgifva"/><SP WIDTH="20" VPOS="632" HPOS="437"/>
							<String ID="string_52" HPOS="457" VPOS="640" WIDTH="26" HEIGHT="14" WC="0.93" CONTENT="en"/><SP WIDTH="19" VPOS="640" HPOS="483"/>
							<String ID="string_53" HPOS="502" VPOS="632" WIDTH="67" HEIGHT="22" WC="0.93" CONTENT="sädan"/><SP WIDTH="16" VPOS="632" HPOS="569"/>
							<String ID="string_54" HPOS="585" VPOS="632" WIDTH="120" HEIGHT="29" WC="0.92" CONTENT="tillökning,"/><SP WIDTH="17" VPOS="632" HPOS="705"/>
							<String ID="string_55" HPOS="722" VPOS="632" WIDTH="40" HEIGHT="22" WC="0.96" CONTENT="kan"/><SP WIDTH="16" VPOS="632" HPOS="762"/>
							<String ID="string_56" HPOS="778" VPOS="632" WIDTH="35" HEIGHT="28" WC="0.96" CONTENT="jag"/><SP WIDTH="16" VPOS="632" HPOS="813"/>
							<String ID="string_57" HPOS="829" VPOS="631" WIDTH="56" HEIGHT="22" WC="0.96" CONTENT="dock"/>
						</TextLine>
						<TextLine ID="line_8" HPOS="134" VPOS="667" WIDTH="751" HEIGHT="30">
							<String ID="string_58" HPOS="134" VPOS="668" WIDTH="48" HEIGHT="22" WC="0.96" CONTENT="icke"/><SP WIDTH="22" VPOS="668" HPOS="182"/>
							<String ID="string_59" HPOS="204" VPOS="668" WIDTH="61" HEIGHT="21" WC="0.93" CONTENT="finna"/><SP WIDTH="21" VPOS="668" HPOS="265"/>
							<String ID="string_60" HPOS="286" VPOS="668" WIDTH="151" HEIGHT="29" WC="0.96" CONTENT="lämpligheten"/><SP WIDTH="23" VPOS="668" HPOS="437"/>
							<String ID="string_61" HPOS="460" VPOS="668" WIDTH="22" HEIGHT="22" WC="0.96" CONTENT="af"/><SP WIDTH="22" VPOS="668" HPOS="482"/>
							<String ID="string_62" HPOS="504" VPOS="671" WIDTH="32" HEIGHT="19" WC="0.96" CONTENT="att"/><SP WIDTH="21" VPOS="671" HPOS="536"/>
							<String ID="string_63" HPOS="557" VPOS="668" WIDTH="64" HEIGHT="22" WC="0.93" CONTENT="dessa"/><SP WIDTH="22" VPOS="668" HPOS="621"/>
							<String ID="string_64" HPOS="643" VPOS="668" WIDTH="74" HEIGHT="29" WC="0.96" CONTENT="anslag"/><SP WIDTH="20" VPOS="668" HPOS="717"/>
							<String ID="string_65" HPOS="737" VPOS="676" WIDTH="29" HEIGHT="13" WC="0.96" CONTENT="nu"/><SP WIDTH="16" VPOS="676" HPOS="766"/>
							<String ID="string_66" HPOS="782" VPOS="667" WIDTH="49" HEIGHT="22" WC="0.96" CONTENT="med"/><SP WIDTH="16" VPOS="667" HPOS="831"/>
							<String ID="string_67" HPOS="847" VPOS="675" WIDTH="38" HEIGHT="13" WC="0.96" CONTENT="ens"/>
						</TextLine>
						<TextLine ID="line_9" HPOS="135" VPOS="704" WIDTH="748" HEIGHT="29">
							<String ID="string_68" HPOS="135" VPOS="704" WIDTH="69" HEIGHT="22" WC="0.93" CONTENT="skulle"/><SP WIDTH="22" VPOS="704" HPOS="204"/>
							<String ID="string_69" HPOS="226" VPOS="704" WIDTH="59" HEIGHT="29" WC="0.92" CONTENT="höjas"/><SP WIDTH="21" VPOS="704" HPOS="285"/>
							<String ID="string_70" HPOS="306" VPOS="704" WIDTH="50" HEIGHT="22" WC="0.96" CONTENT="med"/><SP WIDTH="21" VPOS="704" HPOS="356"/>
							<String ID="string_71" HPOS="377" VPOS="704" WIDTH="66" HEIGHT="22" WC="0.93" CONTENT="minst"/><SP WIDTH="21" VPOS="704" HPOS="443"/>
							<String ID="string_72" HPOS="464" VPOS="705" WIDTH="96" HEIGHT="27" WC="0.92" CONTENT="200,000"/><SP WIDTH="21" VPOS="705" HPOS="560"/>
							<String ID="string_73" HPOS="581" VPOS="705" WIDTH="67" HEIGHT="26" WC="0.93" CONTENT="mark,"/><SP WIDTH="23" VPOS="705" HPOS="648"/>
							<String ID="string_74" HPOS="671" VPOS="704" WIDTH="27" HEIGHT="26" WC="0.92" CONTENT="(d."/><SP WIDTH="21" VPOS="704" HPOS="698"/>
							<String ID="string_75" HPOS="719" VPOS="712" WIDTH="19" HEIGHT="13" WC="0.96" CONTENT="v."/><SP WIDTH="20" VPOS="712" HPOS="738"/>
							<String ID="string_76" HPOS="758" VPOS="712" WIDTH="15" HEIGHT="13" WC="0.93" CONTENT="s."/><SP WIDTH="18" VPOS="712" HPOS="773"/>
							<String ID="string_77" HPOS="791" VPOS="704" WIDTH="92" HEIGHT="25" WC="0.93" CONTENT="120,000"/>
						</TextLine>
						<TextLine ID="line_10" HPOS="137" VPOS="739" WIDTH="747" HEIGHT="30">
							<String ID="string_78" HPOS="137" VPOS="740" WIDTH="15" HEIGHT="27" WC="0.84" CONTENT="+"/><SP WIDTH="21" VPOS="740" HPOS="152"/>
							<String ID="string_79" HPOS="173" VPOS="740" WIDTH="86" HEIGHT="29" WC="0.84" CONTENT="80,000)"/><SP WIDTH="22" VPOS="740" HPOS="259"/>
							<String ID="string_80" HPOS="281" VPOS="740" WIDTH="51" HEIGHT="22" WC="0.96" CONTENT="eller"/><SP WIDTH="20" VPOS="740" HPOS="332"/>
							<String ID="string_81" HPOS="352" VPOS="740" WIDTH="34" HEIGHT="21" WC="0.96" CONTENT="till"/><SP WIDTH="22" VPOS="740" HPOS="386"/>
							<String ID="string_82" HPOS="408" VPOS="743" WIDTH="30" HEIGHT="19" WC="0.93" CONTENT="ett"/><SP WIDTH="21" VPOS="743" HPOS="438"/>
							<String ID="string_83" HPOS="459" VPOS="740" WIDTH="85" HEIGHT="29" WC="0.96" CONTENT="belopp,"/><SP WIDTH="24" VPOS="740" HPOS="544"/>
							<String ID="string_84" HPOS="568" VPOS="748" WIDTH="46" HEIGHT="14" WC="0.93" CONTENT="som"/><SP WIDTH="20" VPOS="748" HPOS="614"/>
							<String ID="string_85" HPOS="634" VPOS="740" WIDTH="85" HEIGHT="22" WC="0.94" CONTENT="komme"/><SP WIDTH="15" VPOS="740" HPOS="719"/>
							<String ID="string_86" HPOS="734" VPOS="742" WIDTH="32" HEIGHT="19" WC="0.93" CONTENT="att"/><SP WIDTH="15" VPOS="742" HPOS="766"/>
							<String ID="string_87" HPOS="781" VPOS="740" WIDTH="56" HEIGHT="28" WC="0.96" CONTENT="stiga"/><SP WIDTH="15" VPOS="740" HPOS="837"/>
							<String ID="string_88" HPOS="852" VPOS="739" WIDTH="32" HEIGHT="21" WC="0.96" CONTENT="till"/>
						</TextLine>
						<TextLine ID="line_11" HPOS="135" VPOS="775" WIDTH="748" HEIGHT="30">
							<String ID="string_89" HPOS="135" VPOS="784" WIDTH="57" HEIGHT="14" WC="0.96" CONTENT="mera"/><SP WIDTH="23" VPOS="784" HPOS="192"/>
							<String ID="string_90" HPOS="215" VPOS="778" WIDTH="26" HEIGHT="19" WC="0.96" CONTENT="än"/><SP WIDTH="22" VPOS="778" HPOS="241"/>
							<String ID="string_91" HPOS="263" VPOS="779" WIDTH="32" HEIGHT="18" WC="0.93" CONTENT="tre"/><SP WIDTH="21" VPOS="779" HPOS="295"/>
							<String ID="string_92" HPOS="316" VPOS="776" WIDTH="80" HEIGHT="29" WC="0.92" CONTENT="gänger"/><SP WIDTH="22" VPOS="776" HPOS="396"/>
							<String ID="string_93" HPOS="418" VPOS="776" WIDTH="36" HEIGHT="21" WC="0.96" CONTENT="det"/><SP WIDTH="22" VPOS="776" HPOS="454"/>
							<String ID="string_94" HPOS="476" VPOS="784" WIDTH="28" HEIGHT="13" WC="0.93" CONTENT="nu"/><SP WIDTH="20" VPOS="784" HPOS="504"/>
							<String ID="string_95" HPOS="524" VPOS="776" WIDTH="111" HEIGHT="29" WC="0.92" CONTENT="utgäende."/><SP WIDTH="32" VPOS="776" HPOS="635"/>
							<String ID="string_96" HPOS="667" VPOS="776" WIDTH="117" HEIGHT="22" WC="0.96" CONTENT="Dessutom"/><SP WIDTH="15" VPOS="776" HPOS="784"/>
							<String ID="string_97" HPOS="799" VPOS="775" WIDTH="39" HEIGHT="22" WC="0.93" CONTENT="har"/><SP WIDTH="15" VPOS="775" HPOS="838"/>
							<String ID="string_98" HPOS="853" VPOS="778" WIDTH="30" HEIGHT="18" WC="0.92" CONTENT="ut-"/>
						</TextLine>
						<TextLine ID="line_12" HPOS="136" VPOS="811" WIDTH="749" HEIGHT="30">
							<String ID="string_99" HPOS="136" VPOS="812" WIDTH="87" HEIGHT="27" WC="0.93" CONTENT="skottet,"/><SP WIDTH="15" VPOS="812" HPOS="223"/>
							<String ID="string_100" HPOS="238" VPOS="812" WIDTH="66" HEIGHT="29" WC="0.96" CONTENT="enligt"/><SP WIDTH="15" VPOS="812" HPOS="304"/>
							<String ID="string_101" HPOS="319" VPOS="812" WIDTH="43" HEIGHT="21" WC="0.96" CONTENT="min"/><SP WIDTH="16" VPOS="812" HPOS="362"/>
							<String ID="string_102" HPOS="378" VPOS="812" WIDTH="92" HEIGHT="29" WC="0.93" CONTENT="mening,"/><SP WIDTH="15" VPOS="812" HPOS="470"/>
							<String ID="string_103" HPOS="485" VPOS="812" WIDTH="48" HEIGHT="22" WC="0.92" CONTENT="icke"/><SP WIDTH="16" VPOS="812" HPOS="533"/>
							<String ID="string_104" HPOS="549" VPOS="812" WIDTH="29" HEIGHT="29" WC="0.97" CONTENT="pä"/><SP WIDTH="10" VPOS="812" HPOS="578"/>
							<String ID="string_105" HPOS="588" VPOS="815" WIDTH="32" HEIGHT="19" WC="0.93" CONTENT="ett"/><SP WIDTH="9" VPOS="815" HPOS="620"/>
							<String ID="string_106" HPOS="629" VPOS="811" WIDTH="200" HEIGHT="23" WC="0.87" CONTENT="tillfredsställande"/><SP WIDTH="13" VPOS="811" HPOS="829"/>
							<String ID="string_107" HPOS="842" VPOS="813" WIDTH="43" HEIGHT="19" WC="0.97" CONTENT="sätt"/>
						</TextLine>
						<TextLine ID="line_13" HPOS="135" VPOS="847" WIDTH="750" HEIGHT="30">
							<String ID="string_108" HPOS="135" VPOS="848" WIDTH="83" HEIGHT="22" WC="0.93" CONTENT="kunnat"/><SP WIDTH="20" VPOS="848" HPOS="218"/>
							<String ID="string_109" HPOS="238" VPOS="849" WIDTH="104" HEIGHT="21" WC="0.90" CONTENT="motivera"/><SP WIDTH="23" VPOS="849" HPOS="342"/>
							<String ID="string_110" HPOS="365" VPOS="848" WIDTH="42" HEIGHT="22" WC="0.92" CONTENT="den"/><SP WIDTH="21" VPOS="848" HPOS="407"/>
							<String ID="string_111" HPOS="428" VPOS="848" WIDTH="162" HEIGHT="29" WC="0.92" CONTENT="nödigansedda"/><SP WIDTH="21" VPOS="848" HPOS="590"/>
							<String ID="string_112" HPOS="611" VPOS="848" WIDTH="65" HEIGHT="29" WC="0.92" CONTENT="högst"/><SP WIDTH="15" VPOS="848" HPOS="676"/>
							<String ID="string_113" HPOS="691" VPOS="848" WIDTH="108" HEIGHT="29" WC="0.89" CONTENT="betydliga"/><SP WIDTH="15" VPOS="848" HPOS="799"/>
							<String ID="string_114" HPOS="814" VPOS="847" WIDTH="71" HEIGHT="22" WC="0.89" CONTENT="tillök-"/>
						</TextLine>
						<TextLine ID="line_14" HPOS="135" VPOS="884" WIDTH="749" HEIGHT="30">
							<String ID="string_115" HPOS="135" VPOS="884" WIDTH="84" HEIGHT="29" WC="0.91" CONTENT="ningen."/><SP WIDTH="33" VPOS="884" HPOS="219"/>
							<String ID="string_116" HPOS="252" VPOS="884" WIDTH="42" HEIGHT="30" WC="0.93" CONTENT="Jag"/><SP WIDTH="23" VPOS="884" HPOS="294"/>
							<String ID="string_117" HPOS="317" VPOS="884" WIDTH="65" HEIGHT="30" WC="0.92" CONTENT="vägar"/><SP WIDTH="22" VPOS="884" HPOS="382"/>
							<String ID="string_118" HPOS="404" VPOS="884" WIDTH="86" HEIGHT="22" WC="0.91" CONTENT="därföre"/><SP WIDTH="24" VPOS="884" HPOS="490"/>
							<String ID="string_119" HPOS="514" VPOS="884" WIDTH="158" HEIGHT="23" WC="0.91" CONTENT="vördsammast"/><SP WIDTH="22" VPOS="884" HPOS="672"/>
							<String ID="string_120" HPOS="694" VPOS="884" WIDTH="79" HEIGHT="22" WC="0.89" CONTENT="föreslä"/><SP WIDTH="24" VPOS="884" HPOS="773"/>
							<String ID="string_121" HPOS="797" VPOS="886" WIDTH="31" HEIGHT="20" WC="0.93" CONTENT="att"/><SP WIDTH="23" VPOS="886" HPOS="828"/>
							<String ID="string_122" HPOS="851" VPOS="886" WIDTH="33" HEIGHT="19" WC="0.92" CONTENT="ut-"/>
						</TextLine>
						<TextLine ID="line_15" HPOS="136" VPOS="920" WIDTH="749" HEIGHT="30">
							<String ID="string_123" HPOS="136" VPOS="920" WIDTH="91" HEIGHT="22" WC="0.92" CONTENT="skottets"/><SP WIDTH="20" VPOS="920" HPOS="227"/>
							<String ID="string_124" HPOS="247" VPOS="920" WIDTH="99" HEIGHT="22" WC="0.92" CONTENT="slutkläm"/><SP WIDTH="22" VPOS="920" HPOS="346"/>
							<String ID="string_125" HPOS="368" VPOS="920" WIDTH="72" HEIGHT="23" WC="0.90" CONTENT="blefve"/><SP WIDTH="23" VPOS="920" HPOS="440"/>
							<String ID="string_126" HPOS="463" VPOS="920" WIDTH="166" HEIGHT="22" WC="0.93" CONTENT="omformulerad"/><SP WIDTH="22" VPOS="920" HPOS="629"/>
							<String ID="string_127" HPOS="651" VPOS="921" WIDTH="32" HEIGHT="21" WC="0.93" CONTENT="till"/><SP WIDTH="22" VPOS="921" HPOS="683"/>
							<String ID="string_128" HPOS="705" VPOS="920" WIDTH="126" HEIGHT="30" WC="0.91" CONTENT="förslagsvis"/><SP WIDTH="21" VPOS="920" HPOS="831"/>
							<String ID="string_129" HPOS="852" VPOS="920" WIDTH="33" HEIGHT="22" WC="0.93" CONTENT="sä-"/>
						</TextLine>
						<TextLine ID="line_16" HPOS="136" VPOS="956" WIDTH="102" HEIGHT="29">
							<String ID="string_130" HPOS="136" VPOS="956" WIDTH="102" HEIGHT="29" WC="0.92" CONTENT="lydande:"/>
						</TextLine>
					</TextBlock>
					<TextBlock ID="block_2" HPOS="348" VPOS="993" WIDTH="537" HEIGHT="244">
						<TextLine ID="line_17" HPOS="422" VPOS="993" WIDTH="463" HEIGHT="28">
							<String ID="string_131" HPOS="422" VPOS="995" WIDTH="31" HEIGHT="19" WC="0.96" CONTENT="att"/><SP WIDTH="22" VPOS="995" HPOS="453"/>
							<String ID="string_132" HPOS="475" VPOS="993" WIDTH="65" HEIGHT="22" WC="0.93" CONTENT="Hans"/><SP WIDTH="22" VPOS="993" HPOS="540"/>
							<String ID="string_133" HPOS="562" VPOS="993" WIDTH="121" HEIGHT="28" WC="0.96" CONTENT="Kejserliga"/><SP WIDTH="21" VPOS="993" HPOS="683"/>
							<String ID="string_134" HPOS="704" VPOS="993" WIDTH="108" HEIGHT="27" WC="0.82" CONTENT="Majestät,"/><SP WIDTH="23" VPOS="993" HPOS="812"/>
							<String ID="string_135" HPOS="835" VPOS="993" WIDTH="50" HEIGHT="21" WC="0.71" CONTENT="allt-"/>
						</TextLine>
						<TextLine ID="line_18" HPOS="348" VPOS="1029" WIDTH="535" HEIGHT="28">
							<String ID="string_136" HPOS="348" VPOS="1029" WIDTH="102" HEIGHT="28" WC="0.80" CONTENT="eftersom"/><SP WIDTH="12" VPOS="1029" HPOS="450"/>
							<String ID="string_137" HPOS="462" VPOS="1029" WIDTH="141" HEIGHT="22" WC="0.92" CONTENT="Statsverkets"/><SP WIDTH="9" VPOS="1029" HPOS="603"/>
							<String ID="string_138" HPOS="612" VPOS="1029" WIDTH="117" HEIGHT="28" WC="0.95" CONTENT="tillgångar"/><SP WIDTH="7" VPOS="1029" HPOS="729"/>
							<String ID="string_139" HPOS="736" VPOS="1029" WIDTH="80" HEIGHT="21" WC="0.93" CONTENT="sådant"/><SP WIDTH="8" VPOS="1029" HPOS="816"/>
							<String ID="string_140" HPOS="824" VPOS="1029" WIDTH="59" HEIGHT="21" WC="0.91" CONTENT="med-"/>
						</TextLine>
						<TextLine ID="line_19" HPOS="348" VPOS="1065" WIDTH="537" HEIGHT="28">
							<String ID="string_141" HPOS="348" VPOS="1066" WIDTH="69" HEIGHT="27" WC="0.96" CONTENT="gifva,"/><SP WIDTH="15" VPOS="1066" HPOS="417"/>
							<String ID="string_142" HPOS="432" VPOS="1066" WIDTH="49" HEIGHT="21" WC="0.96" CONTENT="ville"/><SP WIDTH="15" VPOS="1066" HPOS="481"/>
							<String ID="string_143" HPOS="496" VPOS="1066" WIDTH="49" HEIGHT="21" WC="0.96" CONTENT="med"/><SP WIDTH="15" VPOS="1066" HPOS="545"/>
							<String ID="string_144" HPOS="560" VPOS="1067" WIDTH="68" HEIGHT="20" WC="0.93" CONTENT="större"/><SP WIDTH="16" VPOS="1067" HPOS="628"/>
							<String ID="string_145" HPOS="644" VPOS="1065" WIDTH="74" HEIGHT="28" WC="0.96" CONTENT="belopp"/><SP WIDTH="14" VPOS="1065" HPOS="718"/>
							<String ID="string_146" HPOS="732" VPOS="1067" WIDTH="30" HEIGHT="20" WC="0.93" CONTENT="än"/><SP WIDTH="10" VPOS="1067" HPOS="762"/>
							<String ID="string_147" HPOS="772" VPOS="1065" WIDTH="113" HEIGHT="22" WC="0.92" CONTENT="härintills"/>
						</TextLine>
						<TextLine ID="line_20" HPOS="350" VPOS="1101" WIDTH="535" HEIGHT="28">
							<String ID="string_148" HPOS="350" VPOS="1102" WIDTH="46" HEIGHT="21" WC="0.93" CONTENT="låta"/><SP WIDTH="20" VPOS="1102" HPOS="396"/>
							<String ID="string_149" HPOS="416" VPOS="1102" WIDTH="132" HEIGHT="21" WC="0.86" CONTENT="understöda"/><SP WIDTH="20" VPOS="1102" HPOS="548"/>
							<String ID="string_150" HPOS="568" VPOS="1102" WIDTH="82" HEIGHT="21" WC="0.93" CONTENT="landets"/><SP WIDTH="19" VPOS="1102" HPOS="650"/>
							<String ID="string_151" HPOS="669" VPOS="1101" WIDTH="163" HEIGHT="28" WC="0.80" CONTENT="hushällnings-"/><SP WIDTH="15" VPOS="1101" HPOS="832"/>
							<String ID="string_152" HPOS="847" VPOS="1101" WIDTH="38" HEIGHT="21" WC="0.96" CONTENT="och"/>
						</TextLine>
						<TextLine ID="line_21" HPOS="351" VPOS="1137" WIDTH="534" HEIGHT="28">
							<String ID="string_153" HPOS="351" VPOS="1137" WIDTH="223" HEIGHT="28" WC="0.91" CONTENT="landtbrukssällskap"/><SP WIDTH="20" VPOS="1137" HPOS="574"/>
							<String ID="string_154" HPOS="594" VPOS="1137" WIDTH="35" HEIGHT="28" WC="0.93" CONTENT="för"/><SP WIDTH="10" VPOS="1137" HPOS="629"/>
							<String ID="string_155" HPOS="639" VPOS="1138" WIDTH="140" HEIGHT="27" WC="0.91" CONTENT="jordbrukets"/><SP WIDTH="15" VPOS="1138" HPOS="779"/>
							<String ID="string_156" HPOS="794" VPOS="1137" WIDTH="91" HEIGHT="28" WC="0.91" CONTENT="höjande"/>
						</TextLine>
						<TextLine ID="line_22" HPOS="350" VPOS="1173" WIDTH="535" HEIGHT="28">
							<String ID="string_157" HPOS="350" VPOS="1175" WIDTH="58" HEIGHT="20" WC="0.92" CONTENT="samt"/><SP WIDTH="19" VPOS="1175" HPOS="408"/>
							<String ID="string_158" HPOS="427" VPOS="1173" WIDTH="133" HEIGHT="28" WC="0.87" CONTENT="premiering"/><SP WIDTH="20" VPOS="1173" HPOS="560"/>
							<String ID="string_159" HPOS="580" VPOS="1173" WIDTH="29" HEIGHT="28" WC="0.93" CONTENT="af"/><SP WIDTH="11" VPOS="1173" HPOS="609"/>
							<String ID="string_160" HPOS="620" VPOS="1174" WIDTH="126" HEIGHT="21" WC="0.91" CONTENT="nötkreatur"/><SP WIDTH="16" VPOS="1174" HPOS="746"/>
							<String ID="string_161" HPOS="762" VPOS="1174" WIDTH="38" HEIGHT="21" WC="0.96" CONTENT="och"/><SP WIDTH="15" VPOS="1174" HPOS="800"/>
							<String ID="string_162" HPOS="815" VPOS="1173" WIDTH="70" HEIGHT="21" WC="0.96" CONTENT="andra"/>
						</TextLine>
						<TextLine ID="line_23" HPOS="350" VPOS="1209" WIDTH="533" HEIGHT="28">
							<String ID="string_163" HPOS="350" VPOS="1210" WIDTH="101" HEIGHT="27" WC="0.95" CONTENT="åtgärder"/><SP WIDTH="9" VPOS="1210" HPOS="451"/>
							<String ID="string_164" HPOS="460" VPOS="1210" WIDTH="37" HEIGHT="27" WC="0.93" CONTENT="för"/><SP WIDTH="7" VPOS="1210" HPOS="497"/>
							<String ID="string_165" HPOS="504" VPOS="1210" WIDTH="217" HEIGHT="27" WC="0.56" CONTENT="nötboskapsafvelms"/><SP WIDTH="7" VPOS="1210" HPOS="721"/>
							<String ID="string_166" HPOS="728" VPOS="1209" WIDTH="155" HEIGHT="28" WC="0.96" CONTENT="förbättrande."/>
						</TextLine>
					</TextBlock>
				</ComposedBlock>
				<ComposedBlock ID="cblock_2" HPOS="208" VPOS="1274" WIDTH="392" HEIGHT="30">
					<TextBlock ID="block_3" HPOS="208" VPOS="1274" WIDTH="392" HEIGHT="30">
						<TextLine ID="line_24" HPOS="208" VPOS="1274" WIDTH="392" HEIGHT="30">
							<String ID="string_167" HPOS="208" VPOS="1275" WIDTH="144" HEIGHT="29" WC="0.96" CONTENT="Helsingfors,"/><SP WIDTH="15" VPOS="1275" HPOS="352"/>
							<String ID="string_168" HPOS="367" VPOS="1274" WIDTH="42" HEIGHT="23" WC="0.96" CONTENT="den"/><SP WIDTH="17" VPOS="1274" HPOS="409"/>
							<String ID="string_169" HPOS="426" VPOS="1276" WIDTH="12" HEIGHT="20" WC="0.96" CONTENT="5"/><SP WIDTH="17" VPOS="1276" HPOS="438"/>
							<String ID="string_170" HPOS="455" VPOS="1274" WIDTH="64" HEIGHT="29" WC="0.96" CONTENT="April"/><SP WIDTH="17" VPOS="1274" HPOS="519"/>
							<String ID="string_171" HPOS="536" VPOS="1276" WIDTH="64" HEIGHT="21" WC="0.96" CONTENT="1897."/>
						</TextLine>
					</TextBlock>
				</ComposedBlock>
				<ComposedBlock ID="cblock_3" HPOS="631" VPOS="1341" WIDTH="182" HEIGHT="23">
					<TextBlock ID="block_4" HPOS="631" VPOS="1341" WIDTH="182" HEIGHT="23">
						<TextLine ID="line_25" HPOS="631" VPOS="1341" WIDTH="182" HEIGHT="23">
							<String ID="string_172" HPOS="631" VPOS="1341" WIDTH="62" HEIGHT="23" WC="0.93" CONTENT="P.A."/><SP WIDTH="18" VPOS="1341" HPOS="693"/>
							<String ID="string_173" HPOS="711" VPOS="1341" WIDTH="102" HEIGHT="22" WC="0.92" CONTENT="Brofeldt."/>
						</TextLine>
					</TextBlock>
				</ComposedBlock>
				<ComposedBlock ID="cblock_4" HPOS="209" VPOS="1513" WIDTH="442" HEIGHT="20">
					<TextBlock ID="block_5" HPOS="209" VPOS="1513" WIDTH="442" HEIGHT="20">
						<TextLine ID="line_26" HPOS="209" VPOS="1513" WIDTH="442" HEIGHT="20">
							<String ID="string_174" HPOS="209" VPOS="1514" WIDTH="207" HEIGHT="19" WC="0.91" CONTENT="Ekonomiutskottets"/><SP WIDTH="14" VPOS="1514" HPOS="416"/>
							<String ID="string_175" HPOS="430" VPOS="1514" WIDTH="127" HEIGHT="18" WC="0.96" CONTENT="betänkande"/><SP WIDTH="13" VPOS="1514" HPOS="557"/>
							<String ID="string_176" HPOS="570" VPOS="1513" WIDTH="37" HEIGHT="19" WC="0.96" CONTENT="N:o"/><SP WIDTH="14" VPOS="1513" HPOS="607"/>
							<String ID="string_177" HPOS="621" VPOS="1514" WIDTH="30" HEIGHT="18" WC="0.92" CONTENT="13."/>
						</TextLine>
					</TextBlock>
				</ComposedBlock>
			</PrintSpace>
		</Page>
	</Layout>
</alto>
