1073 1739
222 171 13 18 2
357 169 83 23 Ständ.
456 171 53 21 Pet.
528 183 23 3 —
569 171 169 22 Petitionsbet.
754 171 41 22 N:o
812 170 34 23 15.

222 236 93 21 stäende
330 243 50 14 rum
394 236 62 21 inom
471 236 246 29 landthushällningen.
742 237 30 21 Sä
787 237 41 21 har
844 237 137 28 exempelvis

222 270 60 22 varit
302 270 62 22 fallet
383 271 51 21 med
456 271 208 22 kreatursskötseln
685 272 42 21 och
746 271 234 29 foderväxtodlingen,

222 305 78 22 hvilka
315 306 68 25 förut,
400 306 28 21 dä
443 306 175 22 landtmannens
634 306 125 22 förnämsta
774 307 44 21 mäl
832 314 40 14 var
882 307 98 28 produk-

223 340 48 21 tion
292 341 24 21 af
337 341 107 28 spanmäl,
468 341 50 21 icke
542 342 99 28 egnades
659 341 147 22 närmelsevis
826 349 84 13 samma
925 348 55 22 upp-

222 375 151 22 märksamhet
396 383 47 14 som
467 383 100 19 numera,
591 376 29 21 dä
638 376 245 28 mejerihandteringen
898 376 82 21 trädt
968 371 17 38 i

222 410 141 28 förgrunden
379 411 25 21 af
417 411 174 21 landtmannens
608 411 111 21 ekonomi.
744 412 46 20 För
805 411 143 22 bevakandet
958 411 25 21 af

222 444 28 22 de
274 444 124 22 olikartade
420 446 119 26 intressen,
563 446 78 22 hvilka
661 446 148 28 jordbrukets
832 445 86 22 snabba
938 446 42 20 och

222 479 103 29 allsidiga
348 480 132 29 utveckling
504 480 143 28 frammanat,
671 483 57 19 samt
751 481 36 21 för
809 480 126 28 främjande
958 480 23 21 af

219 514 147 28 jordbrukets
378 516 42 21 och
432 516 50 20 dess
494 516 143 28 binäringars
648 516 105 21 fortsatta
764 515 138 28 utveckling,
911 514 69 22 hafva

221 549 163 22 landtbrukare
400 550 42 21 och
458 550 71 21 andra
545 550 35 22 för
595 550 89 22 landets
699 550 162 28 modernäring
876 550 104 21 intresse-

221 584 54 21 rade
295 592 107 20 personer
421 585 8 21 i
447 587 79 19 nästan
547 585 43 21 alla
609 585 61 21 delar
686 585 25 21 af
722 585 78 21 landet
815 584 165 22 sammanslutit

221 618 35 28 sig
267 618 34 22 till
311 620 166 28 hushällnings-
489 620 43 21 och
543 620 235 28 landtbrukssällskap
790 620 53 21 eller
851 620 34 20 till
892 619 87 21 mindre

220 653 212 29 landtbruksgillen.
464 655 48 21 Och
531 655 112 21 erkännas
659 656 71 20 måste
746 657 33 18 att
795 654 65 22 dessa
875 654 103 28 sällskap,

221 689 161 28 organiserade
400 692 74 19 säsom
497 690 44 21 fria
563 690 138 28 föreningar,
719 690 81 21 verkat
818 689 100 22 lifvande
937 689 42 21 och

221 723 99 28 höjande
340 726 29 26 pä
384 724 148 28 jordbrukets
551 724 74 22 skilda
645 732 87 20 grenar.
764 724 45 21 För
824 723 155 29 befrämjande

221 758 25 21 af
267 758 35 22 sin
324 760 144 21 verksamhet
490 759 69 22 hafva
582 759 167 28 hushällnings-
771 759 43 21 och
836 758 143 22 landtbruks-

221 793 98 29 sällskap
333 794 85 28 jämväl
433 794 25 21 af
466 794 119 28 Styrelsen
595 794 88 21 erhällit
693 794 144 21 ekonomiskt
847 793 130 21 understöd.

220 828 46 21 För
289 829 141 21 närvarande
452 831 89 27 uppgär
565 829 38 21 det
623 830 13 20 &
655 831 44 19 stat
717 831 118 25 upptagna
850 828 79 28 anslag
944 828 34 21 för

221 862 264 30 landtbrukssällskapen
500 864 34 21 till
550 866 78 23 80,000
644 863 63 22 mark
724 871 37 13 om
777 864 53 25 äret,
846 862 131 29 hvarjämte,

222 898 70 28 enligt
308 899 78 28 nädigt
402 899 153 21 förordnande
571 898 25 21 af
609 898 45 22 den
669 900 27 19 24
711 898 49 21 Juli
777 899 61 24 1894,
855 897 123 22 tillsvidare

219 932 107 29 beviljats
345 933 35 22 för
403 933 138 29 premiering
559 933 23 21 af
600 933 132 21 nötkreatur
750 935 77 23 10,000
842 932 64 21 mark
922 935 56 18 samt

220 967 36 21 för
272 967 184 22 understödande
472 968 23 21 af
510 975 16 14 s.
538 968 21 21 k.
576 967 179 28 tjurföreningar
771 969 64 23 8,000
850 967 63 20 mark
930 967 48 20 ärli-

219 1009 51 20 gen,
287 1003 42 20 och
345 1002 97 22 fördelas
454 1002 85 29 jämväl
551 1002 139 22 sistnämnda
700 1005 84 19 tvenne
795 1001 79 28 anslag
884 1001 94 25 emellan

218 1037 168 28 hushällnings-
402 1037 42 22 och
459 1037 271 28 landtbrukssällskapen.
754 1036 120 22 Jämförda
888 1036 51 21 med
951 1035 26 22 de

219 1071 117 28 betydliga
359 1079 105 19 summor,
483 1072 110 22 hvarmed
611 1072 110 21 likartade
737 1071 133 28 föreningar
885 1070 7 21 i
908 1070 69 22 andra

218 1105 79 22 länder
313 1106 25 21 af
351 1109 73 19 staten
439 1107 157 25 understödas,
613 1114 68 21 synas
701 1106 70 21 ofvan
787 1105 93 28 angifna
894 1105 82 28 belopp

220 1140 59 21 dock
301 1149 55 13 vara
378 1141 87 29 ganska
488 1143 53 20 små.
572 1141 144 28 Exempelvis
739 1142 37 19 mä
798 1143 100 22 nämnas,
918 1142 32 19 att
970 1139 7 21 i

219 1175 96 28 Sverige
330 1177 92 27 mänget
437 1175 257 28 hushällningssällskap
711 1175 86 28 årligen
808 1174 88 29 uppbär
907 1174 69 28 högre

220 1209 79 28 anslag
315 1213 29 18 än
359 1217 48 14 som
422 1210 96 22 tilldelas
534 1210 104 28 samtliga
652 1209 235 28 landtbrukssällskap
903 1208 7 21 i
925 1209 51 20 Fin-

220 1244 60 21 land.
312 1244 106 29 Sveriges
441 1245 107 28 tjugusex
570 1244 258 29 hushällningssällskap
848 1243 86 28 ätnjöto
953 1245 23 19 är

220 1280 55 19 1895
292 1278 7 21 i
314 1279 82 28 bidrag
412 1279 46 21 dels
474 1279 24 21 af
512 1281 74 19 staten
606 1281 47 19 dels
669 1281 25 18 af
706 1278 147 28 landstingen
869 1285 107 14 samman-

217 1313 65 28 lagdt
304 1313 85 22 inemot
413 1315 111 24 1,400,000
546 1313 85 22 kronor
650 1313 42 21 och
711 1320 57 14 voro
785 1312 68 21 äfven
855 1307 17 38 i
890 1311 86 22 tillfälle

216 1350 34 19 att
270 1355 83 14 samma
376 1350 24 19 är
423 1350 73 19 säsom
516 1348 98 29 premier
632 1348 35 21 för
682 1347 129 28 nötboskap
827 1346 89 29 utgifva
932 1354 44 14 om-

216 1381 69 30 kring
302 1385 91 23 150,000
408 1383 91 21 kronor.

286 1417 54 21 Med
355 1417 50 21 sina
420 1417 132 22 nuvarande
567 1417 79 28 anslag
661 1417 79 21 kunna
749 1416 227 21 landtbrukssällska-

215 1458 47 22 pen
280 1452 8 20 i
306 1452 99 21 Finland
427 1452 50 22 icke
498 1460 58 20 egna
573 1452 140 22 omvärdnad
729 1453 22 19 ät
768 1451 43 21 alla
827 1451 27 21 de
870 1450 106 22 omräden

215 1486 24 21 af
263 1486 245 29 landthushällningen,
527 1487 79 21 hvilka
621 1486 120 28 rätteligen
758 1485 72 22 skulle
846 1486 53 20 falla
915 1486 61 20 inom
