1070 1742
253 169 339 29 Petitionsbetänkande
611 169 50 27 N:o
681 168 38 28 17.

400 515 174 22 Allmänna
597 513 269 29 petitionsutskot-

329 552 57 22 tets
404 551 182 22 betänkande
597 550 44 23 N:o
653 550 35 27 11,
704 550 9 22 i
728 549 138 28 anledning

332 587 28 22 af
374 587 34 22 ett
422 587 41 22 till
474 586 205 28 Borgareståndet
690 585 105 28 ingifvet
805 585 60 28 peti-

329 623 160 27 tionsförslag
500 622 107 23 rörande
615 622 114 27 åtgärder
737 621 41 23 för
785 621 82 22 tuber-

331 659 116 22 kulosens
463 658 176 29 bekämpande.

242 719 167 23 (Borgareståndet
421 729 24 2 —-
457 718 189 18 Petitionsmemorial
659 718 33 18 N:o
706 718 36 22 21).

188 779 83 22 Genom
280 778 202 28 protokollsutdrag
490 779 25 21 af
522 779 42 21 den
575 779 26 20 12
608 778 103 22 sistlidna
718 777 98 22 februari
827 778 41 21 har

116 815 189 27 Borgareståndet
329 815 35 21 till
389 815 117 21 Allmänna
527 814 228 27 petitionsutskottets
770 814 96 22 behand-

117 851 47 27 ling
182 850 69 28 jämte
272 850 111 27 protokoll
399 850 62 22 öfver
478 850 41 22 den
536 850 37 22 vid
589 851 104 21 ärendets
709 850 78 22 remiss
804 849 64 22 förda

117 886 160 27 diskussionen,
295 886 123 27 hänskjutit
434 888 32 20 ett
487 885 25 22 af
532 885 60 23 Herr
616 886 111 22 Relander
746 886 34 21 till
799 885 69 27 sagda

118 922 64 22 stånd
203 921 95 28 ingifvet
318 921 190 28 petitionsförslag
527 922 75 21 därom
617 923 34 20 att
669 924 52 19 1:mo
737 922 29 26 på
782 923 86 20 statens

117 957 123 23 bekostnad
260 958 72 21 skulle
353 957 94 22 inrättas
469 958 40 20 och
525 957 142 22 underhållas
683 959 32 20 ett
730 958 137 26 lungsotssa-

118 994 108 22 natorium
245 993 49 22 med
310 995 28 19 50
355 993 84 27 platser
455 993 35 21 för
506 993 84 21 mindre
606 993 128 22 bemedlade
750 993 117 27 någonstä-

119 1030 38 21 des
172 1030 8 20 i
196 1028 87 23 landets
300 1029 114 21 mellersta
429 1029 35 21 del
480 1029 8 21 i
503 1029 108 21 närheten
627 1029 25 21 af
663 1029 95 27 järnväg
770 1028 49 22 med
829 1030 39 20 än-

119 1065 71 21 damål
205 1067 34 19 att
254 1065 93 21 utbreda
362 1065 132 27 kunskapen
510 1071 33 15 om
558 1065 149 27 lungsiktigas
717 1064 56 23 vård
783 1064 40 22 och
834 1067 35 19 om

119 1101 211 27 försiktighetsmått
350 1103 45 19 mot
416 1100 140 28 sjukdomens
572 1101 121 27 spridning,
711 1102 32 20 att
760 1100 47 22 2:do
824 1102 44 20 sta-

119 1139 38 19 ten
177 1136 69 22 måtte
266 1136 95 28 kraftigt
376 1136 108 28 befrämja
500 1136 62 22 såväl
578 1136 71 22 serier
665 1136 24 22 af
702 1136 105 28 föredrag
823 1142 46 16 som

122 1172 145 27 uppkomsten
289 1171 24 22 af
328 1172 94 27 populär
441 1172 103 22 literatur
563 1172 95 22 rörande
679 1172 190 28 tuberkelsjukdo-

121 1214 76 16 marna
212 1210 57 19 samt
285 1208 94 27 skydds-
395 1208 40 22 och
451 1208 137 22 botemedlen
605 1208 34 22 för
650 1208 49 22 dem
710 1208 113 22 äfvensom
835 1210 34 20 3:0

120 1245 33 19 att
168 1243 112 27 styrelsen
295 1243 69 21 måtte
379 1243 90 27 vidtaga
484 1244 120 26 energiska
619 1244 105 27 åtgärder
739 1244 35 22 för
789 1246 80 20 motar-

119 1279 95 21 betande
230 1279 25 21 af
269 1279 213 27 djurtuberkulosen.

192 1314 89 28 Frågan
298 1321 33 15 om
347 1315 106 27 åtgärder
468 1317 44 19 mot
528 1315 211 27 lungtuberkulosen
751 1316 39 21 har
800 1315 69 22 redan

121 1350 95 27 tidigare
239 1350 59 22 varit
320 1350 93 22 föremål
436 1350 34 22 för
494 1350 135 22 Ständernas
650 1352 139 26 behandling.
826 1352 44 21 Vid

123 1387 53 20 1891
200 1386 37 22 års
258 1386 106 27 landtdag
382 1386 136 22 inlämnades
534 1387 110 27 nämligen
660 1387 35 21 till
711 1387 158 27 Borgarestån-

121 1422 38 21 det
174 1423 33 20 ett
220 1422 197 27 petitionsförslag,
428 1422 118 27 åsyftande
558 1424 46 25 ,,att
614 1429 27 15 en
651 1429 82 15 summa
740 1422 25 22 af
774 1424 96 25 500,000

122 1457 62 21 mark
204 1457 59 27 finge
285 1463 26 16 ur
332 1457 111 22 allmänna
457 1458 72 22 medel
544 1458 112 22 användas
671 1459 36 21 till
724 1458 147 27 uppförandet

194 1504 109 19 Allmänna
313 1505 184 23 petitionsutskottets
510 1506 115 18 betänkando
639 1506 37 18 N:o
688 1506 27 18 11.
