1073 1739
210 121 12 20 2

182 184 61 19 sådan
262 184 90 25 förening
367 185 44 24 kan,
427 190 31 14 om
473 185 62 19 också
550 184 51 20 efter
617 184 112 25 omgångar,
745 183 81 20 utträda
841 182 44 21 från
899 183 41 20 för-

181 213 89 24 eningen,
293 215 47 17 utan
362 216 29 17 att
413 219 47 14 vara
475 214 83 19 medlem
573 214 7 19 i
595 214 34 19 det
643 214 98 19 allmänna
756 213 85 23 bolaget.
871 213 70 18 Denna

181 242 76 24 princip
273 242 61 20 borde
350 242 58 25 förty,
424 243 61 24 enligt
496 243 107 19 utskottets
613 243 66 23 tanke,
691 243 17 23 ej
720 241 119 24 frånträdas,
851 241 17 24 ej
879 241 62 19 heller

182 273 28 16 ett
225 271 117 24 återgående
357 271 31 19 till
404 271 23 19 de
443 271 86 25 antydda
544 271 143 25 obligatoriska
701 269 152 21 föreskrifterna
867 270 7 18 i
887 269 53 20 1734

182 300 32 19 års
236 300 33 24 lag
287 306 36 18 ega
337 306 48 14 rum.
416 300 110 20 Ständerna
541 300 103 24 godkände
660 300 140 24 lagutskottets
816 299 73 24 förslag
904 298 37 20 och

181 329 55 19 Hans
259 329 110 24 Kejserliga
391 330 94 23 Majestät
507 330 28 18 lät
558 329 70 24 frågan
651 329 86 19 förfalla.
768 328 39 19 Vid
832 328 53 20 1877
909 328 31 18 års

182 358 94 24 landtdag
296 358 79 19 väcktes
390 358 52 19 inom
457 358 145 19 bondeståndet
617 358 43 19 åter
674 358 74 19 motion
764 362 31 14 om
811 362 72 14 samma
898 356 42 24 sak,

181 392 44 13 men
241 387 37 18 den
293 386 102 24 hänskjöts
410 387 17 23 ej
443 393 34 13 ens
492 387 31 19 till
538 387 82 19 utskott.

252 416 64 23 Tjugu
338 416 22 18 år
381 415 60 20 hafva
463 416 60 19 sedan
547 416 43 19 dess
606 414 92 26 förflutit,
714 421 43 13 men
773 415 61 19 saken
849 414 36 19 har
901 413 40 19 för-

182 443 65 20 blifvit
268 444 33 19 vid
323 444 32 20 det
369 445 64 23 gamla
448 445 37 19 och
501 444 113 20 förhindrar
629 444 168 24 fortsättningsvis
813 443 128 24 uppkomsten

182 472 23 19 af
226 473 171 24 ändamålsenliga,
421 480 23 12 en
467 474 48 18 eller
536 472 49 20 flera
600 474 114 18 kommuner
729 472 129 24 omfattande,
873 471 69 19 nutida

182 501 237 25 brandstodsföreningar,
435 502 36 19 och
487 502 117 19 kommunen
618 502 39 19 kan
673 503 18 23 ej
706 502 65 19 befria
785 502 28 23 sig
823 500 45 20 från
879 501 63 18 denna

183 530 6 18 i
215 531 54 19 1734
290 530 31 20 års
336 531 32 24 lag
383 531 118 19 föreskrifna
517 531 141 24 obligatoriska
673 530 210 23 brandstodsförening
897 529 44 19 med

183 559 75 19 mindre
273 562 31 22 än,
320 562 29 17 att
364 566 23 13 en
403 562 54 17 stora
471 560 107 19 kostnader
593 560 128 19 medförande
736 561 70 22 omväg
821 558 66 19 inslås.

253 588 32 20 Då
306 588 57 24 ingen
386 589 56 19 torde
461 589 66 19 kunna
542 589 89 19 bestrida
646 588 170 20 ofvanrelaterade
833 586 109 20 sakförhål-

183 616 72 20 landen
270 617 37 19 och
321 618 34 18 det
369 618 110 24 onaturliga
493 618 7 18 i
517 618 37 18 den
569 618 7 18 i
594 618 53 19 1734
663 618 32 18 års
711 618 32 23 lag
758 616 121 20 föreskrifna
893 616 48 18 obli-

183 646 102 23 gatoriska
307 646 238 24 brandstodsföreningen,
564 646 75 20 tillåter
652 646 34 24 jag
700 646 39 24 mig
755 645 26 25 på
795 645 64 24 grund
874 644 21 20 af
910 644 33 19 det

184 674 58 20 ofvan
258 675 83 19 anförda
356 676 99 18 vördsamt
470 675 78 20 anhålla
564 677 29 17 att
603 675 125 24 Högvördiga
739 674 149 20 Presteståndet
898 673 44 19 ville

184 704 128 24 understödja
328 710 23 13 en
366 704 121 24 underdånig
502 704 83 24 petition
601 704 74 24 därom,

392 763 29 18 att
442 762 57 19 Hans
521 761 110 25 Kejserliga
653 761 96 24 Majestät
770 760 9 20 i
793 760 66 20 Nåder
875 759 68 20 täcktes

323 790 99 25 förelägga
445 790 153 20 nästkommande
621 789 127 20 ständermöte
763 796 24 12 en
801 788 58 25 nådig
874 794 69 19 propo-

322 819 56 20 sition
401 826 28 12 om
452 818 135 26 upphäfvande
609 818 26 24 af
653 819 19 23 4,
693 819 12 19 5
724 818 34 20 och
775 818 12 19 6
801 816 32 28 $$
847 818 28 18 24
890 817 53 24 Kap.

323 848 25 20 B.
365 848 25 20 B.

254 905 122 25 Helsingfors
393 906 36 19 den
445 907 12 18 5
473 905 95 20 Februari
586 905 60 20 1897.

732 961 21 22 A.
770 961 21 22 6.
806 961 68 21 Walle.

297 1433 101 16 Helsingfors,
408 1433 80 16 'Tidnings-
498 1433 11 13 &
519 1433 182 16 'Tryckeriaktiebolagets
711 1432 72 16 tryckeri,
794 1431 40 13 1897.
