1092 1742
300 182 262 24 Motionsbetänkande
577 182 45 22 N:o
638 182 24 22 9.
834 184 24 18 11

213 279 8 8 N
548 252 84 25 Mank.
669 252 87 29 Qvink.

206 288 35 23 Ar
261 288 64 24 1891
346 288 39 24 till
471 308 4 4 2
513 306 4 4 .
556 288 72 30 1168
690 287 48 24 691

222 342 11 11 »
262 323 65 24 1892
363 342 12 11 ,
471 341 46 5 0.
576 323 50 24 836
689 322 50 24 398

222 376 11 11 »
262 358 65 24 1898
428 376 4 5 <
513 377 4 4 0.
577 358 49 24 614
689 356 48 24 261

170 444 122 24 Utskottet
315 444 46 24 har
384 452 48 24 nog
449 444 88 24 erkänt
555 444 37 24 det
610 443 122 32 päpekade
750 442 109 25 missför-

100 478 131 30 hällandet,
254 486 54 16 men
332 479 19 31 ej
376 478 91 24 skänkt
485 478 43 24 sitt
545 478 128 24 understöd
692 480 24 22 ät
734 477 126 29 motionen,

102 512 98 24 emedan
224 513 49 23 deri
298 513 63 24 afses
385 512 236 25 missförhällandets
645 512 153 32 afhjelpande
818 519 41 16 en-

102 547 54 23 dast
175 547 144 25 beträffande
340 547 232 24 handtverkerierna
590 547 43 24 och
652 547 20 31 ej
687 547 72 23 äfven
772 546 88 24 beträf-

101 582 71 24 fande
196 582 27 24 de
241 582 200 32 fabriksmessiga
459 582 215 32 handteringarna,
692 583 64 23 samt
773 581 9 23 i
800 580 60 25 stäl-

101 616 34 24 let
153 616 98 24 beslutit
271 616 128 32 tillstyrka
416 624 29 16 en
464 616 100 32 petition
582 624 37 16 om
638 616 107 24 revision
763 616 25 24 af
806 615 53 31 lag-

102 650 144 33 stiftningen
276 651 122 32 angäende
429 651 173 31 minderäriges
630 650 159 24 användande
818 649 42 24 vid

102 684 45 24 allt
167 685 160 31 yrkesarbete,
346 686 71 23 äfven
436 686 39 23 det
492 685 196 32 fabriksmessigt
707 684 115 25 bedrifna.

171 725 56 24 Men
252 726 135 31 derigenom
412 728 35 22 att
471 726 119 24 motionen
614 725 140 24 förvandlas
772 724 40 24 till
830 732 29 16 en

102 760 99 30 petition
218 760 142 32 uppskjutes
379 760 52 24 med
450 760 100 32 frägans
569 760 99 32 lösning
686 768 29 16 en
728 759 40 24 hel
780 759 79 23 landt-

103 794 148 32 dagsperiod,
289 795 42 23 och
363 795 46 23 här
444 794 79 32 gäller
557 794 59 24 dock
648 794 89 24 liksom
768 801 91 16 annars

104 830 35 22 att
149 836 58 16 snar
219 828 65 32 hjelp
298 832 27 21 är
337 829 85 24 dubbel
440 829 73 31 hjelp.
536 828 226 25 Missförhällandet
780 828 80 24 sävidt

104 862 38 24 det
160 863 127 24 förefinnes
306 864 64 23 inom
389 864 105 23 omrädet
512 864 36 23 för
560 863 238 30 handtverkerierna,
810 862 50 23 kan

104 897 118 31 afhjelpas
250 898 126 23 oberoende
403 897 25 24 af
455 897 128 24 enahanda
609 897 114 24 reformer
750 897 65 24 inom
833 897 27 23 de

103 931 195 33 fabriksmessigt
317 932 106 24 bedrifna
442 932 213 31 handteringarna.

172 971 48 32 Jag
238 972 38 23 fär
294 972 90 24 derföre
402 972 202 24 reservationsvis
617 971 134 32 tillstyrka,
764 973 36 22 att
811 979 49 16 mo-

103 1006 180 32 tionsförslaget
310 1007 8 23 i
344 1007 53 24 dess
425 1006 194 32 hufvudsakliga
646 1006 67 24 delar
739 1005 78 25 hblefve
836 1005 25 24 af

104 1041 129 24 ständerna
251 1041 126 32 godkändt.
411 1041 50 32 Jag
478 1041 123 32 begagnar
619 1041 51 32 mig
688 1041 60 23 dock
766 1040 26 24 af
809 1039 51 25 till-

102 1075 69 24 fället
189 1077 35 22 att
242 1075 50 24 deri
309 1075 89 24 föreslä
415 1077 79 30 nägra
506 1075 92 24 mindre
610 1075 177 32 förändringar.
814 1074 46 24 Be-

103 1109 154 32 stämningen
275 1110 9 23 i
303 1110 127 32 förslagets
449 1117 85 16 senare
552 1112 105 21 moment
675 1109 85 31 derom,
773 1111 35 22 att
821 1117 39 16 ar-

102 1144 116 24 betstiden
239 1144 36 24 för
293 1145 146 31 minderärig
458 1144 108 24 arbetare
584 1144 161 32 ovilkorligen
764 1144 42 23 bör
823 1143 37 24 af-

102 1178 78 24 slutas
204 1179 75 23 redan
302 1179 103 24 klockan
425 1179 14 24 6
458 1180 31 30 pä
507 1179 103 30 aftonen,
629 1179 53 23 med
700 1178 102 24 hvilken
820 1178 39 23 be-

103 1212 124 33 stämning
253 1213 63 24 afses
344 1215 35 22 att
406 1213 85 24 bereda
514 1213 44 24 den
583 1213 161 32 minderärige
762 1212 99 24 tillfälle

103 1249 35 22 att
161 1247 88 24 besöka
273 1247 142 31 aftonskola,
439 1247 64 24 torde
522 1247 59 24 dock
599 1247 53 24 med
670 1247 111 24 afseende
799 1247 62 29 derä,

102 1284 36 21 att
156 1281 91 24 sädana
265 1282 80 24 skolor
363 1283 64 30 uppä
445 1282 166 31 landsbygden
630 1281 91 24 saknas
740 1283 64 22 samt
820 1283 41 28 att,

102 1315 65 24 hvad
185 1316 112 24 städerna
315 1316 119 31 beträffar,
448 1316 177 31 yrkesidkaren
638 1316 126 24 allaredan
776 1323 85 24 genom

102 1349 142 32 stadgandet
267 1351 9 23 i
294 1350 287 32 näringsförordningens
600 1351 32 23 32
653 1351 13 29 $
686 1353 27 21 är
731 1350 131 31 förpligtad

102 1387 36 21 att
156 1385 83 24 bereda
257 1385 56 24 sina
330 1385 121 32 lärlingar
469 1385 98 24 tillfälle
586 1387 36 22 att
639 1385 89 24 besöka
742 1385 36 23 för
792 1384 70 24 dessa

102 1419 97 24 afsedda
217 1419 176 30 läroanstalter,
412 1419 85 24 kunna
513 1420 64 31 utgä.
608 1419 110 24 Deremot
737 1426 71 17 anser
820 1418 42 33 jag

102 1453 26 23 af
145 1453 53 32 vigt
217 1461 64 23 vara,
300 1455 35 22 att
353 1461 34 16 nu
404 1453 113 32 gällande
536 1453 84 24 förbud
639 1455 61 22 emot
718 1453 142 24 minderäri-

102 1495 41 24 ges
171 1488 157 23 användande
356 1487 9 24 i
391 1487 133 24 nattarbete
551 1487 104 24 emellan
673 1487 105 24 klockan
797 1487 15 24 9
830 1489 32 30 pä

170 1530 49 23 Lag-
231 1531 33 18 och
277 1531 182 18 Ekonomiutskottets
472 1531 112 17 betänkande
596 1531 38 18 N:o
648 1531 16 18 9.
