1070 1736
284 184 281 23 Petitionsbetänkande
581 184 43 22 N:o
640 184 36 22 13.
835 184 27 20 13

105 248 101 26 digheter
224 248 48 20 utfå
287 247 156 28 expeditioner
466 247 7 21 i
488 247 28 21 de
532 248 108 26 ärenden,
656 248 48 20 han
719 247 43 21 där
776 247 87 21 anhän-

105 282 100 27 giggjort,
232 282 63 20 torde
322 288 55 14 vara
405 282 147 26 obestridligt.
584 282 38 20 Ett
643 282 52 20 fullt
717 281 81 27 tydligt
820 280 43 21 och

105 315 159 27 allmängiltigt
292 316 90 27 uttryck
413 316 43 20 har
487 315 77 21 denna
591 315 91 28 princip
714 315 90 21 erhållit
829 320 35 21 ge-

105 357 55 14 nom
177 349 134 28 stadgandet
326 350 8 20 i
351 351 9 19 1
378 351 12 25 &
406 350 26 20 af
444 350 85 26 nådiga
547 350 164 26 förordningen
727 349 44 21 den
788 350 12 20 9
817 348 45 27 Maj

107 385 53 20 1881
183 387 32 18 att
233 384 138 27 expedition,
396 391 50 14 som
462 384 34 21 till
513 384 107 27 sakegare
636 384 110 26 utfärdas,
762 384 42 20 bör
821 383 43 20 »af-

106 419 67 21 fattas
188 419 30 27 pä
229 419 37 20 det
277 419 76 27 spräk,
368 419 116 20 svenskan
497 419 54 20 eller
563 419 100 26 finskan,
674 418 89 21 hvilket
772 418 26 21 af
812 417 51 26 den,

106 459 50 15 som
179 453 43 21 hos
243 453 168 20 ämbetsvärket
427 452 59 27 gjort
501 453 94 20 ärendet
610 452 126 27 anhängigt
751 453 53 20 eller
820 452 42 20 hos

106 487 184 27 tjänstemännen
306 487 67 20 äskat
388 487 169 27 expeditionen,
573 487 81 20 därvid
670 487 127 26 skriftligen
811 486 53 21 eller

106 521 126 27 muntligen
256 521 143 27 begagnats.»
427 521 53 20 Men
502 521 49 21 icke
571 521 63 27 långt
648 521 99 21 härefter
762 521 102 20 framträ-

107 555 40 21 der
161 562 28 14 en
205 562 78 14 annan
299 555 128 27 grundsats,
446 556 116 26 nämligen
579 555 44 21 den
639 558 33 18 att
682 555 130 27 expedition
823 554 42 21 bör

109 589 101 21 »affattas
230 589 30 28 på
281 589 37 21 det
339 589 76 27 språk,
439 589 99 21 svenska
554 589 54 21 eller
628 589 84 26 finska,
728 589 71 20 hvarå
815 595 50 21 pro-

106 624 95 21 tokollet
216 623 38 21 vid
270 625 75 19 ortens
361 623 153 21 kommunala
530 623 157 26 förhandligar
699 623 81 26 föres»,
794 623 70 20 likväl

107 658 52 21 med
179 659 44 19 rätt
245 658 35 20 för
302 657 124 27 sakegaren
443 659 32 19 att
490 657 30 28 på
536 657 99 21 särskild
651 657 100 27 begäran
766 657 48 21 utfå
830 663 35 14 ex-

107 692 131 27 peditionen
254 691 29 28 på
299 691 36 21 det
351 691 72 21 andra
432 691 99 28 språket.
548 691 84 21 Medan
640 691 143 21 förstnämda
794 691 6 20 i
811 691 51 20 1881

107 726 37 21 års
164 725 134 27 förordning
316 725 100 21 uttalade
433 725 90 28 princip
538 725 140 22 fortfarande
694 726 70 25 gäller
779 725 34 21 för
827 725 39 20 det

107 763 61 18 stora
183 760 96 21 flertalet
294 760 147 21 ämbetsvärk
457 760 44 21 och
517 760 166 27 myndigheter,
697 762 60 19 samt
767 759 98 22 sålunda

107 794 72 21 måste
194 794 116 21 betraktas
326 794 77 21 såsom
419 794 45 21 den
480 794 172 24 förherskande,
669 795 42 20 har
726 794 44 21 den
786 800 79 15 senare

107 828 152 27 grundsatsen
280 834 81 21 genom
384 828 84 27 nådiga
487 828 163 27 förordningen
669 829 45 20 den
729 829 28 20 29
773 829 92 20 Decem-

107 863 40 20 ber
170 863 54 20 1883
246 863 122 26 fastslagits
384 863 35 20 för
434 863 180 26 underrätterna,
631 863 174 26 magistraterna
820 862 44 20 och

107 896 28 21 de
150 896 38 21 två
204 896 210 27 ordningsrätterna
429 896 7 21 i
452 896 83 21 landet.
567 897 53 20 Men
636 897 38 21 det
689 904 16 14 s.
722 897 21 20 k.
760 897 105 21 kommu-

108 930 132 28 nalspråket
257 931 43 20 har
319 930 77 21 vidare
418 930 7 21 i
447 930 63 27 fråga
527 938 38 13 om
581 931 93 27 språket
689 931 64 21 inom
768 930 97 21 ämbets-

108 965 85 20 värken
215 965 44 21 och
282 965 6 20 i
310 965 44 21 den
374 965 107 21 officiella
497 965 188 27 skriftväxlingen
701 965 85 21 mellan
801 971 65 21 myn-

108 999 133 26 digheterna
264 1005 81 20 genom
370 999 85 26 nådiga
478 999 93 21 brefven
593 999 25 21 af
638 999 44 21 den
702 1000 14 19 4
732 1000 61 20 Mars
811 999 53 20 1887

108 1033 70 28 gjorts
202 1033 174 21 bestämmande
391 1033 35 21 för
452 1034 58 20 »alla
531 1033 84 26 lokala,
631 1034 61 26 lägre
708 1033 158 28 myndigheter

109 1068 44 21 och
167 1067 151 28 tjänstemän»
337 1068 83 20 medan
437 1068 46 20 alla
499 1067 71 27 öfriga
586 1067 159 28 myndigheter
761 1068 43 21 och
820 1069 46 18 äm-

108 1102 108 21 betsvärk
231 1102 7 21 i
253 1102 60 21 detta
329 1102 106 21 afseende
451 1107 42 22 ega
508 1109 28 14 en
552 1102 112 21 vidsträkt
679 1102 111 21 valfrihet.

178 1137 31 20 På
224 1136 61 21 detta
301 1138 43 19 sätt
360 1137 69 20 korsa
445 1136 34 26 sig
495 1136 7 21 i
512 1136 55 21 våra
576 1136 230 27 språkförordningar
816 1136 50 20 full-

109 1170 96 27 komligt
227 1170 61 21 olika
313 1170 120 28 principer.
467 1170 35 20 Då
517 1170 38 21 det
574 1170 125 21 emellertid
719 1171 45 26 gält
779 1170 35 21 för
830 1170 37 20 Ut-

109 1205 83 21 skottet
207 1207 32 18 att
255 1204 89 27 angifva
361 1204 132 27 grunderna
507 1204 35 21 för
557 1211 28 14 en
601 1205 94 25 allmän,
709 1204 103 27 varaktig
823 1204 44 20 och

108 1239 74 21 tillika
208 1239 99 26 enhetlig
333 1239 36 26 lag
394 1238 29 28 på
450 1238 61 21 detta
527 1238 101 27 område,
652 1239 69 21 hafva
743 1239 124 20 Utskottets

109 1273 151 21 medlemmar
282 1273 49 21 icke
355 1273 90 20 kunnat
467 1273 53 26 foga
540 1273 33 26 sig
589 1273 6 20 i
611 1273 77 20 denna
703 1272 127 27 blandning
845 1272 25 20 af

110 1307 61 21 olika
194 1307 153 27 grundsatser,
366 1309 56 18 utan
439 1308 73 20 utvalt
527 1307 44 21 den
587 1314 43 14 ena
646 1308 54 20 eller
715 1307 72 21 andra
802 1306 25 21 af
840 1306 27 21 de

109 1341 131 21 hvarandra
259 1344 107 18 motsatta
385 1341 239 27 hufvudprinciperna
643 1341 35 21 för
697 1343 30 19 att
743 1341 70 21 sedan
829 1347 39 13 an-

109 1375 77 27 tingen
210 1375 171 27 genomgående
401 1376 55 20 eller
477 1382 49 14 mer
545 1376 54 20 eller
620 1375 89 21 mindre
725 1374 143 22 konsekvent

110 1410 65 26 lägga
192 1409 136 21 densamma
343 1410 34 20 till
392 1409 75 27 grund
483 1410 35 20 för
533 1409 27 21 de
584 1410 113 20 särskilda
717 1408 151 28 petitionsför-

110 1444 83 25 slagen.
220 1444 66 20 Huru
301 1444 28 20 de
345 1444 62 20 olika
422 1444 152 25 meningarna
589 1443 82 21 härvid
686 1444 71 19 brutit
772 1443 33 26 sig
820 1445 49 18 mot

111 1477 130 20 hvarandra
263 1477 58 21 skall
342 1477 89 26 framgå
449 1477 26 20 af
488 1477 44 21 den
548 1477 99 27 följande
664 1477 203 26 framställningen.
