1070 1742
129 155 177 31 (Öfversättning).

347 218 311 28 Petitionsmemorial.

290 273 113 36 Prestest.
623 277 45 22 N:o
683 277 36 22 24.

265 654 53 19 Till
338 654 172 26 Högvördiga
530 654 219 20 Presteståndet.

204 732 41 19 För
261 734 30 17 att
306 731 108 26 tillgodose
430 733 29 18 ett
475 732 103 19 kännbart
593 732 63 19 behof
665 732 113 20 inrättades
789 732 24 19 år
825 731 56 20 1879

132 762 7 19 i
160 762 28 20 St.
212 761 75 20 Michel
303 768 24 13 en
343 761 54 20 finsk
412 761 203 26 fruntimmersskola,
632 761 115 26 utgörande
763 761 84 20 frukten
863 761 23 20 af

133 791 94 21 enskilda
249 791 144 29 medborgares
413 791 89 20 intresse
525 792 37 19 och
578 791 111 26 byggande
704 792 32 20 sin
751 791 91 20 existens
857 791 26 26 på

134 821 93 20 enskilda
250 821 70 20 medel.
358 821 61 20 Anda
442 821 63 20 sedan
529 821 32 20 sin
580 821 168 26 grundläggning
763 822 38 19 har
816 821 67 20 denna

135 851 57 20 skola
215 851 45 19 med
283 851 107 25 framgång
406 851 80 19 arbetat
500 851 32 19 för
548 851 208 26 kvinnobildningens
771 850 112 26 främjande

135 882 37 18 och
187 882 27 24 på
229 888 76 12 samma
320 882 56 24 gång
390 880 32 20 för
437 880 39 20 den
488 881 102 19 allmänna
600 881 179 26 bildningsnivåns
790 880 93 25 höjande.

135 911 48 19 Med
197 911 81 25 hänsyn
293 910 32 20 till
340 910 84 20 skolans
438 910 125 26 behöflighet
576 911 37 19 har
625 914 67 17 staten
703 910 122 21 understödt
836 910 47 20 den-

135 948 76 12 samma
226 940 47 20 med
287 947 25 13 ur
328 940 102 20 allmänna
445 940 65 20 medel
526 940 77 26 årligen
619 941 99 26 beviljadt
733 942 78 24 anslag.
837 941 47 19 Men

135 970 26 20 de
185 970 63 22 7,000
270 970 64 26 mark,
358 977 42 13 som
424 970 85 20 sälunda
532 970 32 20 för
587 971 128 20 närvarande
732 971 91 20 tilldelas
839 970 45 20 sko-

135 1000 40 26 lan,
191 1004 34 16 äro
241 1001 26 25 pä
283 1000 57 26 långt
356 1003 37 17 när
408 1000 45 20 icke
468 1000 124 26 tillräckliga
608 1000 33 20 för
656 1001 131 19 bestridande
803 1000 23 20 af
839 1000 45 20 sko-

135 1030 44 20 lans
202 1030 91 26 utgifter,
316 1030 83 20 hvarför
414 1030 83 20 skolans
512 1034 97 22 garanter
624 1030 69 20 blifvit
708 1030 116 26 betungade
839 1030 45 20 med

136 1060 105 26 ansenliga
265 1060 83 25 utgifter
368 1060 63 25 jämte
455 1060 35 20 det
514 1067 47 13 man
582 1060 54 20 varit
657 1064 92 22 tvungen
769 1063 30 17 att
815 1060 70 20 fordra

136 1090 79 25 obilligt
238 1090 53 25 höga
314 1090 168 25 terminsafgifter
500 1090 22 20 af
536 1090 100 24 eleverna,
653 1091 78 19 hvilket
746 1091 63 19 redan
825 1090 7 20 i
848 1090 37 20 och

135 1120 32 19 för
182 1120 33 24 sig
230 1120 144 24 motbjudande
385 1119 152 26 förfaringssätt
548 1120 37 20 har
598 1120 31 20 till
640 1120 56 26 följd,
707 1123 29 17 att
747 1120 49 20 flere
807 1120 79 20 mindre

135 1149 118 20 bemedlade
276 1149 101 20 föräldrar
395 1150 44 19 icke
455 1150 79 20 kunnat
550 1150 64 25 enligt
630 1150 32 20 sin
678 1150 78 20 önskan
772 1153 54 17 sätta
842 1150 45 20 sina

136 1180 51 19 barn
211 1179 7 19 i
238 1179 78 25 skolan,
336 1180 82 19 hvadan
434 1180 71 19 skolan
522 1180 80 20 säledes
617 1180 46 20 icke
679 1180 79 20 kunnat
773 1180 7 20 i
795 1180 92 26 enlighet

136 1209 46 20 med
197 1209 31 20 sin
245 1209 80 26 uppgift
340 1209 50 26 fylla
406 1212 68 17 ortens
490 1210 154 25 ofvanantydda
660 1210 171 25 bildningsbehof.
854 1210 33 19 Då

137 1246 46 12 man
202 1239 120 25 ytterligare
342 1239 138 25 ihägkommer
496 1242 30 17 att
542 1243 30 16 ett
587 1240 96 19 lärovärk
695 1240 65 19 under
768 1239 119 26 skolstyrel-

137 1275 46 13 sens
199 1269 125 19 omvärdnad
340 1269 7 19 i
362 1269 110 19 allmänhet
488 1269 141 20 funktionerar
647 1270 46 19 med
710 1272 65 17 större
786 1269 100 26 precision

137 1299 37 19 och
190 1298 46 20 med
247 1303 29 16 ett
286 1305 143 19 noggrannare
439 1299 86 25 afvägdt
536 1306 99 19 program,
646 1302 26 16 än
683 1299 43 20 ifall
737 1299 94 20 enskilda
841 1306 44 18 per-

137 1335 60 13 soner
213 1328 59 20 sköta
288 1328 40 26 det,
344 1330 23 18 sä
378 1331 59 23 tager
445 1328 37 26 jag
492 1329 41 25 mig
544 1329 87 19 friheten
643 1332 30 16 att
685 1329 104 20 vördsamt
799 1329 88 24 anhälla,

137 1358 34 20 det
187 1358 133 26 Högvördiga
336 1358 161 24 Presteständet,
514 1359 46 19 med
575 1359 117 19 beaktande
710 1358 22 20 af
740 1358 147 20 ofvananförda

137 1388 179 26 omständigheter,
337 1388 63 25 jämte
419 1388 25 20 de
460 1388 65 26 öfriga
541 1388 98 26 Ständen,
655 1388 48 20 ville
718 1388 49 26 ingä
781 1389 32 19 till
829 1388 58 20 Hans

137 1417 96 25 Majestät
248 1418 101 25 Kejsaren
366 1418 36 20 och
419 1418 133 26 Storfursten,
562 1418 46 20 med
627 1425 24 13 en
663 1418 129 26 underdänig
802 1418 85 26 petition

139 1447 70 20 därom
