1092 1745
230 183 26 20 12
425 183 262 22 Motionsbetänkande
704 183 42 22 N:o
761 182 37 23 10.

228 245 71 22 rande
315 246 91 27 belopp,
422 249 24 25 ty
461 247 141 26 regleringen
618 247 66 26 afser,
701 247 69 26 enligt
781 246 49 21 min
842 246 146 28 uppfattning

228 280 26 21 af
268 281 9 19 1
295 281 13 26 $
326 280 3 21 i
345 281 135 20 ännämnda
495 281 84 26 nådiga
595 281 141 26 förordning,
752 281 50 20 icke
818 281 135 27 förhöjande
966 281 25 20 af

228 315 180 27 presterskapets
424 315 122 27 aflöning».

301 349 80 21 Säsom
391 356 74 21 synes,
476 350 130 20 innehäller
618 357 32 13 nu
661 349 97 21 anförda
769 349 117 21 utlätande
898 355 89 15 samma

228 383 155 27 anmärkning
398 386 49 19 mot
465 384 135 27 tolkningen
617 384 25 21 af
656 385 55 20 1886
728 384 36 21 ärs
780 384 140 26 förordning,
937 391 50 14 som

228 417 251 25 motionsmemorialet,
503 425 54 13 men
581 418 184 26 anmärkningen
789 418 133 20 föranledde
938 418 49 20 icke

229 451 32 20 till
277 451 76 26 någon
369 452 79 26 åtgärd
465 453 43 20 hos
525 452 125 27 Kejserliga
666 452 104 21 Senaten.

300 486 50 21 Den
375 487 105 26 tolkning
508 487 25 20 af
557 486 177 27 förordningens
759 486 140 21 föreskrifter
925 486 8 21 i
955 493 32 14 nu

227 519 98 21 berörda
348 520 113 27 afseende,
480 527 50 14 som
547 521 99 20 sålunda
661 521 59 27 gjort
735 521 33 26 sig
784 521 112 26 gällande,
911 521 77 26 bryter

228 554 125 21 emellertid
377 557 48 18 mot
447 555 177 26 förordningens
644 555 165 28 grundprincip
825 555 50 20 icke
891 555 97 20 allenast

227 588 50 21 däri
300 591 32 18 att
355 589 44 20 den
414 590 82 20 verkar
515 589 133 28 förhöjning
663 590 25 20 af
702 589 179 28 presterskapets
897 589 90 21 inkom-

228 625 44 18 ster
287 625 56 18 utan
359 623 66 21 äfven
442 624 141 21 därutinnan
599 626 33 19 att
647 624 44 21 den
704 624 106 27 jämnare
826 623 128 26 fördelning
965 623 24 20 af

226 657 132 27 aflöningen
381 658 30 27 på
433 659 45 20 alla
494 658 307 27 församlingsmedlemmar,
818 665 50 14 som
883 658 58 21 varit
957 660 30 18 ett

226 692 26 20 af
271 692 193 21 hufvudmotiven
480 692 35 21 för
530 692 177 27 förordningens
722 692 119 27 tillkomst,
858 692 49 21 icke
922 692 65 21 kom-

227 732 48 14 mer
302 728 32 19 att
359 732 40 21 ega
422 734 57 13 rum.
511 727 34 27 Ty
568 727 135 26 därigenom
726 729 32 18 att
780 726 28 21 de
824 726 94 27 afgifter,
935 733 50 14 som

226 760 69 26 enligt
311 760 240 27 kommunaltaxering
567 761 54 26 utgå
637 761 25 20 af
670 760 198 21 landthandlande
882 761 43 20 och
938 767 48 20 per-

226 801 69 14 soner
316 797 56 18 utan
396 795 43 20 fast
461 795 118 26 egendom,
596 795 50 21 icke
662 795 53 26 ingå
730 795 8 20 i
754 795 160 27 lönebeloppet
930 797 55 18 utan

226 829 116 20 betraktas
365 829 77 20 såsom
465 832 30 18 ett
516 829 108 27 tillfälligt
642 829 102 26 tillskott,
761 829 106 20 kommer
882 829 51 20 hela
949 829 37 20 det

225 863 76 25 gamla
323 863 161 28 lönebeloppet
503 866 32 18 att
551 864 99 20 fördelas
666 863 201 26 hufvudsakligast
883 863 29 27 på
924 863 62 27 jord-

225 897 162 26 lägenheterna
409 898 44 20 och
473 898 32 20 till
521 905 28 13 en
566 898 90 20 mindre
672 898 37 20 del
725 898 29 27 på
771 897 105 27 samtliga
893 898 93 20 försam-

225 931 218 27 lingsmedlemmar,
460 939 50 14 som
526 933 42 26 fylt
583 934 80 19 sexton
680 932 31 20 år.
743 932 51 20 Och
810 932 76 26 någon
905 933 80 19 nämn-

225 965 56 21 värd
305 966 87 20 lättnad
416 967 43 20 har
481 966 141 27 följaktligen
647 966 49 21 icke
716 966 99 21 kommit
828 966 158 27 jordlägenhe-

224 1001 64 19 terna
314 1000 33 20 till
375 1000 43 26 del,
442 1000 95 21 oaktadt
559 1000 164 26 förordningen
744 1000 49 27 just
816 1000 66 20 afsett
904 1000 82 20 sådant

224 1038 83 22 genom
324 1036 32 18 att
371 1034 95 27 indraga
482 1041 44 21 nya
544 1034 262 26 beskattningsföremål.

297 1068 104 20 Emedan
425 1075 89 14 samma
535 1069 57 26 skäl,
612 1076 51 14 som
682 1070 46 19 tala
744 1071 62 19 emot
821 1068 44 21 den
881 1068 105 26 tolkning

224 1102 26 20 af
269 1102 14 26 &
305 1102 13 20 4
341 1102 6 20 i
372 1103 55 20 1886
450 1103 37 21 års
511 1103 141 27 förordning,
676 1110 51 14 som
750 1103 59 27 gjort
832 1103 33 25 sig
880 1102 105 27 gällande

224 1136 142 21 beträffande
382 1137 199 21 landthandlande
597 1138 44 20 och
658 1138 71 26 öfriga
745 1144 110 20 personer
871 1139 54 18 utan
944 1137 42 20 fast

224 1170 119 27 egendom,
357 1170 87 28 jämväl
461 1177 40 21 ega
517 1172 41 20 full
573 1171 100 27 giltighet
684 1174 116 24 gentemot
810 1171 175 27 tillämpningen

224 1204 25 20 af
269 1205 176 27 förordningens
467 1206 141 20 föreskrifter
624 1206 97 20 rörande
738 1206 27 20 de
782 1206 6 20 i
806 1212 89 14 samma
910 1206 13 25 $
939 1212 47 14 om-

224 1239 103 20 nämnda
350 1239 117 27 bergverk,
490 1240 60 20 bruk
569 1240 44 20 och
629 1240 73 20 andra
718 1240 135 20 industriela
868 1239 118 21 inrättnin-

223 1278 46 21 gar,
293 1274 43 20 har
357 1274 110 21 utskottet
490 1276 53 19 trott
564 1274 34 27 sig
620 1274 80 21 kunna
716 1274 7 20 i
739 1274 61 21 detta
817 1274 169 26 sammanhang

224 1307 67 20 äfven
307 1308 81 20 beröra
403 1308 28 21 de
447 1308 94 27 afgifter,
555 1315 51 14 som
619 1309 54 26 utgå
684 1309 50 20 från
746 1308 71 26 sagda
828 1308 157 25 inrättningar,

224 1341 95 20 oaktadt
341 1342 210 27 motionsförslaget
570 1343 50 20 icke
637 1343 74 20 direkt
726 1342 68 21 berör
809 1341 67 21 dessa
892 1341 93 26 afgifter.

296 1376 77 26 Enligt
396 1377 36 26 lag
456 1377 69 20 hafva
549 1377 47 20 före
624 1377 54 20 1886
702 1377 37 20 års
755 1375 135 27 förordning
905 1375 81 21 endast

220 1409 115 27 jernverk,
360 1411 174 26 messingsbruk
557 1413 60 18 samt
632 1411 88 20 sådana
736 1411 102 20 kvarnar
854 1410 43 21 och
914 1410 71 26 sågar,

223 1443 80 21 hvilka
329 1446 80 25 utgöra
435 1445 113 20 särskilda
574 1445 158 27 possessioner
758 1447 60 18 samt
844 1445 39 20 äro
908 1444 77 21 såsom

224 1478 87 21 sådana
342 1478 6 21 i
375 1479 183 26 jordeböckerna
590 1482 124 24 upptagna,
740 1479 60 20 varit
825 1478 104 27 skyldiga
955 1480 31 19 att

292 1523 49 22 Lag-
354 1523 32 18 och
399 1524 184 18 Ekonomiutskottets
596 1525 111 17 betänkande
720 1526 34 16 N:o
767 1525 30 16 16.
