1070 1734
300 181 275 22 Petitionsbetänkande
590 180 45 24 N:o
651 180 21 23 7.

399 535 158 22 Allmänna
592 535 270 28 petitionsutskot-

327 572 59 21 tets
402 571 193 22 betänkande
605 570 53 23 N:o
670 571 23 27 5,
703 571 9 22 i
726 571 136 27 anledning

327 607 28 22 af
372 607 39 22 till
428 607 93 22 Preste-
537 607 46 22 och
599 607 211 28 Borgarestånden
826 607 36 22 in-

327 643 111 22 lemnade
446 643 210 28 petitionsförslag
664 643 124 27 angående
795 649 67 16 arvo-

327 679 130 27 destillägg
487 679 41 22 för
557 678 233 23 föreständarinnor
815 678 47 22 och

328 715 143 22 lärarinnor
497 715 42 21 vid
565 715 91 21 statens
681 714 181 22 fruntimmers-

328 751 91 23 skolor.

347 817 97 23 (Prestest.
456 816 83 19 Petition
551 817 34 18 N:o
598 818 37 22 44)

334 847 114 23 (Borgarest.
462 847 82 18 Petition
557 847 34 18 N:o
604 848 36 21 43.)

184 902 75 21 Jämte
268 902 202 27 protokollsutdrag
481 902 24 21 af
515 902 42 21 den
568 903 25 20 10
605 901 149 22 innevarande
765 900 97 23 februari

114 937 66 23 hafva
195 938 88 21 Preste-
299 938 39 21 och
354 938 193 27 Borgarestånden
562 938 35 21 till
613 938 118 21 Allmänna
749 937 113 27 petitions-

113 974 121 21 utskottets
249 973 135 28 behandling
398 974 125 27 hänskjutit
541 974 3 21 i
561 973 64 22 dessa
641 973 65 22 stånd
717 973 80 22 väckta
807 973 55 27 peti-

113 1009 144 28 tionsförslag
281 1009 135 22 beträffande
432 1010 174 27 arvodestillägg
621 1010 23 21 åt
659 1009 205 22 föreståndarinnor

113 1046 40 21 och
169 1046 124 21 lärarinnor
309 1046 37 21 vid
363 1047 85 20 statens
463 1045 233 22 fruntimmersskolor.

184 1081 78 28 Enligt
288 1082 80 27 nådiga
392 1081 157 27 förordningen
575 1081 25 21 af
623 1081 42 21 den
692 1082 27 20 27
745 1081 119 22 november

116 1119 54 19 1885
196 1118 97 27 åtnjuter
317 1117 198 27 föreståndarinna,
538 1119 59 19 utom
619 1117 43 21 fria
679 1124 47 15 rum
751 1117 39 21 och
813 1116 49 28 ved,

114 1153 7 21 i
136 1153 36 21 lön
188 1154 14 20 å
218 1155 54 20 stat:
289 1154 36 21 vid
343 1153 254 22 fruntimmersskolorna
612 1153 8 21 i
638 1153 141 27 Helsingfors
798 1154 65 26 2,800

113 1189 62 21 mark
196 1190 41 21 och
259 1189 37 23 vid
312 1190 72 26 öfriga
406 1190 75 21 skolor
500 1191 65 26 2,000
589 1190 62 21 mark
672 1192 57 19 samt
751 1189 113 22 lärarinna

117 1227 63 26 1,800
204 1226 69 27 mark,
298 1226 34 21 till
355 1225 78 22 hvilka
456 1226 135 26 grundlöner
610 1225 57 22 efter
684 1227 19 25 5,
722 1227 33 26 10,
774 1226 25 20 15
824 1224 40 22 och

115 1264 27 18 20
166 1262 37 21 års
228 1262 69 27 tjenst
316 1262 98 21 kommer
436 1261 173 27 tilläggsarvode
632 1261 24 22 af
678 1263 42 19 300
744 1261 62 21 mark
829 1260 35 22 för

114 1298 93 27 gången,
232 1298 114 22 hvarutom
370 1297 113 22 lärarinna
498 1297 37 22 vid
551 1297 214 22 fruntimmersskola
785 1296 8 22 i
811 1296 53 22 Hel-

115 1333 97 28 singfors
233 1333 34 22 för
283 1333 68 27 högre
367 1332 207 23 lefnadskostnader
590 1333 6 21 i
612 1333 162 22 hufvudstaden
792 1332 72 28 ätnju-

114 1371 35 20 ter
165 1371 33 20 ett
214 1369 81 22 arvode
310 1368 25 22 af
348 1370 43 20 400
407 1369 69 21 mark.

217 1405 95 21 Jämlikt
328 1411 81 15 samma
424 1404 130 29 förordning
570 1405 83 22 erhöllo
669 1405 27 22 de
712 1405 95 27 manliga
817 1404 47 22 kol-

115 1440 92 27 legerna
229 1441 37 21 vid
291 1440 256 22 fruntimmersskolorna
570 1441 96 27 följande
690 1440 174 22 löneförmäner:

115 1476 62 21 äldre
193 1476 89 27 kollega
297 1476 37 22 vid
350 1476 213 22 fruntimmersskola
580 1477 6 21 i
598 1476 141 28 Helsingfors
749 1478 66 26 4,000
824 1476 40 21 och

187 1517 106 19 Allmänna
306 1518 185 18 Petitionsutskottets
501 1518 117 18 betänkande
630 1518 38 18 N:o
680 1518 16 18 5.
