1092 1739
295 167 253 22 Motionsbetänkande
564 167 41 22 N:o
620 167 22 21 6.

364 619 322 22 Kommunalutskottets
695 619 149 22 betänkan-

295 654 31 21 de
350 654 42 22 N:o
415 653 14 22 3
448 654 8 21 i
473 654 128 27 anledning
624 654 28 21 af
666 653 40 22 två
725 653 121 22 särskilda

296 689 65 22 inom
375 688 174 28 Ridderskapet
564 688 45 23 och
624 688 74 22 Adeln
714 689 62 21 samt
786 689 58 21 Bor-

296 719 155 31 gareständet
465 723 85 22 väckta
565 723 198 28 motiorisförslag
775 722 70 28 angä-

297 758 58 21 ende
377 757 169 28 utsträckning
566 758 28 21 af
607 759 99 26 gvinnas
721 757 125 23 valbarhet

296 792 37 22 till
349 793 152 21 kommunala
516 793 109 27 uppdrag
641 793 9 21 i
666 793 62 21 stad.

158 855 62 23 (Ridd.
239 856 33 17 och
289 855 65 18 Adeln.
370 865 22 4 —
408 855 172 18 Motionsmemorial
598 855 33 18 N:o
644 856 16 17 5.
684 855 162 23 Borgareståndet.

90 884 173 19 Motionsmemorial
276 885 33 17 N:o
323 885 25 21 2.)

159 931 70 21 Jemte
253 931 36 21 det
311 930 235 22 Kommunalutskottet
570 930 7 21 i
592 930 102 22 afseende
716 931 13 21 å
752 930 93 22 förbere-

91 965 70 22 dande
183 965 132 28 behandling
337 965 50 22 från
409 965 160 27 Ridderskapet
585 965 39 22 och
638 965 71 22 Adeln
724 967 57 20 samt
796 965 51 21 Bor-

90 1000 143 27 gareståndet
255 1000 43 21 fått
321 1001 109 26 emottaga
453 999 89 28 bilagda
564 1002 80 19 tvänne
666 999 181 28 motionsförslag,

90 1035 40 21 har
153 1035 113 21 Utskottet
288 1041 76 21 genom
380 1034 198 27 protokollsutdrag
594 1034 86 22 erhållit
696 1034 34 21 del
746 1034 24 21 af
784 1034 41 21 den
840 1034 7 21 i

91 1069 94 21 nämnda
200 1069 70 21 Stånd
285 1069 37 22 vid
337 1068 102 22 remissen
455 1068 115 22 förefallna
585 1068 155 22 diskussionen.

160 1212 76 28 Enligt
251 1215 12 19 9
279 1212 10 28 $
305 1212 8 22 i
328 1218 29 15 nu
372 1212 102 28 gällande
489 1212 126 28 förordning
630 1212 25 22 af
669 1212 41 22 den
720 1214 12 19 6
743 1212 106 22 Februari

93 1249 54 19 1865
171 1247 113 27 angående
307 1246 256 28 kommunalförvaltning
584 1248 28 26 pä
628 1247 74 21 landet
716 1247 39 21 och
770 1248 13 26 $
801 1249 25 19 10
842 1246 7 22 i

92 1281 154 28 förordningen
269 1288 33 14 om
324 1280 257 29 kommunalförvaltning
596 1282 8 21 i
618 1282 55 26 stad,
689 1281 74 28 gifven
779 1281 41 22 den
836 1284 12 18 8

92 1316 117 22 December
230 1318 61 25 1873,
315 1318 25 19 är
356 1316 85 27 qvinna,
457 1322 45 16 som
518 1316 39 22 har
572 1318 34 20 att
621 1316 51 28 sjelf
685 1316 61 22 öfver
760 1316 36 28 sig
811 1316 39 21 och

92 1350 39 22 sitt
146 1350 53 28 gods
214 1350 61 27 råda,
290 1350 46 22 lika
351 1350 48 22 med
414 1356 49 16 man
479 1350 125 28 berättigad
620 1352 34 20 att
668 1350 89 28 deltaga
772 1350 7 22 i
792 1350 58 22 kom-

92 1385 80 21 munal-
187 1385 39 21 och
241 1384 184 22 rådhusstämmas
441 1385 194 28 öfverläggningar
650 1385 39 22 och
700 1385 76 21 beslut.
799 1385 51 21 Men

94 1420 58 22 hvad
167 1419 91 27 qvinnas
273 1420 136 21 kommunala
423 1420 131 28 rättigheter
568 1420 53 28 eljes
636 1419 108 28 beträffar,
762 1422 38 19 äro
816 1419 34 21 de-

93 1460 81 16 samma
197 1454 68 27 enligt
286 1454 70 27 sagda
375 1453 153 29 förordningar
542 1454 24 22 så
582 1454 34 22 till
630 1454 52 22 vida
696 1454 153 22 inskränktare

161 1494 207 18 Kommunalutskottets
381 1494 112 18 betänkande
505 1494 34 18 N:o
552 1494 16 18 3.
