1053 1731
814 141 13 20 3

100 210 119 26 utrustning
246 210 68 19 blefve
337 209 134 26 naturligtvis
492 210 99 26 billigare
613 211 32 18 för
668 211 75 23 staten,
766 209 27 20 dä
815 210 41 19 den

99 239 70 19 kunde
184 239 38 19 ske
237 245 36 20 per
288 238 94 26 jernväg.

168 267 59 20 Hvad
250 267 98 20 beträffar
368 267 129 26 jernvägens
520 267 93 20 lifvande
632 267 102 20 inverkan
756 267 41 20 och
820 267 36 20 be-

99 296 103 25 höflighet
225 302 46 13 som
293 296 40 19 ock
355 296 49 19 dess
422 295 133 24 rentabilitet,
571 296 59 19 torde
645 296 35 19 det
696 295 33 20 stä
744 297 58 18 utom
817 296 39 19 allt

100 325 78 23 tvifvel,
199 326 30 18 att
251 323 160 27 ifrägavarande
433 324 99 26 riktning,
556 325 64 19 redan
636 325 48 19 med
699 325 99 19 afseende
813 325 44 19 fäst

99 353 53 20 blott
174 353 34 19 vid
230 353 154 22 lokaltrafiken,
409 352 42 20 står
473 353 89 20 framom
578 353 33 20 sin
626 353 129 24 medtäflare,
771 353 84 26 Kieppi-

100 382 74 23 banan,
190 382 85 19 hvilken
291 382 54 19 ända
361 380 45 21 från
421 381 137 20 Leivonmäki
574 382 51 19 eller
640 382 75 19 Joutsa
729 382 85 19 komme
825 383 31 18 att

100 411 126 26 genomlöpa
247 410 135 26 temmeligen
401 410 56 26 glest
472 410 118 23 befolkade,
606 411 121 19 ofruktbara
742 411 112 19 utmarker.

168 439 48 20 Men
238 446 26 13 en
285 439 164 26 omständighet,
468 445 46 14 som
529 440 66 25 väger
610 440 56 19 ännu
682 445 44 14 mer
741 440 7 19 i
763 438 92 27 vågskå-

100 467 41 24 len,
163 469 23 18 är
207 469 46 22 den,
275 469 31 18 att
328 468 62 25 längs
406 468 262 19 Heinola—Lahtisbanan
688 467 107 20 afståndet
810 467 45 20 från

101 496 119 27 Jyväskylä
241 497 33 19 till
297 497 74 25 Hangö
393 496 64 19 hamn
479 497 23 19 är
525 496 28 20 94
573 497 111 19 kilometer
702 497 89 22 kortare,
807 503 48 13 men

100 525 32 19 till
141 525 30 20 S:t
181 525 126 26 Petersburg
317 525 76 20 endast
405 525 28 19 24
443 525 112 20 kilometer
565 525 79 26 längre,
658 526 28 19 än
696 525 63 26 längs
770 525 85 26 Kieppi-

101 554 75 20 banan.
206 555 46 19 Den
267 554 176 25 utomordentliga
459 554 110 26 betydelse
585 554 169 25 mejerirörelsen
769 554 40 20 och
821 560 34 13 ex-

101 584 72 24 porten
188 584 23 19 af
225 583 111 24 produkter
349 583 65 19 under
426 589 74 14 senare
513 582 23 20 år
548 583 7 19 i
567 581 46 21 vårt
625 583 51 19 land
688 582 89 24 erhållit,
791 594 27 3 —
829 589 26 13 en

101 612 115 26 betydelse,
232 618 46 13 som
290 611 136 20 tvifvelsutan
441 612 56 19 ännu
508 612 95 19 kommer
615 613 30 18 alt
656 611 161 26 mångdubblas,
828 623 27 2 —

101 642 55 18 samt
176 641 40 19 den
231 640 67 26 lifliga
313 640 130 19 konkurrens
460 641 47 18 med
522 640 95 19 utlandet
632 647 49 12 man
697 639 26 27 på
739 641 57 18 detta
811 646 43 13 om-

101 668 49 21 råde
172 669 39 20 har
233 670 30 18 att
284 668 67 24 bestå,
373 669 73 19 kräfva
467 671 31 17 att
510 669 98 19 framtida
621 669 115 25 jernvägar
751 669 104 25 anläggas

102 697 29 24 så,
154 699 31 18 att
207 699 132 24 transporten
361 698 22 19 af
396 697 112 26 produkter
530 697 45 20 från
591 697 83 20 landets
690 698 45 19 inre
750 697 57 20 delar
823 697 32 19 till

101 725 46 20 vårt
162 727 61 18 lands
238 726 116 19 tillsvidare
367 727 54 18 enda
432 726 133 20 vinterhamn
582 727 39 18 blir
638 727 7 18 i
665 726 121 26 möjligaste
806 725 49 20 mån

101 755 138 20 underlättad.
270 755 74 20 Denna
366 755 83 19 fordran
471 755 64 26 fylles
556 755 129 25 fullkomligt
700 755 22 19 af
735 755 66 19 linien
815 754 40 26 Jy-

101 784 113 25 väskylä—
225 784 90 19 Heinola.
347 783 44 20 Och
414 784 7 18 i
443 783 58 20 detta
523 784 137 25 synnerligen
680 784 82 25 viktiga
777 783 78 19 hänse-

103 812 52 19 ende
170 813 85 19 komme
269 813 124 19 densamma
409 812 46 19 icke
470 813 53 18 blott
538 814 31 17 att
581 813 74 24 utgöra
666 812 41 19 den
717 812 138 25 naturligaste

103 841 39 19 och
165 841 60 20 bästa
244 841 216 25 förmedlingslänken
476 841 78 19 mellan
574 841 83 19 landets
677 841 62 19 södra
761 840 34 19 del
817 840 39 19 och

102 869 109 26 bygderna
226 870 77 19 mellan
329 869 102 26 Päijänne
454 870 40 19 och
510 869 180 23 Savolaksbanan,
706 871 51 18 utan
772 869 40 19 ock
827 870 31 17 att

104 898 83 26 betjena
207 898 48 19 hela
278 899 35 19 det
334 900 57 18 stora
413 897 86 21 område
521 899 22 18 af
564 899 107 19 mellersta
693 898 95 24 Finland,
811 903 46 14 som

102 927 68 26 ligger
185 927 78 19 mellan
277 927 92 25 Kuopio-
385 927 39 19 och
439 926 217 27 Uleåborgsbanorna.
680 927 45 19 Den
738 926 69 19 skulle
817 927 41 24 äga

103 961 26 14 en
144 956 68 25 färdig
227 956 136 25 fortsättning
372 957 71 18 norrut
454 956 6 19 i
469 955 333 26 Jyväskylä—Suolahti-banan.
818 954 41 20 Det

104 985 58 18 torde
172 985 47 19 icke
231 985 43 18 lida
284 983 65 27 något
361 984 77 23 tvifvel,
449 986 30 17 att
491 985 68 19 denna
567 985 91 25 jernväg
668 985 6 18 i
686 984 69 19 sinom
765 983 31 20 tid
807 983 51 19 fort-

104 1013 66 19 sättes
193 1013 32 20 till
246 1012 70 27 någon
331 1013 88 26 lämplig
434 1013 67 25 punkt
515 1012 27 25 på
557 1012 187 27 Uleåborgsbanan
760 1012 51 19 eller
826 1011 33 19 till

104 1041 73 24 Vaala,
196 1042 65 19 sedan
278 1042 133 19 sistnämnda
428 1043 32 18 ort
473 1042 80 19 medels
562 1042 90 25 jernväg
664 1041 68 20 blifvit
743 1041 115 19 förbunden

104 1069 160 27 medUleåborg.
287 1070 45 20 Och
345 1069 88 20 sålunda
445 1071 68 18 skulle
524 1077 48 12 man
584 1077 40 18 ega
634 1077 26 12 en
671 1070 40 19 den
722 1070 85 19 rakaste
817 1070 42 24 väg

104 1099 56 19 tvärs
176 1105 77 20 genom
268 1099 48 19 hela
335 1099 72 19 landet
421 1099 56 19 ända
492 1098 45 21 från
553 1098 82 21 Torneå
650 1099 40 19 och
706 1097 105 26 Uleåborg
826 1097 33 19 till

105 1127 81 26 Hangö.
215 1127 55 20 Från
292 1127 120 26 Jyväskylä
433 1127 68 20 blefve
516 1129 68 24 vägen
600 1127 32 20 till
648 1128 74 24 Hangö
739 1127 57 19 öfver
809 1126 50 19 Hei-

105 1156 151 19 nola—Lahtis
281 1156 37 19 111
343 1157 110 18 kilometer
475 1156 83 20 kortare
580 1157 27 18 än
623 1156 57 19 öfver
695 1155 164 20 Keuru—Tam-

104 1185 94 19 merfors.

173 1213 55 20 Vare
251 1213 34 26 sig
309 1212 161 27 ifrågavarande
496 1214 66 19 banas
590 1213 110 27 betydelse
729 1211 130 21 skärskädas

104 1242 48 19 med
172 1242 41 20 fäst
229 1242 98 20 afseende
347 1242 35 20 vid
402 1243 107 19 närmaste
530 1242 133 26 landsbygds
684 1242 111 22 intressen,
809 1240 51 20 eller

105 1271 39 19 ock
166 1272 55 18 samt
243 1271 6 19 i
264 1272 88 18 främsta
367 1273 90 17 rummet
472 1271 48 19 med
536 1271 83 19 blicken
635 1271 69 19 riktad
719 1268 72 28 därpä,
806 1269 54 19 huru

104 1298 46 20 värt
165 1300 120 19 nuvarande
301 1300 139 25 jernvägsnät
455 1300 128 25 naturligast
598 1300 64 19 borde
677 1298 183 25 förfullständigas

104 1328 7 18 i
138 1328 107 20 mellersta
268 1328 95 23 Finland,
391 1328 63 20 borde
481 1335 49 13 man
557 1328 18 26 ej
599 1330 76 17 stanna
700 1328 7 19 i
731 1325 130 21 tvifvelsmäl

105 1356 136 20 hvilkendera
262 1357 127 25 riktningen,
404 1357 191 19 Heinola—Lahtis
611 1357 51 19 eller
677 1356 80 26 Kieppi,
773 1356 87 19 företrä-

105 1385 35 19 det
155 1386 37 18 bör
207 1386 75 25 gifvas.

173 1414 32 19 En
227 1414 158 26 omständighet
408 1414 101 26 förtjenar
531 1415 56 18 ännu
609 1415 30 18 att
660 1412 131 21 framhällas.
820 1412 42 19 För

105 1442 40 20 den
160 1442 103 20 händelse
278 1449 25 13 en
319 1449 16 13 s.
351 1443 20 19 k.
385 1443 267 25 sammanbindningsbana
664 1442 77 20 mellan
752 1441 58 19 Vasa
821 1440 41 20 och
