1053 1731
287 131 281 27 —Petitionsbetänkande
583 131 42 22 N:o
640 130 20 22 2.
795 130 26 20 29

233 190 130 22 kommande
381 189 104 27 landtdag
499 189 118 21 utverkade
631 188 34 28 sig
676 188 129 21 koncession
816 187 36 28 för

235 225 112 27 byggande
365 224 30 27 af
410 223 105 21 bandelen
539 216 63 28 Äbo—
612 212 93 44 Nystad,
724 224 30 19 ett
772 222 80 21 sådant

235 259 84 27 företag
341 258 75 27 måtte,
432 258 33 28 på
486 258 27 27 af
537 257 113 28 Styrelsen
668 258 105 19 närmare
792 256 58 28 före-

234 293 90 27 skrifna
347 293 78 26 vilkor,
444 292 183 22 subventioneras
645 292 49 20 med
715 298 28 14 en
765 298 88 14 summa

235 328 156 21 motsvarande
413 326 63 25 30%
491 327 29 27 af
531 326 271 28 anläggningskostnaden
817 325 37 27 för

237 369 27 14 en
280 362 135 28 smalspårig
431 361 64 21 bana:

180 539 284 28 Sammanbindningsbanor
479 539 90 22 emellan
584 539 80 27 Hangö,
679 531 46 29 Åbo
741 539 39 21 och

341 574 143 27 Björneborgs
497 572 124 29 jernvägar.

161 627 25 21 R.
203 633 18 15 0.
239 627 24 20 A.
279 638 26 4 —
321 626 40 21 N:o
379 626 36 25 18;
431 625 121 22 Bondest.
568 638 28 3 —
612 625 39 21 N:o
668 625 26 21 16
710 625 45 22 och
771 625 34 22 64.

172 707 11 20 I
198 708 31 19 ett
239 706 32 21 till
283 706 156 27 Ridderskapet
450 706 39 21 och
501 706 68 21 Adeln
579 708 55 19 samt
644 708 77 19 tvenne
733 706 33 21 till
776 705 83 22 Bonde-

103 741 88 21 ståndet
206 740 119 21 inlemnade
336 740 210 27 petitionsmemoria!
557 740 123 21 framhälles
691 740 100 21 behofvet
802 739 23 22 af
834 745 26 16 en

103 775 97 27 jernväg,
223 781 51 19 som,
298 775 106 26 utgäende
426 774 47 21 frän
492 774 112 21 Nummela
623 775 78 20 station
720 774 35 21 vid
774 774 86 26 Hangö-

105 810 78 26 banan,
205 809 69 22 skulle
296 809 63 21 skära
383 803 117 27 Äbobanan
519 809 35 21 vid
573 809 120 27 Loimijoki,
714 810 68 20 event.
802 808 58 27 Kyrö

104 844 54 21 eller
174 844 57 21 Aura
251 843 84 26 station,
357 845 55 20 samt
427 843 112 22 fortsättas
554 843 73 22 vidare
642 844 33 21 till
690 843 69 27 nägon
775 843 86 26 lämplig

104 879 76 26 punkt,
203 878 122 27 förslagsvis
349 877 85 27 Kiikka,
457 877 60 22 Riste
536 878 51 21 eller
607 878 103 27 Peipohja
729 878 78 21 station
826 877 35 20 vid

105 912 222 27 Björneborgsbanan.

177 1050 33 21 En
227 1050 92 27 naturlig
335 1049 122 28 utveckling
472 1049 23 22 af
509 1050 48 21 värt
570 1050 138 27 jernvägsnät
717 1049 84 22 fordrar
812 1049 51 21 ovil-

106 1084 105 27 korligen,
227 1086 32 19 att
275 1084 26 21 de
317 1086 59 19 stora
390 1086 67 25 rutor,
468 1084 73 21 hvilka
554 1084 121 21 nuvarande
685 1084 123 21 stambanor
819 1083 44 22 dels

106 1119 66 26 bilda,
193 1119 45 21 dels
257 1119 27 26 pä
300 1121 32 18 tre
347 1119 58 20 sidor
420 1119 99 27 omsluta,
535 1119 72 21 vidare
623 1118 80 21 indelas
717 1118 89 21 medelst
817 1117 45 22 frän

107 1153 110 21 desamma
233 1153 106 27 utgäende
354 1153 127 26 grenbanor.
505 1153 112 21 Utskottet
631 1153 81 26 hoppas
723 1152 83 21 derföre
816 1152 48 21 med

109 1187 116 27 tillförsigt,
242 1189 32 19 att
289 1187 40 21 den
345 1187 31 21 tid
392 1187 18 27 ej
426 1187 55 21 skall
497 1193 51 16 vara
563 1187 99 26 aflägsen,
678 1187 27 21 dä
720 1189 31 19 ett
761 1187 105 26 betydligt

111 1221 58 22 antal
177 1221 82 22 sådana
268 1221 89 29 bibanor
368 1221 53 22 skall
429 1221 86 28 uppstå.
527 1221 106 22 Särskildt
640 1221 75 28 tyckas
724 1221 76 26 många
809 1223 57 19 orter

111 1255 56 22 inom
184 1255 36 21 det
235 1261 28 15 nu
278 1255 163 27 ifrågavarande
456 1256 97 21 området
568 1268 26 3 —
611 1255 127 27 exempelvis
753 1255 113 27 Loimijoki

111 1289 97 27 bördiga,
229 1289 112 22 välodlade
356 1290 39 21 och
411 1291 42 20 tätt
467 1290 116 21 befolkade
598 1289 49 22 ådal
656 1302 28 3 —
695 1289 64 22 hafva
773 1289 43 22 alla
830 1289 36 21 be-

111 1324 103 27 tingelser
232 1323 33 22 för
281 1325 32 20 att
331 1330 76 21 genom
427 1324 48 21 dem
495 1324 81 27 dragna
591 1323 74 27 banor,
681 1324 7 21 i
704 1323 113 28 synnerhet
833 1329 33 15 om

110 1357 29 21 de
153 1358 80 27 byggas
249 1358 55 21 efter
319 1358 65 27 något
400 1358 71 21 enkelt
487 1358 38 21 och
541 1358 70 26 billigt
626 1357 184 27 smalspårsystem
827 1357 39 21 och

109 1392 51 21 med
176 1391 100 22 afseende
291 1392 12 21 å
319 1392 144 26 exploatation
475 1392 82 27 lämpas
568 1392 53 22 efter
632 1392 36 21 det
678 1392 71 22 lokala
759 1390 108 27 behofvet,

110 1426 64 21 skola
188 1426 53 22 bära
259 1426 38 27 sig,
313 1426 28 27 på
359 1432 80 16 samma
459 1427 56 27 gång
530 1427 27 21 de
572 1426 84 22 komme
671 1428 32 20 att
717 1426 28 27 på
761 1427 31 20 ett
807 1425 61 21 verk-

180 1477 181 24 Jernvägsutskottets
374 1478 112 18 betänkande
497 1478 38 18 N:o
547 1478 18 18 2.
