1053 1739
225 153 11 18 2

196 216 69 19 raliskt
284 216 113 19 hänseende
420 216 45 19 vida
486 216 151 25 fördelaktigare
660 218 25 18 än
707 216 34 19 det
763 216 72 25 gatulif
849 216 24 20 de
888 216 63 20 under

195 245 116 19 nuvarande
334 244 137 21 förhållanden
492 245 72 20 frestas
585 247 30 17 att
637 245 47 20 föra.
721 245 70 19 Likväl
813 251 48 14 anse
884 245 19 19 vi
926 251 25 14 en

195 273 63 20 sådan
274 273 206 26 tilläggsbestämning
496 280 46 13 vara
557 273 66 26 nödig,
639 275 29 19 att
683 273 58 21 deras
756 273 96 21 arbetstid
862 273 44 20 icke
919 273 32 20 mä

195 302 113 20 utsträckas
329 302 68 26 längre
411 304 26 18 än
453 302 30 20 till
498 302 85 20 klockan
600 304 11 18 6
627 302 26 26 på
667 303 87 24 aftonen,
769 302 26 26 på
810 302 34 20 det
859 303 44 19 dem
919 302 32 20 må

195 331 81 19 beredas
297 331 28 19 tid
345 332 29 18 att
390 332 72 19 besöka
476 332 25 19 de
516 332 30 19 för
560 331 217 25 handtverkslärlingar
792 331 80 20 afsedda
886 331 65 20 afton-

196 360 98 19 skolorna.

267 388 46 20 Men
337 388 93 20 behofvet
454 390 30 18 att
509 388 130 26 tillgodogöra
663 389 31 25 sig
719 388 64 20 denna
808 388 143 25 undervisning

196 416 105 20 förefinnes
316 417 42 19 icke
373 417 84 20 allenast
472 418 64 19 under
550 417 34 19 det
594 417 101 19 femtonde
705 416 114 25 åldersåret,
832 418 48 18 utan
891 416 57 20 kvar-

195 445 43 19 står
257 445 58 19 äfven
330 445 29 19 för
374 446 54 19 äldre
442 446 100 25 lärlingar,
557 446 76 19 hvilket
649 445 50 20 dock
715 446 38 19 kan
769 445 137 26 omöjliggöras
921 445 30 19 för

195 474 45 19 dem
262 480 31 13 om
313 474 117 25 stadgandet
452 474 6 19 i
474 475 12 19 3
501 480 60 14 mom.
576 474 20 20 af
610 480 28 13 nu
653 474 149 26 ifrågavarande
819 475 9 23 $
845 474 52 25 finge
912 474 38 19 för-

195 502 61 20 blifva
278 502 101 26 gällande;
403 503 37 19 och
462 502 26 20 då
510 503 141 20 sträfvandena
665 503 30 19 för
709 503 124 19 närvarande
848 502 26 25 gå
888 504 24 18 ut
926 502 26 26 på

195 537 25 13 en
244 531 125 25 förkortning
393 532 20 18 af
434 532 127 24 arbetstiden!
577 532 58 19 äfven
657 532 29 19 för
707 532 39 19 den
767 537 68 14 vuxne
850 531 101 19 arbetaren

196 561 52 18 samt
276 560 130 25 arbetsdagen
431 560 31 20 väl
484 561 70 19 endast
576 560 6 20 i
605 560 78 20 alltmer
707 560 99 25 sällsynta
828 559 123 25 undantags-

195 588 35 19 fall
252 588 89 25 vidtager
363 589 40 19 före
425 589 26 19 kl.
475 590 11 19 6
510 589 26 25 på
558 595 114 19 morgonen,
691 594 48 14 anse
758 589 18 19 vi
793 588 86 20 nämnda
894 594 58 14 mom.

195 617 76 19 saklöst
301 617 65 19 kunna
395 624 24 13 ur
447 618 140 25 författningen
615 617 53 26 utgå,
691 618 99 19 hvarefter
811 618 20 18 af
850 623 34 13 oss
903 617 49 19 före-

195 645 71 25 slagna
287 652 59 13 mom,
367 646 63 20 skulle
445 646 99 26 inrymma
558 646 152 25 bestämningen
725 652 32 14 om
772 646 39 20 alla
825 646 7 19 i
847 646 105 19 handtver-

195 673 107 28 kerierna',
312 669 122 36 sysselsatta
449 676 48 18 barn
520 675 36 19 och
574 681 54 19 unga
643 680 97 20 personer
754 674 43 20 från
813 674 37 20 och
864 674 45 20 med
926 674 25 20 14

195 702 32 20 års
242 702 61 20 ålder.

264 737 9 19 I
288 737 88 25 enlighet
390 738 44 19 med
450 738 33 19 det
498 738 82 20 anförda
595 738 47 20 utbe
658 738 19 19 vi
693 744 32 13 oss
742 737 19 20 få
776 737 77 25 föreslå,
868 739 29 17 att
905 737 46 19 Fin-

196 766 58 19 lands
277 766 111 25 Höglofliga
411 766 85 20 Ständer
518 766 26 26 på
564 766 66 26 grund
649 766 20 20 af
686 766 38 20 den
743 766 43 20 dem
803 766 149 20 tillkommande

196 794 127 20 motionsrätt
338 794 32 20 må
385 795 30 19 för
430 796 31 18 sin
476 796 31 19 del
522 797 72 23 antaga
609 795 86 25 följande

402 868 100 29 Förslag
530 868 41 23 till
596 868 155 29 förordning,
777 868 174 23 innehållande

335 897 106 28 ändring
463 898 27 22 af
506 898 11 22 2
521 897 59 27 och
596 898 14 22 3
626 899 139 21 momenten
782 897 8 22 i
807 897 29 22 33
852 899 12 23 8
880 897 9 22 i
904 897 48 22 för-

335 926 137 28 ordningen
495 933 40 16 om
558 927 149 26 näringarne
730 926 27 22 af
776 926 48 22 den
844 926 28 22 31
887 932 64 16 mars

334 955 65 22 1879.

403 1023 50 21 Med
476 1024 95 28 ändring
594 1024 30 25 af
641 1025 30 20 33
688 1024 15 27 $
719 1025 8 20 i
739 1024 164 27 förordningen
919 1031 33 14 om

335 1053 133 26 näringarne
490 1053 31 27 af
539 1053 41 20 den
602 1054 28 19 31
649 1059 58 14 mars
726 1054 57 19 1879
800 1053 77 20 varder
892 1053 61 20 häri-

333 1087 75 21 genom
430 1081 109 27 stadgadt,
562 1084 32 18 att
610 1081 71 21 andra
697 1081 38 21 och
751 1081 68 28 tredje
835 1083 117 19 momenten

334 1109 30 26 af
375 1110 68 27 sagda
458 1111 14 26 $
484 1109 60 22 skola
560 1109 83 22 erhälla
655 1109 105 29 följande
775 1110 90 28 lydelse:

403 1178 77 21 Barn
510 1179 90 20 under
620 1179 117 27 fjorton
764 1179 30 20 är
815 1179 54 27 fär
897 1179 55 21 icke

333 1206 97 21 hållas
456 1207 257 28 tilliyrkesarbete
736 1208 97 27 längre
854 1208 41 20 tid
918 1209 34 20 än

334 1236 59 20 åtta
419 1236 109 21 timmar
553 1243 37 14 om
616 1236 86 27 dagen
729 1236 56 21 med
811 1237 140 26 lämpliga

335 1265 181 27 mellanskoj.

403 1333 85 28 Efter
506 1334 89 27 fylda
614 1334 120 27 fjorton
757 1335 30 20 är
806 1333 48 21 och
873 1334 80 21 intill

334 1362 122 21 aderton
480 1363 46 20 års
548 1363 80 20 ålder
650 1363 40 20 mä
711 1362 175 21 arbetstiden
902 1363 51 27 för

334 1389 67 22 barn
427 1391 47 20 och
500 1398 71 21 unga
590 1399 144 20 personer,
757 1398 54 13 som
834 1393 47 19 äro
904 1398 49 13 an-

333 1419 127 21 stälda
452 1415 20 38 i
492 1419 278 28 handtverksarbete,
796 1420 156 29 förlängas
