1073 1739
212 175 12 19 2
347 174 82 23 Ständ.
446 174 53 22 Pet.
525 170 18 39 —
559 174 170 23 Petitionsbet.
746 174 41 23 N:o
803 174 36 22 34.

210 239 90 29 privata
321 240 85 29 lyceets
428 240 9 22 i
455 240 126 22 Sordavala
600 240 164 29 öfvertagande
784 240 23 22 af
825 242 73 20 staten
913 242 58 19 samt

211 281 36 14 om
263 274 140 30 utvidgande
419 276 25 21 af
458 275 141 22 sistnämnda
613 276 112 21 läroverk.

279 309 237 23 Elementarskolorna
530 310 9 21 i
554 310 142 22 Mariehamn
711 311 43 21 och
769 310 154 22 Kristinestad
937 311 32 19 ut-

210 346 56 26 göra
284 344 45 22 den
351 345 58 21 enda
431 345 130 21 återstoden
584 345 25 21 af
628 345 27 21 de
674 348 85 19 tretton
774 344 139 29 tvåklassiga
928 344 41 21 ele-

210 379 171 26 mentarskolor,
399 380 78 22 hvilka
495 380 115 28 uppstodo
628 380 34 21 till
677 380 58 28 följd
750 380 23 21 af
789 382 55 19 1883
860 381 35 19 års
912 379 57 22 skol-

209 414 186 28 reorganisation,
411 417 32 19 ett
458 414 189 26 sakförhållande,
658 422 49 14 som
716 414 85 29 tydligt
811 414 158 29 ådagalägger,

209 450 33 19 att
265 448 174 30 olämpligheten
463 450 24 21 af
507 450 99 21 nämnda
628 449 110 22 skolform
761 449 113 22 allaredan
893 448 76 22 blifvit

208 482 88 22 insedd.
321 483 12 21 I
349 483 82 29 själfva
446 484 80 23 verket
541 484 42 22 har
598 484 69 22 äfven
683 484 202 22 elementarskolan
899 483 8 21 i
922 484 47 21 Ma-

209 517 103 22 riehamn
331 520 24 20 år
375 521 54 19 1892
448 521 30 27 på
493 519 90 22 enskild
597 519 129 22 bekostnad
741 519 117 29 utvidgats
873 518 51 22 med
940 526 28 14 en

208 552 72 29 tredje
295 552 68 27 klass,
378 554 92 21 hvartill
485 554 73 22 under
574 554 28 21 de
612 556 39 19 två
662 554 100 29 följande
773 555 54 20 åren
837 553 131 29 ytterligare

208 586 75 29 fogats
299 595 29 13 en
342 587 74 29 fjärde
432 588 43 22 och
490 596 28 14 en
529 588 69 22 femte
608 588 68 22 klass.
700 589 65 21 Efter
776 588 38 22 det
825 588 43 22 den
879 588 89 29 privata

208 621 80 22 skolan
311 622 72 22 under
405 625 84 20 tvenne
510 625 25 19 år
554 623 149 22 underhållits
725 626 82 18 nästan
825 623 142 21 uteslutande

207 656 52 22 med
274 657 103 21 enskilda
392 657 80 27 medel,
489 658 71 21 erhöll
576 658 129 22 densamma
715 658 52 21 från
777 658 82 22 hösten
871 660 54 19 1894
936 660 31 19 ett

208 690 67 29 årligt
290 692 137 29 statsanslag
442 692 26 22 af
479 692 80 22 inalles
570 694 64 24 9,000
644 693 65 21 mark
719 692 54 22 eller
783 694 64 24 3,000
857 693 64 21 mark
931 692 36 22 för

207 726 67 22 klass.
304 726 76 22 Sedan
395 727 28 22 de
438 727 89 29 privata
542 728 117 21 klasserna
672 727 99 29 vidtagit
785 728 52 21 med
852 728 36 21 sin
902 728 64 21 verk-

207 761 94 26 samhet,
317 762 40 21 har
376 762 216 22 elementarskolans
608 763 117 26 elevantal,
741 762 88 23 hvilket
845 762 56 22 efter
916 762 50 22 sko-

206 795 49 22 lans
272 796 143 29 ombildning
429 797 52 22 från
495 797 112 22 realskola
622 797 33 22 till
672 797 186 22 elementarskola
873 797 93 29 nedgått

205 830 53 21 med
280 831 97 28 ungefär
398 832 94 25 hälften,
515 832 60 21 varit
596 832 9 21 i
623 832 110 29 stigande,
754 832 126 29 hvarjämte
898 832 67 22 äfven

206 864 135 23 elevantalet
356 866 7 21 i
379 866 156 29 privatskolan
551 867 101 22 befinner
668 867 36 28 sig
715 867 8 21 i
733 867 88 22 tillväxt
833 867 42 22 och
885 875 80 14 sanno-

204 899 43 22 likt
264 900 103 22 kommer
386 903 33 19 att
437 904 29 18 än
481 901 79 22 vidare
576 901 54 22 ökas
645 901 8 22 i
669 909 85 14 samma
769 903 53 20 mån
837 902 128 22 elementar-

206 933 92 24 skolans
314 935 74 22 elever
404 935 94 29 öfvergå
513 935 35 22 till
562 936 284 29 fortsättningsklasserna.

273 969 82 22 Redan
370 969 38 22 det
423 977 32 14 nu
466 970 96 21 anförda
572 970 87 22 utvisar
670 970 170 29 behöfligheten
850 971 24 21 af
883 971 81 28 ifråga-

204 1003 101 22 varande
327 1004 111 22 läroverk.
469 1005 53 21 Men
545 1005 75 22 härtill
638 1005 91 22 komma
747 1005 131 29 ytterligare
893 1007 71 27 några

204 1038 200 29 omständigheter,
427 1039 78 22 hvilka
527 1039 104 29 betingas
654 1040 25 21 af
699 1033 88 29 Ålands
807 1043 95 26 säregna
920 1041 43 21 för-

203 1073 128 22 hållanden.
361 1073 82 22 Denna
461 1074 115 22 landsdels
593 1074 134 29 bristfälliga
742 1075 221 22 kommunikationer

203 1107 52 22 med
278 1107 123 23 fastlandet
419 1109 119 21 förorsaka
552 1111 32 19 att
599 1109 139 22 invånarene
753 1109 8 21 i
776 1109 65 29 fråga
857 1117 36 14 om
907 1110 56 21 bild-

202 1141 179 29 ningsanstalter
401 1146 38 19 äro
456 1145 25 20 så
495 1143 57 28 godt
568 1151 48 14 som
631 1143 145 22 uteslutande
791 1144 124 22 hänvisade
930 1144 34 21 till

203 1176 49 21 sina
268 1184 59 21 egna
342 1185 107 14 resurser.
472 1177 39 22 Ett
526 1177 100 30 verkligt
639 1178 71 21 behof
725 1178 26 22 af
764 1186 29 13 en
808 1186 16 14 s.
835 1179 22 21 k.
873 1179 90 21 mellan-

202 1211 65 21 skola
286 1212 53 21 med
361 1212 112 21 afslutade
495 1213 87 26 kurser,
598 1212 123 22 förefinnes
740 1213 87 22 således
842 1213 8 21 i
865 1213 98 22 nämnda

202 1245 111 26 landsdel,
329 1247 43 21 och
387 1247 62 21 detta
463 1247 72 21 behof
548 1255 69 20 synes
632 1247 130 29 lämpligast
771 1248 78 21 kunna
859 1247 103 29 tillgodo-

202 1287 35 14 ses
256 1288 83 21 genom
362 1281 45 22 den
428 1281 140 29 tväklassiga
586 1281 215 22 elementarskolans
819 1282 143 22 ombildande

201 1314 33 21 till
254 1323 29 14 en
302 1315 133 29 femklassig
453 1316 167 29 borgareskola,
635 1317 8 20 i
659 1317 94 22 hvilken
769 1317 69 21 ocksä
852 1317 110 22 bereddes

201 1349 59 28 plats
276 1350 36 22 för
327 1350 104 29 kvinliga
445 1351 80 22 elever.

270 1385 46 21 Det
333 1385 42 22 bör
397 1385 135 29 visserligen
555 1387 111 21 erkännas
689 1389 33 19 att
741 1386 118 29 Styrelsen
875 1387 86 28 ganska

200 1420 103 28 rundligt
326 1420 135 22 understödt
483 1422 81 21 skolan
585 1422 9 21 i
616 1422 149 26 Mariehamn,
787 1422 94 21 hvilken
899 1422 8 21 i
927 1422 34 21 sin

199 1455 77 21 helhet
292 1455 86 29 ärligen
393 1456 78 22 kostar
487 1458 74 20 staten
576 1458 79 24 20,300
670 1457 71 25 mark,
758 1464 53 14 men
821 1456 28 22 dä
860 1456 19 28 ej
891 1458 70 26 nägra

199 1489 76 22 alltför
292 1490 131 29 betydande
446 1491 96 21 tillskott
560 1492 65 21 torde
645 1492 116 21 erfordras
781 1491 35 21 för
833 1492 43 20 den
891 1498 70 14 nuva-
