1075 1736
304 174 260 23 Motionsbetänkande
580 175 43 22 N:o
639 174 23 23 9.
847 176 12 20 3

100 239 160 32 vederbörligt
277 239 112 24 tillstånd
408 239 43 23 och
469 239 52 24 icke
539 239 81 24 hållas
632 239 40 24 till
682 240 79 23 arbete
773 240 85 31 längre

100 273 34 23 tid
154 276 30 21 än
204 274 14 23 6
237 274 97 23 timmar
353 281 37 16 om
409 274 85 31 dagen;
514 276 35 21 att
566 281 113 24 personer
697 274 76 23 under
787 274 31 23 18
831 275 26 22 år

100 307 52 24 icke
170 307 65 32 finge
248 307 124 24 användas
386 307 40 24 till
435 308 133 23 nattarbete
578 310 59 21 utan
648 307 81 31 dylikt
738 308 119 30 tillstånd;

101 344 63 21 samt
191 345 35 20 att
252 341 158 32 yrkesidkare
435 342 68 31 ålåge
528 342 138 31 öfvervaka,
684 342 74 24 bland
777 344 82 29 annat,

101 378 35 21 att
154 376 62 24 hans
230 377 113 30 arbetare,
356 376 104 24 särdeles
473 377 27 23 de
512 377 166 31 minderårige,
688 377 89 24 erhölle
787 377 72 31 nödig

100 411 178 32 undervisning
304 411 43 23 och
374 411 75 31 flitigt
477 411 93 24 besökte
599 411 174 32 söndagsskola
800 411 59 24 eller

101 453 82 16 annan
207 445 36 24 för
264 445 151 32 näringarna
434 445 82 24 afsedd
534 445 151 24 läroanstalt.

170 479 213 32 Hufvudsakligen
397 480 126 24 enahanda
534 480 182 31 bestämningar
726 480 131 24 återfinnas

100 514 9 23 1
127 514 169 31 förordningen
316 521 36 16 om
371 514 150 32 näringarna
540 515 24 23 af
585 515 44 23 den
651 515 31 24 31
703 523 64 16 mars
785 515 72 24 1879.

100 548 76 24 Jemte
200 549 38 23 det
258 549 78 23 denna
354 549 140 31 förordning
512 549 132 24 bibehåller
662 549 141 31 stadgandet
821 557 38 16 om

101 582 169 31 yrkesidkares
296 582 139 32 skyldighet
460 586 35 20 att
515 583 64 31 sörja
597 583 37 24 för
652 583 27 23 de
698 583 159 32 minderårige

102 617 150 24 arbetarenes
271 617 126 32 skolgång,
408 617 157 24 föreskrifves
577 618 37 23 uti
626 618 183 32 förordningens
825 625 34 16 nu

101 651 186 32 ifrågavarande

445 716 14 28 $
479 715 40 24 33.

174 782 77 25 «Barn
274 783 75 24 under
367 783 44 24 tolf
430 784 27 23 år
475 784 38 23 får
531 783 53 25 icke
602 786 102 29 antagas
723 784 40 24 till
781 784 78 24 arbete

102 818 7 22 i
137 817 81 24 fabrik
245 817 58 24 eller
329 818 143 30 handtverk,
493 818 41 24 der
554 818 20 31 ej
595 818 53 24 dess
667 818 121 24 målsman
807 818 52 24 med

102 852 66 23 bevis
191 852 25 23 af
240 854 78 21 ortens
342 852 84 23 läkare
449 852 102 31 styrker,
575 854 35 22 att
628 853 86 23 sådant
732 852 49 24 kan
799 854 60 22 utan

102 893 54 16 men
174 886 37 23 för
229 886 83 24 barnet
330 886 101 24 tillåtas.

170 920 67 24 Barn
254 921 75 23 under
347 920 90 24 femton
456 922 27 22 år
501 921 37 24 får
556 921 54 24 icke
625 921 81 24 hållas
721 921 39 24 till
772 921 85 31 yrkes-

102 955 79 23 arbete
207 955 84 32 längre
318 955 35 24 tid
381 957 31 21 än
440 957 50 22 åtta
517 955 97 24 timmar
641 963 37 16 om
705 956 77 31 dagen
805 955 52 24 med

101 989 118 32 lämpliga
237 989 150 24 mellanskof.

170 1023 59 31 Den,
253 1031 50 16 som
322 1024 18 31 ej
361 1024 58 30 fyllt
439 1025 96 23 aderton
554 1025 33 30 år,
606 1024 38 24 får
662 1024 52 24 icke
733 1024 124 24 användas

101 1057 40 24 till
160 1058 78 23 arbete
256 1058 90 23 mellan
365 1058 104 25 klockan
489 1059 14 24 9
523 1066 36 16 om
578 1059 97 24 aftonen
694 1059 42 23 och
754 1058 105 24 klockan

102 1092 14 23 5
135 1093 31 30 på
184 1100 128 24 morgonen
330 1095 61 21 utan
405 1093 53 24 dess
469 1093 133 24 målsmans
612 1093 113 24 tillstånd
735 1093 42 24 och
787 1093 71 32 intyg

102 1126 24 23 af
154 1130 78 20 ortens
256 1127 90 30 läkare,
365 1129 35 22 att
419 1128 86 23 sådant
523 1127 49 24 kan
591 1127 42 24 ske
650 1129 60 22 utan
729 1127 76 24 skada
822 1127 36 24 för

101 1160 137 24 arbetarens
257 1161 74 31 helsa,
350 1161 8 23 i
377 1162 96 24 hvilket
491 1162 109 24 afseende
619 1162 76 23 sådan
710 1161 149 32 minderårig

101 1195 160 24 nattarbetare
281 1196 45 29 bör,
345 1196 74 23 minst
438 1204 29 15 en
485 1198 65 29 gång
568 1204 37 15 om
624 1198 57 28 året,
696 1196 161 23 underkastas

100 1229 247 32 läkarebesigtning».

169 1263 139 24 Emellertid
327 1267 27 20 är
372 1272 101 16 numera
485 1272 85 24 genom
583 1265 171 32 förordningen
767 1265 45 23 den
826 1265 31 24 15

101 1297 64 32 april
185 1298 65 24 1889
270 1299 122 31 angående
406 1299 78 30 skydd
494 1299 36 24 för
540 1300 107 23 arbetare
657 1299 9 23 i
676 1299 27 24 de
714 1299 144 24 industriela

100 1332 100 31 yrkena,
226 1333 52 23 med
306 1333 103 32 ändring
431 1333 9 24 i
458 1333 68 24 vissa
546 1334 67 23 delar
636 1333 30 31 af,
685 1333 73 24 bland
776 1333 82 31 andra,

102 1367 14 29 $
136 1367 32 24 33
186 1367 9 23 i
215 1367 65 24 1879
299 1369 39 22 års
357 1367 142 32 förordning
517 1375 36 16 om
570 1368 155 32 näringarne,
741 1367 118 32 stadgadt,

101 1403 35 21 att
155 1401 60 24 barn
233 1401 76 24 under
329 1401 31 24 12
380 1403 27 22 år
425 1402 9 23 i
453 1403 74 31 ingen
544 1402 115 24 händelse
677 1402 38 24 får
733 1401 124 25 användas

100 1435 40 23 till
164 1435 78 24 arbete
264 1435 9 23 i
291 1435 88 31 fabrik,
397 1436 136 24 handtverk
551 1437 59 23 eller
628 1444 82 16 annan
729 1436 129 24 industriel

100 1469 154 32 handtering;
274 1472 35 21 att
326 1470 149 32 minderårig
503 1471 105 23 arbetare
621 1471 9 23 i
642 1470 127 32 bergvärk,
790 1470 69 31 bruk,

170 1520 49 22 Lag-
232 1520 32 17 och
276 1519 185 19 Ekonomiutskottets
473 1520 110 18 betänkande
595 1522 37 16 N:o
646 1521 16 17 9.
