1073 1734
192 228 57 19 ledes
265 228 112 20 detsamma
393 235 43 13 mer
452 232 26 16 än
494 229 34 19 väl
545 229 80 25 uppbär
639 236 25 12 en
673 229 163 26 järnvägstrafik
847 230 27 25 på
884 232 64 17 orten.

192 258 128 25 Geologerna
344 258 94 20 försäkra
463 266 33 12 oss
517 261 31 17 att
564 258 61 20 dessa
641 266 76 13 samma
733 259 97 19 berömda
845 260 53 25 bärg
913 260 35 19 vid

192 287 123 23 Gellivaara,
332 288 22 20 af
367 288 71 20 hvilka
454 289 78 25 Sverge
548 288 75 26 drager
639 290 22 18 så
677 293 44 16 stor
731 289 67 26 profit,
809 289 36 19 vid
856 289 91 20 Muonio-

192 317 60 20 niska
275 318 69 25 skjuta
364 318 22 20 in
406 319 26 25 på
454 318 64 20 finskt
534 318 83 20 område
632 319 37 19 och
685 319 71 20 förena
771 319 33 25 sig
819 319 46 19 med
880 319 68 26 Lapp-

192 347 60 20 lands
267 347 49 26 fjäll.

264 377 32 19 Då
312 378 34 19 det
362 381 23 16 är
401 378 62 26 högst
474 378 101 26 antagligt
587 381 30 17 att
628 379 120 25 Lapplands
759 378 125 26 fjälltrakter
893 379 57 19 inom

192 408 32 24 sig
247 410 80 22 gömma
342 408 80 20 skatter
438 408 31 20 för
485 410 46 18 vårt
547 408 74 25 fattiga
636 408 49 20 land
701 409 38 19 och
755 408 26 20 då
797 408 35 20 det
848 408 100 25 därjämte

192 440 22 16 är
238 437 61 25 högst
321 437 71 26 troligt
416 440 30 17 att
462 445 73 18 genom
551 438 179 25 undersökningar
746 437 23 20 af
782 438 108 26 desamma,
906 438 40 20 till-

191 467 75 19 komna
281 468 27 25 på
322 467 69 26 privat
406 467 96 25 initiativ,
518 467 32 20 för
566 475 25 12 en
606 468 49 25 lång
671 468 30 19 tid
716 468 74 20 framåt
806 468 81 20 klarhet
902 468 45 20 icke

191 497 41 19 kan
248 497 74 20 vinnas
338 497 53 20 huru
406 497 85 20 härmed
507 498 7 19 i
529 498 144 25 värkligheten
689 498 97 20 förhåller
802 498 38 25 sig,
857 499 23 19 så
895 505 50 13 vore

192 526 34 20 det
250 527 91 26 önskligt
360 529 30 18 att
406 528 128 19 statsvärket
550 529 12 18 &
578 528 31 19 sin
626 528 45 19 sida
688 528 67 19 skulle
772 527 84 26 vidtaga
872 528 74 25 åtgärd

192 563 31 13 om
244 557 129 20 anställande
390 557 22 20 af
425 557 120 26 geologiska
561 558 179 25 undersökningar
756 557 23 20 af
792 558 155 25 Lappmarkens

191 587 71 26 härad,
279 587 45 19 med
340 587 134 26 iakttagande
490 587 7 20 i
513 587 96 20 afseende
625 589 12 18 &
653 587 293 26 undersökningskommissio-

191 623 75 13 nernas
282 617 186 26 sammansättning
483 620 30 17 att
528 618 33 19 till
571 618 184 19 kommissionerna
766 617 67 20 skulle
843 617 7 20 i
860 619 87 18 främsta

191 649 87 17 rummet
293 647 88 20 inkallas
397 647 46 20 med
460 647 198 20 ortsförhållandena
674 647 113 26 förtrogna,
798 647 32 20 för
840 647 106 26 geologisk

190 675 110 27 forskning
316 677 130 20 nitälskande
462 684 103 19 personer.

250 707 31 18 På
296 707 69 24 grund
381 707 23 19 af
417 707 36 20 det
468 707 86 20 anförda
570 709 65 24 vågar
651 707 34 26 jag
700 707 106 20 vördsamt
822 707 82 20 anhålla
914 714 32 13 om

191 735 135 21 Hedervärda
347 737 166 20 Bondeståndets
534 737 126 20 medvärkan
676 737 31 20 till
724 744 25 13 en
766 737 129 25 underdånig
911 743 35 20 pe-

192 765 58 20 tition
267 765 6 20 i
290 766 53 25 syfte

478 822 29 18 att
530 821 107 24 geologiska
661 820 168 25 undersökningar
842 819 40 27 för
897 827 47 18 upp-

407 849 75 21 letande
506 851 24 23 af
551 851 133 23 värdefullare
699 851 83 19 malmer
797 850 31 20 uti
842 849 103 27 fjälltrak-

406 882 56 18 terna
484 881 8 18 i
515 881 150 25 Lappmarkens
688 880 64 20 härad
773 880 58 20 måtte
844 880 29 25 pä
888 882 56 18 stats-

406 910 78 20 värkets
500 910 102 20 bekostnad
613 910 141 24 föranstaltas.

251 975 135 29 Helsingfors,
403 976 38 19 den
460 976 12 19 8
489 976 99 19 Februari
607 976 62 20 1897.

638 1054 45 26 Yrjö
701 1054 98 21 Halonen.

302 1491 110 18 Helsingfors,
421 1491 102 18 Osakeyhtiö
534 1492 60 14 Weilin
605 1492 12 13 &
627 1491 44 15 Göös
681 1491 106 18 Aktiebolag,
797 1491 39 14 1897.
