1073 1739
204 183 14 20 4
388 183 282 22 Petitionsbetänkande
686 183 43 22 N:o
745 183 37 22 13.

204 246 175 21 svensk—finsk
400 247 144 26 förteckning
567 247 63 21 öfver
649 247 108 26 vanligen
776 246 190 21 förekommande

204 280 85 21 kurial-
304 281 44 21 och
367 281 119 27 lagtermer
501 281 8 21 i
524 281 67 28 tryck
606 281 81 27 utgafs.
719 281 89 21 Genom
825 281 69 27 nädig
909 281 58 21 kun-

204 315 87 27 görelse
307 315 25 21 af
344 315 44 21 den
410 316 6 20 7
434 316 126 20 December
576 316 55 20 1868
646 316 49 20 blef
707 316 121 21 dessutom
844 322 28 14 en
888 315 7 21 i
912 316 54 20 1865

205 349 37 21 års
257 349 135 27 förordning
406 349 112 27 ingående
534 350 148 26 bestämning
697 350 90 26 därom,
800 352 33 18 att
844 350 34 20 till
891 349 75 21 finska

204 383 162 27 församlingar
386 384 110 26 afgående
515 384 150 26 kungörelser
680 384 71 21 borde
768 384 98 26 utgifvas
882 384 7 20 i
905 383 61 21 finsk

204 417 172 28 öfversättning,
394 418 112 21 utsträckt
528 418 34 21 till
582 418 45 21 alla
647 418 72 27 öfriga
735 418 164 27 expeditioner,
916 424 49 14 som

205 452 109 26 antingen
329 452 25 21 af
367 452 154 27 ämbetsvärk,
537 452 42 22 där
595 453 76 21 finska
683 452 151 21 translatorer
845 453 40 20 äro
898 452 14 20 å
922 454 45 18 stat

205 486 112 27 anstälda,
336 487 54 21 eller
405 486 25 22 af
446 487 98 21 ämbets-
559 487 44 21 och
619 487 147 27 tjänstemän,
783 486 80 21 hvilka
879 486 87 27 åtnjuta

205 520 183 28 skrifvarehjälp,
404 521 102 21 utfärdas
522 521 34 21 till
572 521 235 27 kommunalstyrelse
823 520 7 21 i
846 520 120 27 kommun,

205 555 70 21 hvars
290 555 134 27 befolkning
442 556 109 26 antingen
568 556 37 20 hel
621 556 45 20 och
682 556 78 20 hållen
777 555 55 21 eller
846 555 34 21 till
895 556 71 20 större

205 588 67 22 delen
287 589 58 21 blott
360 596 40 14 var
416 590 76 20 finska
508 590 93 27 språket
617 590 93 26 mäktig.

275 623 45 21 Om
350 630 54 14 man
433 624 88 21 fränser
548 624 85 27 nådiga
658 624 166 26 förordningen
849 623 117 27 angående

205 657 114 27 examina,
342 658 79 20 hvilka
444 658 114 21 erfordras
584 658 35 21 för
643 658 125 21 befordran
791 658 35 20 till
845 657 120 28 juridiska,

205 692 118 20 kamerala
341 692 44 21 och
401 692 184 22 administrativa
601 693 106 21 ämbeten
724 693 45 21 och
784 692 95 28 tjänster
894 692 7 20 i
915 692 51 20 Fin-

205 726 62 26 land,
287 726 75 27 gifven
385 726 44 22 den
452 728 28 19 30
502 727 45 27 Maj
573 728 62 26 1871,
656 728 44 20 och
719 727 95 21 hvilken
833 726 133 26 förordning

202 760 89 27 jämväl
309 760 128 22 innehåller
452 761 173 27 bestämningar
640 768 39 14 om
695 761 55 27 prof
763 761 44 21 och
823 761 64 27 intyg
902 760 7 20 i
925 760 41 21 fin-

205 794 42 21 ska
263 795 44 20 och
323 795 98 21 svenska
437 795 106 27 språken,
555 796 105 26 vidtogos
671 796 99 20 därefter
780 795 51 21 icke
841 796 71 26 några
922 795 44 26 lag-

205 828 221 28 stiftningsåtgärder
447 829 6 21 i
472 831 79 19 ämnet
569 830 47 20 förr
635 831 30 19 än
681 836 84 20 genom
782 830 83 26 nådiga
881 829 85 21 förord-

204 863 86 27 ningen
312 864 25 20 af
357 864 44 21 den
423 864 13 21 9
457 864 45 27 Maj
521 865 60 20 1881.
606 864 9 21 I
631 864 76 21 denna
723 864 137 27 förordning
874 864 91 26 stadgas

205 897 79 21 såsom
305 899 65 26 regel,
390 901 32 18 att
444 899 50 20 från
514 899 44 20 och
578 899 52 20 med
647 899 25 20 år
689 899 55 20 1882
761 898 137 28 expedition,
914 905 51 14 som

204 931 51 21 från
272 932 147 21 ämbetsvärk
434 933 54 20 eller
503 933 25 20 af
541 933 139 27 tjänsteman
690 933 34 20 till
736 933 110 26 sakegare
856 932 109 27 utfärdas,

205 965 43 22 bör
263 967 90 20 affattas
369 967 30 27 på
414 967 38 20 det
468 967 76 27 språk,
561 967 116 21 svenskan
693 967 55 21 eller
763 967 100 26 finskan,
879 966 87 21 hvilket

204 999 26 21 af
248 1000 52 27 den,
324 1007 50 15 som
398 1001 43 21 hos
464 1001 170 21 ämbetsvärket
648 1001 59 27 gjort
728 1001 96 20 ärendet
842 1000 125 27 anhängigt

205 1034 55 21 eller
275 1035 43 20 hos
333 1035 185 27 tjänstemannen
535 1035 67 21 äskat
615 1035 169 28 expeditionen,
798 1035 81 20 därvid
892 1034 74 21 skrift-

205 1068 60 27 ligen
286 1069 54 20 eller
358 1069 127 27 muntligen
504 1070 130 26 begagnats.
667 1069 122 21 Likaledes
810 1069 72 21 borde
897 1069 70 21 offici-

205 1102 44 21 ella
272 1103 90 20 skrifter
382 1104 44 20 och
443 1103 168 21 meddelanden
627 1103 34 21 till
677 1103 116 21 kommun
809 1103 64 21 inom
889 1103 78 20 landet

205 1137 91 21 affattas
316 1137 31 28 pä
366 1137 37 21 det
421 1138 25 20 af
462 1137 152 22 förenämnda
630 1138 76 27 spräk,
723 1137 91 28 hvarpä
829 1137 138 27 protokollet

204 1170 39 21 vid
260 1171 156 22 kommunens
435 1172 116 27 offentliga
567 1172 175 27 förhandlingar
757 1172 67 26 föres,
841 1173 59 19 samt
915 1177 52 15 ena-

204 1205 80 21 handa
306 1205 96 27 skrifter,
425 1213 50 14 som
499 1206 103 21 utfärdas
625 1207 35 20 för
685 1206 152 21 afkunnande
860 1205 7 21 i
886 1205 80 28 kyrka,

205 1245 55 14 vara
283 1242 108 25 uppsatta
415 1240 29 27 pä
468 1241 53 20 eller
543 1241 123 20 öfversatta
681 1241 34 20 till
731 1240 40 21 det
786 1240 76 27 spräk,
878 1239 89 28 hvarpä

205 1273 45 21 den
270 1274 116 27 offentliga
406 1274 157 28 gudstjänsten
579 1275 8 20 i
603 1275 165 26 församlingen
785 1274 112 26 förrättas,
913 1280 54 15 men

205 1307 81 22 aflätas
309 1308 30 27 pä
358 1308 59 21 bäde
440 1309 99 20 svenska
560 1309 44 21 och
625 1309 76 21 finska
717 1309 35 20 till
768 1308 141 27 församling,
925 1308 42 21 där

205 1342 88 21 allmän
313 1342 129 27 gudstjänst
464 1343 30 27 pä
517 1343 122 21 hvartdera
663 1343 94 28 spräket
779 1344 92 19 ömsom
887 1343 78 20 hälles.

205 1376 62 21 Frän
290 1377 67 21 dessa
378 1377 172 27 bestämningar
565 1377 131 27 undantogs
712 1377 73 21 likväl
797 1377 123 27 Kejserliga
931 1377 36 20 Se-

205 1413 77 24 naten,
306 1418 51 14 som
377 1411 7 20 i
404 1411 79 27 hvarje
502 1411 108 21 särskildt
626 1412 39 20 fall
681 1411 56 27 egde
753 1411 130 21 bestämma
899 1411 68 26 angä-

204 1445 59 21 ende
280 1445 92 27 spräket
386 1445 6 21 i
409 1445 101 22 därifrän
533 1445 113 28 utgäende
662 1445 164 29 expeditioner,
843 1447 60 19 samt
918 1445 49 22 hof-

204 1480 108 26 rätterna,
328 1480 263 27 öfverkrigsdomstolen,
606 1480 151 26 underrätter,
769 1480 143 26 magistrater
922 1481 44 21 och
