1056 1734
287 140 272 22 Petitionsbetänkande
574 141 41 22 N:o
631 141 21 21 2.
791 141 26 21 67

300 200 31 18 att
357 198 9 20 i
388 197 103 21 händelse
517 198 77 20 staden
618 198 133 25 Brahestad,
777 198 71 26 nägon

230 231 86 21 enskild
328 239 81 20 person
426 232 53 21 eller
494 235 28 18 ett
538 232 63 28 bolag
617 232 95 20 erhäller
724 232 124 21 koncession

230 266 36 27 för
291 266 110 28 byggande
425 267 28 27 af
471 274 26 14 en
523 266 134 28 smalspärig
679 267 95 27 jernväg
796 266 53 28 frän

230 300 76 28 Lappi
320 301 81 20 station
420 301 35 20 till
470 301 125 21 Brahestad
610 301 38 21 och
663 301 48 21 dess
726 301 72 24 hamn,
821 302 28 18 ett

230 334 80 21 sädant
332 335 85 27 företag
440 336 65 20 mätte
528 343 27 13 ur
578 336 25 20 de
627 335 27 27 af
672 335 124 21 Ständerna
814 334 35 28 för

230 369 87 21 sådana
343 370 108 21 ändamål
475 370 108 28 anslagna
610 370 68 20 medel
700 370 149 20 subventione-

230 410 38 13 ras
278 404 48 20 med
340 405 96 26 300,000
452 404 69 21 mark.

603 455 56 22 Edv.
676 455 105 22 Avellan.

161 607 164 26 (Öfversättning.)

451 647 39 20 It.

162 709 136 22 Hänvisande
323 709 31 21 till
378 709 27 21 de
427 709 88 28 åsigter,
532 711 36 26 jag
586 711 7 20 i
612 710 153 21 ofvanstående
783 715 66 16 reser-

94 745 70 20 vation
180 744 122 26 framhållit,
319 744 37 21 har
367 744 36 27 jag
417 746 71 19 ansett
499 745 42 26 mig
553 745 52 20 böra
617 751 110 14 reservera
736 745 43 26 mig
789 744 60 21 äfven

95 782 43 18 mot
156 779 40 21 den
216 779 33 20 del
268 779 24 20 af
310 779 151 26 betänkandet,
478 785 44 15 som
539 779 76 21 hänför
630 779 32 27 sig
678 779 31 21 till
726 779 74 26 frågan
816 785 33 14 om

94 820 25 14 en
135 813 78 21 bibana
227 813 47 21 från
290 813 90 27 Kovjoki
396 814 80 20 station
493 814 40 21 tilll
548 813 130 28 Nykarleby,
693 813 86 22 hvilken
794 813 56 21 bana

94 848 114 22 beräknats
227 848 85 21 komma
330 849 32 20 att
381 848 64 22 kosta
464 849 93 26 239,040
576 848 61 22 mark
657 848 38 22 och
713 848 34 21 för
765 847 84 21 hvilken

94 883 110 21 Utskottet
219 883 110 26 föreslagit
344 889 26 15 en
386 883 129 21 subvention
531 883 23 21 af
569 884 92 25 150,000
676 882 67 27 mark,
763 882 38 22 och
812 882 39 21 ber

92 918 36 26 jag
144 919 31 19 att
190 917 32 21 för
238 917 42 21 min
297 917 34 21 del
346 917 22 21 få
383 917 110 21 vördsamt
508 917 89 22 föreslå:

299 983 32 19 att
354 981 129 21 Ständerna
503 981 52 21 ville
575 981 156 27 udnerdånigst
751 980 100 25 anhålla,

232 1018 32 18 att
274 1016 36 27 för
320 1016 42 20 den
373 1016 105 20 händelse
489 1016 70 20 innan
571 1015 200 21 nästinstundande
779 1014 72 21 landt-

232 1050 42 28 dag
294 1050 28 27 af
337 1049 129 29 Nykarleby
487 1050 50 21 stad
555 1050 54 21 eller
628 1050 94 20 enskildt
739 1050 62 27 bolag
816 1051 35 19 ut-

232 1084 77 21 verkas
324 1084 127 21 koncession
469 1085 13 20 ä
498 1084 112 28 byggande
626 1085 25 27 af
666 1092 25 13 en
707 1084 80 21 bibana
799 1084 53 27 från

232 1119 96 27 Kovjoki
347 1119 82 21 station
448 1120 39 20 vid
509 1119 119 27 Uleåborgs
643 1120 94 26 jernväg
756 1118 35 20 till
806 1118 45 28 Ny-

232 1154 90 27 karleby
341 1154 50 20 stad
411 1154 39 20 och
471 1154 48 20 dess
537 1154 73 24 hamn,
630 1156 28 18 ett
673 1154 80 20 sådant
768 1153 84 27 företag

232 1189 65 20 måtte
314 1188 32 28 på
365 1188 79 25 vilkor,
465 1196 45 13 som
526 1188 65 21 Hans
606 1188 127 28 Kejserliga
749 1188 104 27 Majestät

232 1223 94 27 behagar
342 1223 123 27 fastställa,
481 1230 28 14 ur
524 1223 25 21 de
561 1223 28 27 af
597 1222 124 21 Ständerna
733 1223 35 27 för
781 1222 71 20 ända-

232 1258 64 20 målet
316 1257 103 27 beslagna
439 1258 70 20 medel
524 1257 91 27 beviljas
631 1264 25 14 en
672 1256 180 22 statssubvention

232 1292 24 27 af
272 1292 94 23 100,000
382 1291 70 20 mark.

603 1348 57 23 Edv.
676 1348 107 22 Avellan.

162 1487 179 22 Jernvägsutskottets
354 1486 113 18 betänkande
480 1486 37 17 N:o
529 1487 17 16 2.
