1073 1720
116 197 162 26 (Öfversättning.)

336 255 312 28 Petitionsmemorial.

225 316 115 35 Prestest.
681 320 43 22 N:o
739 321 22 21 4.

264 661 53 19 Till
333 661 172 26 Högvördiga
520 661 208 20 Presteständet.

189 739 11 19 I
223 739 121 25 åtnjutande
369 739 23 20 af
404 739 101 20 Finlands
520 739 100 20 Ständers
635 739 39 20 och
689 738 116 26 Regerings
821 745 49 18 upp-

119 769 55 25 lystä
190 769 126 20 omvårdnad
332 769 38 20 har
385 769 90 20 Karelen
491 770 27 25 pä
533 771 82 18 senaste
630 769 54 19 tider
699 768 68 25 börjat
782 775 46 13 resa
840 768 32 25 sig

119 799 46 19 frän
182 799 35 19 det
233 799 131 20 ekonomiska
380 799 104 25 lägervall,
500 799 59 20 hvari
575 799 58 20 forna
645 799 65 19 tiders
721 798 91 25 misstag,
824 797 47 20 dess

120 829 101 19 isolerade
236 829 52 25 läge,
304 831 52 17 samt
372 829 126 20 afsaknaden
514 829 23 20 af
555 829 106 20 väckande
685 828 90 26 exempel
798 827 74 20 försatt

121 858 57 20 detta
201 859 106 25 landskap.
338 859 73 19 Denna
434 859 89 25 sympati
539 859 37 19 har
591 858 84 26 ingifvit
690 858 47 20 dess
753 857 119 25 befolkning

120 888 118 20 förtroehde
253 891 53 17 samt
327 888 37 20 hos
380 888 39 20 den
436 888 117 20 framkallat
568 890 30 18 ett
613 888 94 20 lefvande
730 888 88 19 intresse
841 886 31 20 för

121 921 31 16 att
174 918 83 25 deltaga
279 918 7 19 i
309 918 79 20 arbetet
411 918 31 20 för
466 918 35 20 det
516 925 149 19 gemensamma
681 917 144 21 fosterlandets
840 919 31 17 ut-

121 948 102 25 veckling.

191 978 48 19 Men
254 977 36 20 det
305 978 85 19 oaktadt
406 981 22 16 är
444 978 124 26 landskapet
583 978 89 19 Karelen
689 980 54 17 ännu
754 977 8 19 i
772 976 100 20 afsaknad

121 1007 23 19 af
164 1008 74 25 många
261 1007 31 20 för
315 1007 48 20 dess
384 1007 105 20 förkofran
504 1007 132 26 nödvändiga
651 1007 144 25 inrättningar.
826 1006 45 20 Den

120 1040 42 17 mot
185 1037 85 25 Ladoga
292 1037 98 20 vettande
412 1037 129 20 vidsträckta
557 1038 58 19 delen
631 1037 23 19 af
667 1033 62 24 Östra
743 1036 91 20 Karelen
850 1038 23 17 är

120 1067 8 19 i
155 1067 50 19 total
230 1067 102 19 afsaknad
357 1067 23 20 af
403 1074 25 13 en
458 1067 125 25 fullständig
607 1067 102 25 gosskola,
739 1066 73 20 afsedd
842 1065 31 20 för

120 1097 65 27 högre
206 1096 147 26 skolbildning.
384 1097 106 26 Lyceerna
505 1097 7 19 i
527 1097 99 24 Joensuu,
642 1096 84 26 Nyslott
741 1096 38 20 och
794 1095 80 25 Viborg

122 1130 35 16 äro
182 1126 68 20 alltför
268 1126 86 26 aflägset
369 1127 88 25 belägna
472 1126 31 20 för
518 1130 32 16 att
565 1127 26 19 de
607 1126 66 20 skulle
688 1126 71 20 kunna
774 1125 98 20 tillfreds-

122 1156 61 20 ställa
198 1156 57 20 detta
270 1156 172 26 bildningsbehof.
470 1157 63 19 Rätta
549 1157 81 25 platsen
645 1156 32 20 för
692 1159 30 17 ett
737 1156 74 20 sädant
821 1155 52 19 läro-

121 1186 52 19 verk
196 1193 49 13 vore
268 1186 153 26 otvifvelaktigt
444 1186 112 20 Sordavala
581 1186 52 25 stad,
657 1193 42 12 som
722 1188 62 23 utgör
807 1185 67 19 denna

121 1215 106 20 landsdels
243 1216 132 19 ekonomiska
392 1216 37 19 och
445 1216 85 25 andliga
545 1219 98 17 centrum.

192 1245 26 20 Sä
241 1245 45 20 vidt
310 1245 47 20 dess
372 1246 80 19 krafter
468 1246 108 25 medgifvit
591 1246 37 19 har
644 1245 61 20 äfven
721 1245 34 20 det
770 1245 44 19 lilla
829 1244 45 19 Sor-

122 1275 75 19 davala
212 1275 7 19 i
235 1275 57 19 dotta
307 1275 96 20 afseende
419 1276 47 19 sökt
482 1275 63 20 häfda
565 1275 31 20 sin
620 1275 104 25 ställning.
755 1274 48 20 Med
819 1276 55 17 stora

120 1304 144 26 uppoffringar
287 1305 38 19 har
348 1305 73 20 staden
443 1304 63 21 redan
522 1305 7 19 i
544 1304 49 20 flere
609 1306 34 19 års
659 1304 31 20 tid
705 1303 125 21 underhållit
846 1305 30 17 ett

121 1334 122 26 visserligen
269 1334 23 20 af
315 1337 69 17 staten
410 1335 183 19 subventioneradt
617 1334 156 26 privatlyceum,
795 1332 80 20 hvilket

122 1370 86 14 numera
223 1364 106 20 utvecklat
344 1365 33 25 sig
392 1365 31 19 till
434 1364 133 26 femklassigt.
593 1364 74 20 Denna
677 1364 58 20 skola
745 1364 38 20 har
794 1362 82 20 erhällit

121 1393 46 21 sina
191 1394 67 20 elever
281 1394 47 20 frän
352 1397 30 17 ett
405 1394 88 25 omräde,
511 1394 86 20 hvartill
612 1394 51 20 höra
678 1393 119 25 Sordavala,
812 1392 62 26 Impi-

121 1423 52 25 laks,
190 1424 78 25 Salmis,
285 1424 100 25 Suojärvi,
401 1424 130 26 Korpiselkä,
546 1424 109 25 Suistamo,
669 1423 152 24 Jaakimvaara,
837 1422 38 20 Pa-

122 1453 88 25 rikkala,
226 1453 111 26 Ruskeala,
352 1454 111 25 Uguniemi
478 1454 120 20 kommuner
613 1457 54 16 samt
678 1460 24 13 en
714 1452 33 20 del
758 1452 23 20 af
788 1452 87 20 Tohma-
