1073 1745
191 147 196 34 (Öfversättning.)

550 415 34 22 I.

260 469 115 22 Utskottet
393 470 40 21 har
449 470 94 21 anhållit
558 476 33 15 om
609 469 126 22 Historiska
751 469 136 22 samfundets
903 469 40 22 och

190 505 200 27 Kyrkohistoriska
413 505 136 22 samfundets
573 505 114 22 utlåtande
711 505 94 22 rörande
828 505 114 27 petitions-

191 540 113 28 förslagen
320 547 33 16 om
370 541 178 28 kyrkoarkivens
565 541 138 28 skyddande.
728 541 35 22 Då
773 547 30 16 nu
814 541 64 22 dessa
890 541 51 22 säll-

191 577 55 26 skap
263 577 40 22 och
319 578 108 21 särskildt
437 577 128 22 Historiska
576 577 125 22 samfundet
712 577 118 22 innehafva
842 577 27 22 de
880 577 63 21 bästa

190 613 148 22 fackinsikter
358 613 7 21 i
386 615 74 20 ämnet
481 614 39 21 och
543 614 92 21 sålunda
656 614 75 21 kunna
751 613 91 22 bedöma
863 612 79 28 frågan

191 647 50 22 från
263 655 27 15 en
309 649 68 27 högre
393 649 143 28 ståndpunkt,
553 649 57 22 hade
626 649 37 22 det
680 649 70 27 enligt
765 649 177 22 undertecknads

190 684 91 27 mening
301 684 34 22 för
356 687 33 19 ett
409 685 142 28 fullständigt
572 685 148 28 klargörande
741 684 25 22 af
785 685 78 27 frågan
884 685 59 22 varit

191 719 24 22 af
229 720 71 22 nöden
324 723 33 19 att
381 721 64 22 dessa
469 721 129 22 utlåtanden
614 721 7 22 i
638 721 34 22 sin
693 721 76 22 helhet
785 721 43 21 fått
843 720 77 28 inflyta
935 721 7 20 i

191 756 156 22 betänkandet.
379 757 61 21 Båda
457 757 140 27 sällskapens
612 757 120 27 yttranden
749 757 28 21 ha
792 757 150 27 visserligen
929 752 17 37 i

191 790 115 23 förkortad
322 792 56 22 form
394 792 91 28 intagits
505 793 2 21 i
524 793 128 21 Utskottets
669 792 145 26 betänkande,
830 798 50 16 men
896 794 46 20 sär-

191 827 70 21 skildt
281 826 127 24 Historiska
424 828 136 23 samfundets
576 829 105 27 yttrande
697 829 40 21 har
753 828 70 28 enligt
838 828 44 21 min
899 834 43 16 me-

192 863 54 27 ning
261 863 74 22 däruti
350 864 75 21 blifvit
441 864 75 21 alltför
524 864 197 27 sammanträngdt,
731 864 150 27 synnerligast
897 870 45 15 som

191 898 123 22 sistnämda
333 899 98 27 sällskap
455 899 119 28 ådagalagt
597 902 34 19 att
653 900 185 27 petitionärernas
859 899 84 28 förslag

191 936 25 19 är
236 934 77 22 alltför
333 935 76 27 trångt
428 936 39 21 och
489 935 50 22 med
561 935 56 28 goda
639 936 49 21 skäl
705 935 116 22 motiverat
837 935 40 22 sitt
892 938 51 24 eget

191 969 131 28 utförligare
338 971 39 21 och
394 971 49 22 från
460 972 164 26 vetenskapens
641 971 137 28 ståndpunkt
793 977 60 16 mera
868 971 73 21 berät-

190 1005 75 28 tigade
284 1006 90 28 förslag.
406 1007 45 22 För
467 1009 31 19 att
514 1007 125 22 Ständerna
655 1007 63 22 skola
733 1007 32 22 bli
781 1007 6 21 i
804 1007 90 22 tillfälle
910 1009 32 18 att

190 1042 48 21 läsa
254 1041 61 22 detta
331 1043 112 22 utlåtande
460 1043 6 21 i
482 1043 34 22 sin
534 1043 81 28 helhet,
632 1043 41 22 har
686 1043 39 28 jag
741 1043 70 22 såsom
826 1045 116 19 reservant

190 1077 59 22 varit
268 1079 97 26 tvungen
385 1081 33 19 att
440 1078 73 28 bifoga
536 1079 121 21 detsamma
680 1079 35 21 till
731 1079 45 22 min
799 1078 143 26 reservation,

191 1113 69 22 ehuru
276 1116 33 19 ett
325 1114 77 22 sådant
419 1115 178 27 tillvägagående
614 1117 24 19 är
648 1115 7 21 i
664 1115 72 27 någon
753 1115 48 21 mån
814 1113 128 28 oegentligt.

190 1149 67 21 Detta
273 1150 114 22 utlåtande
403 1151 72 26 lyder:

190 1205 179 32 (Öfversättning.)

261 1257 82 27 Utdrag
358 1265 25 14 ur
398 1259 127 26 protokollet,
542 1259 55 19 fördt
612 1259 35 19 vid
663 1259 79 20 Finska
757 1258 118 20 Historiska
890 1265 52 13 sam-

189 1287 84 20 fundets
289 1291 52 17 möte
357 1288 39 21 den
415 1289 25 20 13
457 1295 54 14 mars
528 1289 63 20 1897.

543 1348 12 26 8
573 1349 18 19 9.

262 1387 68 22 Sedan
352 1390 109 20 Allmänna
479 1390 204 20 Petitionsutskottet
698 1389 86 21 beslutit
799 1389 91 20 inhämta
905 1388 36 20 Hi-

190 1418 90 20 storiska
295 1419 126 20 samfundets
437 1419 55 20 åsikt
506 1419 129 20 beträffande
651 1419 26 20 de
692 1418 181 27 petitionsförslag,
887 1418 55 26 äsyf-

189 1447 63 20 tande
276 1455 25 13 en
324 1449 67 20 bättre
414 1449 51 20 vård
486 1449 22 20 af
526 1450 47 19 vårt
588 1449 61 20 lands
665 1449 133 26 kyrkoarkiv,
813 1448 72 21 hvilka
905 1455 37 12 un-
