1067 1739
239 168 76 23 Ständ.
330 169 47 21 Pet.
395 181 24 2 —
435 167 155 23 Petitionsbet.
607 167 38 22 N:o
661 167 20 22 2.
817 169 25 18 21

88 235 74 21 städer
184 234 62 21 ledas
262 236 29 27 på
307 234 80 21 sådant
401 236 51 23 sätt,
469 236 32 19 att
517 233 62 22 detta
594 233 75 22 vilkor
685 235 24 19 så
724 233 51 22 vidt
790 233 54 28 möj-

87 269 42 28 ligt
151 269 121 28 uppfylles.
303 269 46 21 Det
371 276 68 21 synes
463 268 86 22 således
575 268 127 21 Ständerna
717 270 75 19 såsom
808 275 36 14 om

87 304 138 21 bandelarne
243 303 206 22 Lahtis—Heinola
468 304 43 21 och
525 303 271 28 Nyslott—Elisenvaara
811 302 34 21 till

88 339 65 21 deras
176 338 128 28 föreslagna
321 338 102 28 riktning
442 338 77 21 kunde
534 337 7 22 i
557 338 131 21 hufvudsak
703 337 141 29 godkännas,

89 373 42 21 och
152 373 71 21 hafva
245 373 126 21 Ständerna
394 373 77 21 därför
491 375 73 19 ansett
580 372 35 29 sig
630 372 55 22 böra
701 372 95 25 anhålla,
812 374 33 19 att

89 408 66 21 dessa
170 407 65 28 linjer
251 407 73 22 skulle
339 407 69 22 äfven
423 407 168 22 instrumentalt
606 407 147 22 undersökas.

157 442 11 21 I
192 441 253 29 petitionsmemorialen
473 441 117 29 angående
612 441 234 29 Nyslott-Karelska

88 476 74 22 banan
185 476 65 28 ingår
268 476 68 22 äfven
352 484 28 14 en
395 476 104 22 anhållan
516 484 36 14 om
568 476 51 22 dess
635 476 160 21 utsträckande
812 476 33 20 till

89 511 143 28 Kronoborg,
256 510 35 22 för
315 513 32 19 att
369 511 116 28 dymedels
508 512 78 28 uppnä
605 511 69 21 hamn
688 510 41 22 vid
743 510 101 28 Ladoga.

90 546 79 21 Säsom
191 546 173 28 utgängspunkt
386 545 35 22 för
444 553 29 13 en
494 545 83 22 bibana
599 545 34 22 till
650 545 139 29 Kronoborg
804 546 41 20 har

89 583 63 18 utom
174 580 145 22 HElisenvaara
339 580 96 28 tidigare
451 580 128 28 föreslagits
595 580 68 22 äfven
678 580 59 21 Alho
755 580 89 25 station,

89 615 7 20 i
111 614 87 22 hvilket
214 614 60 28 syfte
287 614 85 28 jämväl
386 614 198 29 undersökningar
599 614 128 22 verkstälts.
751 614 36 22 Då
803 616 42 20 ter-

89 652 86 26 rängen
197 649 50 21 frän
270 649 59 21 Alho
352 649 34 22 till
408 650 138 28 Kronoborg
563 652 23 19 är
602 649 54 22 vida
671 657 174 21 gynnsammare

89 684 36 22 för
140 692 29 14 en
182 684 249 28 järnvägsanläggning
447 687 28 18 än
490 684 51 22 frän
556 684 147 22 Elisenvaara
713 684 33 21 till
757 684 88 21 Krono-

89 719 63 28 borg,
173 721 57 19 samt
248 719 89 21 trakten
353 719 95 21 emellan
463 719 156 21 förstnämnda
636 721 60 19 orter
712 722 23 18 är
751 720 43 20 tätt
809 718 36 22 be-

89 754 62 21 bodd
166 753 43 21 och
224 753 37 21 väl
277 753 72 25 odlad,
367 753 88 22 hvilket
470 754 101 21 däremot
587 753 19 29 ej
623 756 24 18 är
662 753 63 21 fallet
737 753 52 22 med
799 752 46 29 nej-

90 788 44 22 den
156 788 94 21 emellan
275 787 144 23 Elisenvaara
438 788 43 22 och
496 788 145 28 Kronoborg,
657 788 65 21 torde
738 788 38 21 det
791 788 55 21 böra

90 823 84 21 lemnas
194 824 29 27 pä
240 826 103 18 närmare
357 823 173 28 undersökning
544 823 120 25 beroende,
680 822 114 22 huruvida
809 822 37 22 ba-

90 865 44 13 nan
150 857 50 21 frän
218 857 93 29 Nyslott
326 858 57 21 skall
397 858 62 21 ledas
476 858 32 21 till
523 857 132 29 anslutning
670 857 51 22 med
735 856 111 23 Karelska

90 892 74 22 banan
180 892 5 20 i
202 892 146 22 Elisenvaara
363 892 52 22 eller
431 892 67 22 Alho.

159 926 126 29 Angående
307 927 38 21 det
368 929 91 26 system,
483 927 70 28 enligt
572 927 87 22 hvilket
674 927 172 28 ifrågavarande

90 961 71 21 banor
184 961 70 22 borde
277 961 94 28 byggas,
393 961 70 22 hafva
486 962 127 21 Ständorna
630 963 74 20 ansett
719 961 60 22 olika
795 969 51 20 syn-

90 995 98 28 punkter
204 995 77 22 kunna
297 999 66 25 göras
379 996 110 28 gällande.
510 996 174 29 Otvifvelaktigt
695 996 72 21 skulle
777 996 69 21 lokal-

90 1029 108 22 behofvet
220 1030 7 21 i
250 1030 42 21 och
315 1030 34 21 för
372 1030 35 28 sig
429 1038 54 13 vara
502 1031 53 21 fullt
569 1030 87 29 betjent
671 1031 51 21 med
737 1031 72 21 banor
825 1031 24 21 af

90 1065 101 21 enklaste
207 1065 54 28 slag,
278 1065 136 28 exempelvis
431 1065 24 21 af
469 1073 84 14 samma
567 1068 42 26 typ
625 1073 48 14 som
684 1067 84 20 ansetts
778 1065 68 28 lämp-

90 1099 33 28 lig
137 1099 35 21 för
194 1095 93 36 Lovisa
302 1095 112 36 Vesijärvi
430 1099 81 22 banan.
534 1100 36 21 Då
585 1099 124 22 emellertid
725 1102 32 19 ett
772 1099 75 22 beslut

90 1133 140 22 beträffande
256 1133 206 22 Lahtis-Heinola
488 1134 69 29 linjen
580 1136 71 20 måste
673 1134 71 22 blifva
767 1134 7 21 i
797 1135 50 21 icke

92 1168 127 28 oväsentlig
240 1168 56 29 grad
319 1168 113 22 beroende
455 1169 26 20 af
501 1169 44 21 den
565 1169 114 28 spårvidd,
696 1176 28 14 en
739 1169 109 22 Lahtis—

90 1202 85 21 Lovisa
189 1203 58 21 bana
261 1203 101 22 kommer
377 1205 33 19 att
425 1203 91 26 erhälla,
532 1211 68 20 synes
617 1203 135 22 ätminstone
768 1203 79 22 Lahtis

90 1237 126 21 —Feinola
231 1237 70 28 linjen
317 1237 55 22 böra
387 1237 141 22 undersökas
543 1238 35 21 för
593 1238 143 28 tillämpning
752 1238 25 21 af
785 1238 63 21 såväl

90 1272 150 29 normalspär-
256 1279 48 14 som
321 1272 224 29 smalspärsystemet.
573 1273 36 20 Dä
622 1273 175 21 merkostnaden
812 1273 36 21 för

91 1314 27 14 en
135 1307 83 21 dubbel
233 1307 172 28 undersökning
419 1307 7 21 i
440 1307 80 28 hvarje
530 1307 107 22 händelse
649 1310 24 18 är
683 1309 82 26 ytterst
775 1307 72 28 ringa,

90 1341 77 21 kunde
184 1349 82 14 samma
277 1341 170 29 förfaringssätt
457 1341 112 29 tillämpas
581 1341 67 22 äfven
659 1343 29 27 pä
696 1342 152 21 bansträckan

90 1371 94 37 Nyslott
203 1371 155 37 -Kronoborg.

160 1410 146 22 Beträffande
322 1411 69 21 sedan
407 1410 138 29 tidpunkten
561 1411 35 21 för
612 1411 65 21 dessa
692 1411 58 21 bäda
765 1411 83 22 banors

90 1445 128 25 utförande,
242 1445 69 21 hafva
333 1445 128 21 Ständerna
483 1447 80 23 ansett,
587 1447 32 20 att
637 1445 44 22 den
699 1445 20 28 ej
735 1445 41 22 bör
792 1453 56 22 upp-

91 1478 87 30 skjutas
201 1479 33 21 till
256 1487 29 14 en
305 1479 116 22 obestämd
437 1479 99 26 framtid,
552 1482 55 19 utan
623 1480 70 21 borde
709 1479 66 23 dessa
790 1480 58 22 båda
