1092 1742
302 179 260 23 Motionsbetänkande
577 180 43 22 N:o
636 179 38 22 10.
838 179 23 20 11

105 242 96 21 tillskott
216 242 33 21 uti
265 242 172 27 ifrågavarande
449 243 135 27 församling
592 243 46 20 kan
650 242 120 21 beräknas.
788 241 77 27 Enligt

106 276 62 21 hvad
175 276 109 22 utskottet
290 277 133 27 meddelats,
430 278 43 20 har
481 277 125 21 emellertid
613 277 33 21 uti
654 284 27 14 en
689 283 78 15 annan
773 276 91 26 (Borgå)

107 311 134 26 församling
259 311 7 21 i
285 312 77 20 landet
377 312 38 20 det
430 312 50 20 från
496 312 134 20 industriela
646 312 56 20 verk
718 313 59 19 samt
793 310 72 21 landt-

107 345 132 21 handlande
262 346 44 20 och
329 346 71 26 öfriga
423 352 109 21 personer
554 348 56 19 utan
633 346 44 20 fast
700 345 112 27 egendom
832 346 33 19 ut-

107 379 86 27 gående
212 380 110 27 beloppet
343 380 34 20 till
395 380 180 27 presterskapets
591 380 102 26 aflöning
709 380 29 27 på
754 378 73 28 grund
843 378 25 21 af

110 414 54 20 1896
180 414 36 20 års
232 414 240 26 kommunaltaxering
487 414 124 21 beräknats
624 416 80 24 utgöra
715 414 49 20 icke
776 412 89 22 mindre

108 449 29 19 än
154 449 61 25 2,905
232 448 71 21 mark.

180 482 77 27 Enligt
275 482 61 21 hvad
352 483 110 21 utskottet
477 483 83 27 erfarit,
569 484 43 20 har
627 483 69 21 ofvan
713 481 153 22 omförmälda

108 516 104 27 tolkning
228 517 25 21 af
267 518 54 20 1886
337 517 36 21 års
388 517 135 27 förordning
536 518 61 20 hvad
611 517 108 21 beträffar
729 516 137 21 landthand-

108 551 68 21 lande
199 552 44 20 och
263 551 71 27 öfriga
353 558 109 20 personer
476 554 56 18 utan
548 552 44 20 fast
607 551 112 27 egendom
736 550 131 21 framkallat

109 586 185 26 anmärkningar.
326 586 28 20 Så
376 588 13 18 t.
406 592 33 14 ex.
457 587 64 25 säger
537 586 148 20 Guvernören
700 585 8 21 i
723 584 143 22 Tavastehus

109 620 38 20 län
170 620 7 20 i
200 620 92 26 afgifvet
314 620 153 26 underdånigt
486 620 118 21 utlåtande
622 620 64 21 öfver
700 619 167 27 regleringsför-

109 654 70 26 slaget
194 654 7 20 i
217 654 122 27 Hausjärvi
355 654 143 27 församling:
517 655 94 20 »Ehuru
628 654 123 27 Kejserliga
762 654 104 25 Senaten,

110 688 68 27 enligt
201 689 57 20 Dess
282 689 151 21 Ecklesiastik
453 689 150 27 Expeditions
619 688 153 22 cirkulärbref
785 688 25 20 af
822 687 44 21 den

110 723 27 20 24
153 722 109 21 Februari
280 724 60 25 1887,
356 723 73 21 under
445 730 70 14 mom.
532 724 12 20 3
560 724 21 20 b.
599 723 125 26 förordnat,
740 725 32 18 att
786 722 81 21 endast

111 756 118 27 afgifterna
253 757 52 21 frän
329 757 134 21 industriela
485 758 56 20 verk
556 758 71 20 borde
643 758 111 20 uteslutas
770 764 28 13 ur
810 756 57 27 jäm-

110 791 97 21 förelsen
223 792 98 20 emellan
337 792 44 20 den
397 792 135 20 nuvarande
548 792 44 20 och
608 792 45 20 den
664 791 107 21 framtida
784 792 84 26 presta-

112 825 137 27 aflöningen,
268 826 43 21 har
330 826 102 21 komiten
452 826 115 26 föreslagit
582 828 32 19 att
627 826 88 27 jämväl
731 824 137 22 landthand-

111 860 67 20 lande
191 860 44 20 och
251 860 72 21 andra
338 860 7 20 i
360 861 14 19 4
389 861 12 26 &
417 860 25 21 af
455 860 174 21 ofvannämnda
640 860 83 26 nådiga
734 859 134 26 förordning

111 894 152 27 uppräknade
281 901 108 20 personer
407 894 74 21 skulle
500 895 92 26 päföras
607 894 81 26 bidrag
703 894 33 21 till
752 893 116 28 prestaflö-

111 928 84 26 ningen
211 929 55 20 efter
281 929 118 26 indelning
414 929 7 20 i
437 929 94 26 klasser,
547 931 56 18 utan
619 931 32 18 att
667 929 6 20 i
690 928 108 27 kalkylen
812 934 56 20 upp-

111 964 51 24 taga
185 963 69 26 något
277 963 83 27 belopp
383 963 35 20 för
440 963 62 20 detta
529 963 85 26 bidrag.
647 963 45 20 Om
715 961 153 22 öfverhufvud

111 997 198 21 landthandlande
331 998 44 20 och
398 1004 109 21 personer
523 999 55 18 utan
594 997 45 21 fast
654 997 118 26 egendom,
788 996 30 20 dä
834 995 34 27 de,

113 1031 74 20 sävidt
203 1031 24 21 af
236 1031 169 27 handlingarna
416 1032 107 26 framgär,
534 1031 115 21 härintills
660 1031 50 21 icke
721 1037 69 21 synas
800 1030 69 21 hafva

113 1065 34 20 till
164 1066 191 27 prestaflöningen
371 1066 98 26 bidragit
484 1066 53 21 med
548 1066 72 20 andra
633 1065 88 27 afgifter
732 1067 29 18 än
775 1064 93 26 sädana,

112 1106 50 14 som
178 1100 69 27 enligt
264 1101 25 20 10
305 1101 12 26 $
332 1100 7 21 i
355 1100 152 21 oftanämnda
522 1100 83 27 nådiga
621 1100 134 26 förordning
773 1099 97 20 framde-

113 1133 32 21 les
160 1134 57 21 böra
232 1135 7 20 i
255 1134 43 21 den
315 1135 119 26 personela
450 1135 93 26 afgiften
559 1134 59 27 ingä,
635 1135 80 20 kunna
731 1134 91 25 äläggas
838 1135 32 18 att

113 1167 7 20 i
142 1167 74 22 denna
238 1171 70 24 tunga
330 1169 89 26 deltaga
435 1169 56 20 efter
505 1175 78 14 annan
599 1168 74 27 grund
689 1169 30 20 än
734 1168 45 20 den
795 1173 75 21 perso-

113 1202 59 27 nela,
187 1202 72 21 borde
275 1203 149 26 ovilkorligen
440 1203 34 20 uti
490 1203 108 26 kalkylen
614 1203 64 20 öfver
693 1202 44 21 den
748 1201 122 21 framdeles

113 1237 112 26 utgående
248 1237 130 26 aflöningen
401 1239 114 25 upptagas
538 1239 30 18 ett
583 1237 85 27 belopp
684 1239 32 18 att
730 1237 102 25 erläggas
848 1235 25 20 af

112 1271 198 21 landthandlande
333 1272 43 20 och
400 1271 72 26 öfriga
496 1271 173 21 ofvannämnda
693 1277 108 21 personer
816 1270 55 20 efter

114 1305 72 20 sådan
205 1305 80 27 grund,
302 1312 49 14 som
368 1305 6 20 i
389 1306 14 19 4
425 1306 6 25 $
447 1305 7 20 i
471 1305 151 21 oftanämnda
638 1305 83 26 nådiga
737 1304 134 26 förordning

113 1339 128 21 fastställes.

185 1374 8 20 I
215 1374 110 21 händelse
349 1374 199 21 landthandlande
572 1374 44 21 och
632 1380 109 21 personer
756 1375 55 18 utan
827 1372 45 21 fast

112 1408 111 26 egendom
239 1408 97 21 sålunda
353 1409 74 20 skulle
443 1409 92 26 påföras
551 1408 69 26 något
630 1408 84 27 belopp
725 1409 32 18 att
769 1407 102 26 erläggas

112 1442 56 21 efter
182 1443 155 20 nästnämnda
353 1443 80 26 grund,
442 1443 72 20 borde
529 1442 114 27 själffallet
653 1442 44 20 den
710 1447 99 20 summa,
820 1447 51 14 som

113 1477 58 20 skall
193 1477 53 26 utgå
267 1477 55 20 efter
344 1477 106 27 personel
473 1477 81 26 grund,
577 1476 105 21 minskas
700 1475 52 21 med
773 1477 98 19 motsva-

181 1521 47 23 Lag-
241 1522 32 17 och
286 1522 184 17 Ekonomiutskottets
483 1522 109 17 betänkande
604 1521 36 18 N:o
653 1521 29 18 16.
