1056 1731
333 194 298 28 Petitionsmemorial.

172 242 116 36 Bondest.
679 248 43 22 N:o
737 247 53 23 126.

641 316 151 26 (Öfversättning.)

255 384 50 18 Till
328 384 163 19 Hedervärda
511 384 202 19 Bondeståndet.

177 446 29 19 Då
228 452 26 13 nu
277 445 67 24 frågan
367 451 30 13 om
421 446 109 24 byggandet
551 446 21 19 af
594 447 38 18 den
656 446 145 19 instrumentalt
824 446 36 19 och

106 474 122 20 ekonomiskt
252 474 120 20 undersökta
394 475 130 19 bansträckan
544 475 42 19 från
609 475 78 24 Kuopio
709 474 55 20 öfver
787 474 74 20 Iisalmi

105 503 31 19 till
158 503 76 24 Kajana
256 504 32 18 vid
304 504 62 18 denna
381 504 99 23 landtdag,
496 504 62 18 såsom
575 509 43 14 man
635 504 81 24 hoppas,
732 504 87 18 kommer
833 505 28 17 att

106 531 84 25 afgöras,
210 534 22 17 är
248 532 56 19 däraf
319 538 23 13 en
358 532 55 24 följd,
429 535 30 16 att
474 532 31 20 för
519 532 104 20 framtiden
639 532 73 24 förslag
727 532 61 19 måste
803 532 58 19 fram-

106 561 66 19 ställas
187 561 30 19 till
233 561 143 23 undersökning
393 560 22 20 af
424 561 113 23 sträckning
548 561 30 19 för
589 567 23 13 en
623 562 100 22 tvärbana,
735 566 40 14 som
786 561 76 19 komme

106 592 30 17 att
150 590 43 18 med
209 590 109 18 hvarandra
333 589 90 19 förbinda
434 586 159 23 Österbottniska
609 590 36 19 och
658 590 95 19 Karelska
769 590 92 19 banorna.

106 617 72 24 Dylika
197 617 73 24 förslag
293 617 57 20 hafva
371 617 113 20 framställts
507 619 60 18 redan
591 619 30 18 vid
643 619 90 18 sednaste
757 617 55 20 1594
831 618 32 19 års

106 647 93 22 landtdag
224 647 26 23 på
271 646 21 19 så
313 649 45 22 sätt,
380 649 29 16 att
431 647 62 19 såsom
514 647 146 24 utgångspunkt
675 647 31 19 för
721 647 106 19 tvärbanan
843 646 20 19 åt

107 681 46 13 norr
168 675 110 23 föreslagits
293 675 59 22 något
364 675 57 19 ställe
431 675 11 19 å
453 676 91 19 sträckan
556 676 69 19 mellan
637 675 78 24 Kuopio
726 675 37 20 och
777 675 84 19 Suonen-

105 704 50 23 joki,
178 706 63 17 event.
265 704 115 19 Kurkimäki
403 704 83 23 station;
509 704 86 19 därifrån
619 704 63 19 skulle
700 704 62 19 banan
778 703 85 24 fortlöpa

108 738 67 18 genom
197 732 91 19 Karttula
310 733 36 18 och
367 733 96 18 Pielavesi
485 733 85 19 folkrika
585 733 114 19 kommuner
714 733 29 18 till
759 732 105 24 Pyhäjärvi

108 763 50 17 samt
172 761 112 24 ytterligare
300 767 68 17 genom
384 761 118 24 Haapajärvi
518 762 36 19 och
569 761 70 20 Nivala
654 761 81 24 bördiga
750 761 67 24 nejder
832 763 30 16 ut-

108 790 42 19 med
172 789 92 24 Kalajoki
280 790 28 19 till
324 790 62 23 någon
402 790 79 24 lämplig
496 790 62 24 punkt
569 790 11 19 ä
592 790 191 23 Vasa—Uleäborgs
795 790 68 19 banan.

109 818 61 19 Dessa
192 817 21 20 af
234 819 38 22 mig
292 819 115 18 omnämnda
429 819 68 23 nejder
519 821 34 17 äro
573 819 61 19 redan
650 819 31 19 för
696 819 32 18 det
743 818 121 19 hedervärda

107 847 77 19 ständet
204 847 21 19 sä
241 847 69 23 kända,
326 850 29 16 att
370 847 35 19 allt
419 847 115 24 ytterligare
549 847 88 20 ordande
646 853 30 14 om
689 848 42 18 dem
744 849 21 17 är
776 847 87 23 onödigt.

107 876 37 23 Jag
166 876 33 18 vill
220 875 49 20 blott
291 878 75 23 nämna,
382 878 28 17 att
426 876 97 22 Karttula,
540 881 39 14 som
596 878 47 21 äger
658 876 46 19 flere
720 875 93 24 fabriker,
829 876 35 18 har

107 903 84 20 utlofvat
203 904 142 23 jemförelsevis
361 907 54 16 stora
431 905 68 23 bidrag
515 904 31 20 för
559 905 182 23 jernvägsbyggnad
757 905 42 18 ide
810 905 54 18 delar

108 933 64 19 denna
194 933 89 18 kommun
304 933 78 19 beröres
397 933 21 19 af
433 933 68 19 banan.
532 933 36 19 Vid
585 933 69 20 sädant
669 933 121 20 förhällande
806 933 59 24 vägar

107 962 33 23 jag
155 961 31 20 för
202 961 33 20 det
250 961 120 20 hedervärda
382 961 147 20 Bondeständet
544 962 82 19 föreslå:

314 1019 32 18 att
372 1017 8 20 i
408 1019 110 19 närmaste
541 1017 96 26 framtid
655 1016 209 29 jernvägssträckan

243 1045 59 28 från
318 1045 136 21 Kurkimäki
468 1046 80 21 station
566 1047 13 19 ä
596 1045 178 22 Savolaksbanan
789 1052 75 21 genom

246 1074 112 26 Karttula,
379 1074 114 25 Pielavesi,
517 1074 130 28 Pyhäjärvi,
667 1074 143 28 Haapajärvi
825 1073 40 21 och

247 1103 81 20 Nivala
343 1102 94 21 socknar
447 1103 36 20 till
493 1103 93 28 Kangas
597 1103 52 21 eller
659 1105 110 19 närmaste
783 1103 82 20 station

248 1131 13 21 å
281 1131 57 21 Vasa
371 1131 117 28 Uleåborgs
505 1131 72 22 banan
593 1132 66 20 måtte
674 1131 142 21 undersökas.

182 1189 122 24 Helsingfors
319 1190 37 19 den
372 1190 12 18 8
400 1189 95 20 Februari
512 1189 61 20 1897.

646 1245 21 22 P.
683 1245 112 22 Kakkinen.

184 1309 70 20 Härom
272 1309 78 20 förenar
366 1310 41 23 sig:

615 1370 20 22 L.
651 1370 28 22 W.
696 1370 99 22 Laitinen.

255 1472 111 22 Helsingfors
379 1472 49 18 1897.
453 1472 111 22 Helsingfors
577 1472 149 22 Centraltryckeri.
