<?xml version="1.0" encoding="UTF-8"?>
<alto xmlns="http://www.loc.gov/standards/alto/ns-v3#" xmlns:xlink="http://www.w3.org/1999/xlink" xmlns:xsi="http://www.w3.org/2001/XMLSchema-instance" xsi:schemaLocation="http://www.loc.gov/standards/alto/ns-v3# http://www.loc.gov/alto/v3/alto-3-0.xsd">
	<Description>
		<MeasurementUnit>pixel</MeasurementUnit>
		<sourceImageInformation>
			<fileName>/tmp/tess_28huls4u_input.PNG</fileName>
		</sourceImageInformation>
		<OCRProcessing ID="OCR_0">
			<ocrProcessingStep>
				<processingSoftware>
					<softwareName>tesseract 5.3.4</softwareName>
				</processingSoftware>
			</ocrProcessingStep>
		</OCRProcessing>
	</Description>
	<Layout>
		<Page WIDTH="1075" HEIGHT="1748" PHYSICAL_IMG_NR="0" ID="page_0">
			<PrintSpace HPOS="0" VPOS="0" WIDTH="1075" HEIGHT="1748">
				<ComposedBlock ID="cblock_0" HPOS="315" VPOS="153" WIDTH="562" HEIGHT="23">
					<TextBlock ID="block_0" HPOS="315" VPOS="153" WIDTH="562" HEIGHT="23">
						<TextLine ID="line_0" HPOS="315" VPOS="153" WIDTH="562" HEIGHT="23">
							<String ID="string_0" HPOS="315" VPOS="153" WIDTH="275" HEIGHT="23" WC="0.92" CONTENT="Petitionsbetänkande"/><SP WIDTH="14" VPOS="153" HPOS="590"/>
							<String ID="string_1" HPOS="604" VPOS="153" WIDTH="46" HEIGHT="23" WC="0.96" CONTENT="N:o"/><SP WIDTH="15" VPOS="153" HPOS="650"/>
							<String ID="string_2" HPOS="665" VPOS="153" WIDTH="39" HEIGHT="22" WC="0.96" CONTENT="28."/><SP WIDTH="161" VPOS="153" HPOS="704"/>
							<String ID="string_3" HPOS="865" VPOS="155" WIDTH="12" HEIGHT="20" WC="0.95" CONTENT="5"/>
						</TextLine>
					</TextBlock>
				</ComposedBlock>
				<ComposedBlock ID="cblock_1" HPOS="126" VPOS="225" WIDTH="761" HEIGHT="1247">
					<TextBlock ID="block_1" HPOS="126" VPOS="225" WIDTH="760" HEIGHT="819">
						<TextLine ID="line_1" HPOS="127" VPOS="225" WIDTH="755" HEIGHT="28">
							<String ID="string_4" HPOS="127" VPOS="226" WIDTH="44" HEIGHT="22" WC="0.96" CONTENT="den"/><SP WIDTH="21" VPOS="226" HPOS="171"/>
							<String ID="string_5" HPOS="192" VPOS="225" WIDTH="134" HEIGHT="28" WC="0.96" CONTENT="erfarenhet,"/><SP WIDTH="21" VPOS="225" HPOS="326"/>
							<String ID="string_6" HPOS="347" VPOS="233" WIDTH="49" HEIGHT="14" WC="0.96" CONTENT="som"/><SP WIDTH="15" VPOS="233" HPOS="396"/>
							<String ID="string_7" HPOS="411" VPOS="225" WIDTH="8" HEIGHT="22" WC="0.96" CONTENT="i"/><SP WIDTH="16" VPOS="225" HPOS="419"/>
							<String ID="string_8" HPOS="435" VPOS="226" WIDTH="64" HEIGHT="21" WC="0.96" CONTENT="detta"/><SP WIDTH="15" VPOS="226" HPOS="499"/>
							<String ID="string_9" HPOS="514" VPOS="225" WIDTH="106" HEIGHT="22" WC="0.96" CONTENT="afseende"/><SP WIDTH="15" VPOS="225" HPOS="620"/>
							<String ID="string_10" HPOS="635" VPOS="226" WIDTH="95" HEIGHT="22" WC="0.96" CONTENT="vunnits"/><SP WIDTH="15" VPOS="226" HPOS="730"/>
							<String ID="string_11" HPOS="745" VPOS="225" WIDTH="137" HEIGHT="28" WC="0.96" CONTENT="utomlands,"/>
						</TextLine>
						<TextLine ID="line_2" HPOS="126" VPOS="261" WIDTH="755" HEIGHT="22">
							<String ID="string_12" HPOS="126" VPOS="262" WIDTH="140" HEIGHT="21" WC="0.95" CONTENT="inrättandet"/><SP WIDTH="15" VPOS="262" HPOS="266"/>
							<String ID="string_13" HPOS="281" VPOS="261" WIDTH="9" HEIGHT="22" WC="0.93" CONTENT="i"/><SP WIDTH="16" VPOS="261" HPOS="290"/>
							<String ID="string_14" HPOS="306" VPOS="261" WIDTH="71" HEIGHT="22" WC="0.91" CONTENT="stifts-"/><SP WIDTH="16" VPOS="261" HPOS="377"/>
							<String ID="string_15" HPOS="393" VPOS="261" WIDTH="54" HEIGHT="22" WC="0.93" CONTENT="eller"/><SP WIDTH="15" VPOS="261" HPOS="447"/>
							<String ID="string_16" HPOS="462" VPOS="261" WIDTH="205" HEIGHT="22" WC="0.92" CONTENT="hofrättsstäderna"/><SP WIDTH="16" VPOS="261" HPOS="667"/>
							<String ID="string_17" HPOS="683" VPOS="261" WIDTH="27" HEIGHT="22" WC="0.96" CONTENT="af"/><SP WIDTH="12" VPOS="261" HPOS="710"/>
							<String ID="string_18" HPOS="722" VPOS="264" WIDTH="35" HEIGHT="19" WC="0.96" CONTENT="ett"/><SP WIDTH="15" VPOS="264" HPOS="757"/>
							<String ID="string_19" HPOS="772" VPOS="261" WIDTH="62" HEIGHT="22" WC="0.93" CONTENT="antal"/><SP WIDTH="15" VPOS="261" HPOS="834"/>
							<String ID="string_20" HPOS="849" VPOS="261" WIDTH="32" HEIGHT="22" WC="0.89" CONTENT="lo-"/>
						</TextLine>
						<TextLine ID="line_3" HPOS="127" VPOS="297" WIDTH="754" HEIGHT="28">
							<String ID="string_21" HPOS="127" VPOS="297" WIDTH="111" HEIGHT="28" WC="0.85" CONTENT="kalarkiv,"/><SP WIDTH="24" VPOS="297" HPOS="238"/>
							<String ID="string_22" HPOS="262" VPOS="297" WIDTH="35" HEIGHT="22" WC="0.96" CONTENT="uti"/><SP WIDTH="15" VPOS="297" HPOS="297"/>
							<String ID="string_23" HPOS="312" VPOS="297" WIDTH="79" HEIGHT="22" WC="0.96" CONTENT="hvilka"/><SP WIDTH="16" VPOS="297" HPOS="391"/>
							<String ID="string_24" HPOS="407" VPOS="297" WIDTH="45" HEIGHT="22" WC="0.93" CONTENT="alla"/><SP WIDTH="15" VPOS="297" HPOS="452"/>
							<String ID="string_25" HPOS="467" VPOS="301" WIDTH="91" HEIGHT="24" WC="0.96" CONTENT="smärre,"/><SP WIDTH="16" VPOS="301" HPOS="558"/>
							<String ID="string_26" HPOS="574" VPOS="297" WIDTH="36" HEIGHT="22" WC="0.96" CONTENT="för"/><SP WIDTH="15" VPOS="297" HPOS="610"/>
							<String ID="string_27" HPOS="625" VPOS="298" WIDTH="142" HEIGHT="21" WC="0.95" CONTENT="närvarande"/><SP WIDTH="16" VPOS="298" HPOS="767"/>
							<String ID="string_28" HPOS="783" VPOS="297" WIDTH="8" HEIGHT="22" WC="0.93" CONTENT="i"/><SP WIDTH="16" VPOS="297" HPOS="791"/>
							<String ID="string_29" HPOS="807" VPOS="297" WIDTH="74" HEIGHT="22" WC="0.92" CONTENT="lands-"/>
						</TextLine>
						<TextLine ID="line_4" HPOS="127" VPOS="333" WIDTH="754" HEIGHT="29">
							<String ID="string_30" HPOS="127" VPOS="336" WIDTH="65" HEIGHT="19" WC="0.89" CONTENT="orten"/><SP WIDTH="19" VPOS="336" HPOS="192"/>
							<String ID="string_31" HPOS="211" VPOS="333" WIDTH="161" HEIGHT="29" WC="0.92" CONTENT="kringspridda"/><SP WIDTH="23" VPOS="333" HPOS="372"/>
							<String ID="string_32" HPOS="395" VPOS="333" WIDTH="227" HEIGHT="29" WC="0.92" CONTENT="urkundssamlingar"/><SP WIDTH="24" VPOS="333" HPOS="622"/>
							<String ID="string_33" HPOS="646" VPOS="333" WIDTH="43" HEIGHT="22" WC="0.96" CONTENT="och"/><SP WIDTH="23" VPOS="333" HPOS="689"/>
							<String ID="string_34" HPOS="712" VPOS="336" WIDTH="71" HEIGHT="19" WC="0.93" CONTENT="annat"/><SP WIDTH="24" VPOS="336" HPOS="783"/>
							<String ID="string_35" HPOS="807" VPOS="333" WIDTH="74" HEIGHT="22" WC="0.92" CONTENT="arkiv-"/>
						</TextLine>
						<TextLine ID="line_5" HPOS="127" VPOS="369" WIDTH="752" HEIGHT="29">
							<String ID="string_36" HPOS="127" VPOS="369" WIDTH="106" HEIGHT="22" WC="0.96" CONTENT="material"/><SP WIDTH="23" VPOS="369" HPOS="233"/>
							<String ID="string_37" HPOS="256" VPOS="369" WIDTH="27" HEIGHT="22" WC="0.93" CONTENT="af"/><SP WIDTH="19" VPOS="369" HPOS="283"/>
							<String ID="string_38" HPOS="302" VPOS="369" WIDTH="171" HEIGHT="22" WC="0.91" CONTENT="lokalhistorisk"/><SP WIDTH="17" VPOS="369" HPOS="473"/>
							<String ID="string_39" HPOS="490" VPOS="369" WIDTH="118" HEIGHT="29" WC="0.96" CONTENT="betydelse"/><SP WIDTH="15" VPOS="369" HPOS="608"/>
							<String ID="string_40" HPOS="623" VPOS="369" WIDTH="71" HEIGHT="22" WC="0.93" CONTENT="borde"/><SP WIDTH="16" VPOS="369" HPOS="694"/>
							<String ID="string_41" HPOS="710" VPOS="369" WIDTH="169" HEIGHT="22" WC="0.92" CONTENT="sammanföras."/>
						</TextLine>
						<TextLine ID="line_6" HPOS="128" VPOS="405" WIDTH="755" HEIGHT="29">
							<String ID="string_42" HPOS="128" VPOS="406" WIDTH="75" HEIGHT="21" WC="0.93" CONTENT="Också"/><SP WIDTH="25" VPOS="406" HPOS="203"/>
							<String ID="string_43" HPOS="228" VPOS="405" WIDTH="168" HEIGHT="29" WC="0.81" CONTENT="kyrkoarkiven"/><SP WIDTH="26" VPOS="405" HPOS="396"/>
							<String ID="string_44" HPOS="422" VPOS="405" WIDTH="73" HEIGHT="22" WC="0.96" CONTENT="skulle"/><SP WIDTH="25" VPOS="405" HPOS="495"/>
							<String ID="string_45" HPOS="520" VPOS="405" WIDTH="74" HEIGHT="29" WC="0.92" CONTENT="enligt"/><SP WIDTH="25" VPOS="405" HPOS="594"/>
							<String ID="string_46" HPOS="619" VPOS="405" WIDTH="148" HEIGHT="22" WC="0.96" CONTENT="Samfundets"/><SP WIDTH="23" VPOS="405" HPOS="767"/>
							<String ID="string_47" HPOS="790" VPOS="405" WIDTH="93" HEIGHT="28" WC="0.96" CONTENT="mening"/>
						</TextLine>
						<TextLine ID="line_7" HPOS="127" VPOS="440" WIDTH="754" HEIGHT="30">
							<String ID="string_48" HPOS="127" VPOS="441" WIDTH="133" HEIGHT="29" WC="0.92" CONTENT="lämpligast"/><SP WIDTH="15" VPOS="441" HPOS="260"/>
							<String ID="string_49" HPOS="275" VPOS="441" WIDTH="102" HEIGHT="21" WC="0.91" CONTENT="förvaras"/><SP WIDTH="16" VPOS="441" HPOS="377"/>
							<String ID="string_50" HPOS="393" VPOS="441" WIDTH="8" HEIGHT="21" WC="0.96" CONTENT="i"/><SP WIDTH="16" VPOS="441" HPOS="401"/>
							<String ID="string_51" HPOS="417" VPOS="441" WIDTH="64" HEIGHT="21" WC="0.93" CONTENT="dessa"/><SP WIDTH="15" VPOS="441" HPOS="481"/>
							<String ID="string_52" HPOS="496" VPOS="441" WIDTH="187" HEIGHT="22" WC="0.90" CONTENT="landsortsarkiv."/><SP WIDTH="33" VPOS="441" HPOS="683"/>
							<String ID="string_53" HPOS="716" VPOS="441" WIDTH="49" HEIGHT="21" WC="0.96" CONTENT="Och"/><SP WIDTH="16" VPOS="441" HPOS="765"/>
							<String ID="string_54" HPOS="781" VPOS="441" WIDTH="52" HEIGHT="22" WC="0.93" CONTENT="med"/><SP WIDTH="16" VPOS="441" HPOS="833"/>
							<String ID="string_55" HPOS="849" VPOS="440" WIDTH="32" HEIGHT="22" WC="0.92" CONTENT="af-"/>
						</TextLine>
						<TextLine ID="line_8" HPOS="128" VPOS="476" WIDTH="754" HEIGHT="29">
							<String ID="string_56" HPOS="128" VPOS="477" WIDTH="81" HEIGHT="22" WC="0.91" CONTENT="seende"/><SP WIDTH="24" VPOS="477" HPOS="209"/>
							<String ID="string_57" HPOS="233" VPOS="477" WIDTH="54" HEIGHT="21" WC="0.92" CONTENT="därä"/><SP WIDTH="24" VPOS="477" HPOS="287"/>
							<String ID="string_58" HPOS="311" VPOS="479" WIDTH="34" HEIGHT="19" WC="0.96" CONTENT="att"/><SP WIDTH="23" VPOS="479" HPOS="345"/>
							<String ID="string_59" HPOS="368" VPOS="477" WIDTH="28" HEIGHT="21" WC="0.96" CONTENT="de"/><SP WIDTH="22" VPOS="477" HPOS="396"/>
							<String ID="string_60" HPOS="418" VPOS="476" WIDTH="131" HEIGHT="29" WC="0.93" CONTENT="föreslagna"/><SP WIDTH="23" VPOS="476" HPOS="549"/>
							<String ID="string_61" HPOS="572" VPOS="477" WIDTH="95" HEIGHT="22" WC="0.92" CONTENT="arkiven"/><SP WIDTH="23" VPOS="477" HPOS="667"/>
							<String ID="string_62" HPOS="690" VPOS="477" WIDTH="91" HEIGHT="21" WC="0.92" CONTENT="komme"/><SP WIDTH="19" VPOS="477" HPOS="781"/>
							<String ID="string_63" HPOS="800" VPOS="478" WIDTH="35" HEIGHT="20" WC="0.96" CONTENT="att"/><SP WIDTH="14" VPOS="478" HPOS="835"/>
							<String ID="string_64" HPOS="849" VPOS="476" WIDTH="33" HEIGHT="21" WC="0.96" CONTENT="bli"/>
						</TextLine>
						<TextLine ID="line_9" HPOS="128" VPOS="512" WIDTH="757" HEIGHT="30">
							<String ID="string_65" HPOS="128" VPOS="513" WIDTH="88" HEIGHT="29" WC="0.93" CONTENT="ganska"/><SP WIDTH="14" VPOS="513" HPOS="216"/>
							<String ID="string_66" HPOS="230" VPOS="512" WIDTH="131" HEIGHT="29" WC="0.91" CONTENT="rikhaltiga,"/><SP WIDTH="16" VPOS="512" HPOS="361"/>
							<String ID="string_67" HPOS="377" VPOS="512" WIDTH="102" HEIGHT="29" WC="0.92" CONTENT="päpekar"/><SP WIDTH="14" VPOS="512" HPOS="479"/>
							<String ID="string_68" HPOS="493" VPOS="512" WIDTH="138" HEIGHT="22" WC="0.93" CONTENT="Samfundet"/><SP WIDTH="15" VPOS="512" HPOS="631"/>
							<String ID="string_69" HPOS="646" VPOS="512" WIDTH="202" HEIGHT="29" WC="0.92" CONTENT="nödvändigheten"/><SP WIDTH="11" VPOS="512" HPOS="848"/>
							<String ID="string_70" HPOS="859" VPOS="512" WIDTH="26" HEIGHT="21" WC="0.96" CONTENT="af"/>
						</TextLine>
						<TextLine ID="line_10" HPOS="129" VPOS="547" WIDTH="753" HEIGHT="30">
							<String ID="string_71" HPOS="129" VPOS="551" WIDTH="35" HEIGHT="19" WC="0.91" CONTENT="att"/><SP WIDTH="24" VPOS="551" HPOS="164"/>
							<String ID="string_72" HPOS="188" VPOS="549" WIDTH="64" HEIGHT="21" WC="0.93" CONTENT="deras"/><SP WIDTH="23" VPOS="549" HPOS="252"/>
							<String ID="string_73" HPOS="275" VPOS="548" WIDTH="56" HEIGHT="22" WC="0.91" CONTENT="värd"/><SP WIDTH="20" VPOS="548" HPOS="331"/>
							<String ID="string_74" HPOS="351" VPOS="548" WIDTH="112" HEIGHT="22" WC="0.92" CONTENT="anordnas"/><SP WIDTH="16" VPOS="548" HPOS="463"/>
							<String ID="string_75" HPOS="479" VPOS="550" WIDTH="24" HEIGHT="19" WC="0.96" CONTENT="sä"/><SP WIDTH="16" VPOS="550" HPOS="503"/>
							<String ID="string_76" HPOS="519" VPOS="550" WIDTH="36" HEIGHT="19" WC="0.96" CONTENT="att"/><SP WIDTH="15" VPOS="550" HPOS="555"/>
							<String ID="string_77" HPOS="570" VPOS="548" WIDTH="42" HEIGHT="22" WC="0.93" CONTENT="full"/><SP WIDTH="16" VPOS="548" HPOS="612"/>
							<String ID="string_78" HPOS="628" VPOS="548" WIDTH="91" HEIGHT="29" WC="0.93" CONTENT="garanti"/><SP WIDTH="16" VPOS="548" HPOS="719"/>
							<String ID="string_79" HPOS="735" VPOS="548" WIDTH="96" HEIGHT="22" WC="0.92" CONTENT="erhälles"/><SP WIDTH="15" VPOS="548" HPOS="831"/>
							<String ID="string_80" HPOS="846" VPOS="547" WIDTH="36" HEIGHT="22" WC="0.96" CONTENT="för"/>
						</TextLine>
						<TextLine ID="line_11" HPOS="129" VPOS="583" WIDTH="754" HEIGHT="30">
							<String ID="string_81" HPOS="129" VPOS="585" WIDTH="64" HEIGHT="21" WC="0.93" CONTENT="deras"/><SP WIDTH="15" VPOS="585" HPOS="193"/>
							<String ID="string_82" HPOS="208" VPOS="584" WIDTH="128" HEIGHT="22" WC="0.92" CONTENT="bevarande"/><SP WIDTH="16" VPOS="584" HPOS="336"/>
							<String ID="string_83" HPOS="352" VPOS="584" WIDTH="36" HEIGHT="21" WC="0.96" CONTENT="för"/><SP WIDTH="15" VPOS="584" HPOS="388"/>
							<String ID="string_84" HPOS="403" VPOS="583" WIDTH="128" HEIGHT="28" WC="0.93" CONTENT="framtiden,"/><SP WIDTH="19" VPOS="583" HPOS="531"/>
							<String ID="string_85" HPOS="550" VPOS="584" WIDTH="20" HEIGHT="21" WC="0.93" CONTENT="d."/><SP WIDTH="17" VPOS="584" HPOS="570"/>
							<String ID="string_86" HPOS="587" VPOS="591" WIDTH="22" HEIGHT="15" WC="0.95" CONTENT="v."/><SP WIDTH="22" VPOS="591" HPOS="609"/>
							<String ID="string_87" HPOS="631" VPOS="591" WIDTH="16" HEIGHT="14" WC="0.96" CONTENT="s."/><SP WIDTH="25" VPOS="591" HPOS="647"/>
							<String ID="string_88" HPOS="672" VPOS="586" WIDTH="35" HEIGHT="19" WC="0.93" CONTENT="att"/><SP WIDTH="22" VPOS="586" HPOS="707"/>
							<String ID="string_89" HPOS="729" VPOS="583" WIDTH="154" HEIGHT="30" WC="0.92" CONTENT="samlingarna"/>
						</TextLine>
						<TextLine ID="line_12" HPOS="128" VPOS="619" WIDTH="755" HEIGHT="30">
							<String ID="string_90" HPOS="128" VPOS="621" WIDTH="94" HEIGHT="28" WC="0.92" CONTENT="inhysas"/><SP WIDTH="24" VPOS="621" HPOS="222"/>
							<String ID="string_91" HPOS="246" VPOS="620" WIDTH="7" HEIGHT="21" WC="0.93" CONTENT="i"/><SP WIDTH="24" VPOS="620" HPOS="253"/>
							<String ID="string_92" HPOS="277" VPOS="619" WIDTH="110" HEIGHT="30" WC="0.96" CONTENT="lämpliga"/><SP WIDTH="23" VPOS="619" HPOS="387"/>
							<String ID="string_93" HPOS="410" VPOS="620" WIDTH="43" HEIGHT="21" WC="0.96" CONTENT="och"/><SP WIDTH="19" VPOS="620" HPOS="453"/>
							<String ID="string_94" HPOS="472" VPOS="619" WIDTH="136" HEIGHT="29" WC="0.96" CONTENT="tillräckligt"/><SP WIDTH="14" VPOS="619" HPOS="608"/>
							<String ID="string_95" HPOS="622" VPOS="619" WIDTH="100" HEIGHT="30" WC="0.96" CONTENT="rymliga"/><SP WIDTH="15" VPOS="619" HPOS="722"/>
							<String ID="string_96" HPOS="737" VPOS="619" WIDTH="87" HEIGHT="22" WC="0.96" CONTENT="lokaler"/><SP WIDTH="15" VPOS="619" HPOS="824"/>
							<String ID="string_97" HPOS="839" VPOS="619" WIDTH="44" HEIGHT="22" WC="0.96" CONTENT="och"/>
						</TextLine>
						<TextLine ID="line_13" HPOS="128" VPOS="655" WIDTH="754" HEIGHT="30">
							<String ID="string_98" HPOS="128" VPOS="656" WIDTH="123" HEIGHT="29" WC="0.93" CONTENT="uppsikten"/><SP WIDTH="9" VPOS="656" HPOS="251"/>
							<String ID="string_99" HPOS="260" VPOS="655" WIDTH="64" HEIGHT="23" WC="0.96" CONTENT="öfver"/><SP WIDTH="11" VPOS="655" HPOS="324"/>
							<String ID="string_100" HPOS="335" VPOS="656" WIDTH="51" HEIGHT="21" WC="0.93" CONTENT="dem"/><SP WIDTH="11" VPOS="656" HPOS="386"/>
							<String ID="string_101" HPOS="397" VPOS="655" WIDTH="112" HEIGHT="22" WC="0.91" CONTENT="anförtros"/><SP WIDTH="11" VPOS="655" HPOS="509"/>
							<String ID="string_102" HPOS="520" VPOS="657" WIDTH="26" HEIGHT="20" WC="0.96" CONTENT="ät"/><SP WIDTH="10" VPOS="657" HPOS="546"/>
							<String ID="string_103" HPOS="556" VPOS="655" WIDTH="110" HEIGHT="22" WC="0.93" CONTENT="särskilda"/><SP WIDTH="10" VPOS="655" HPOS="666"/>
							<String ID="string_104" HPOS="676" VPOS="655" WIDTH="145" HEIGHT="29" WC="0.92" CONTENT="tjänstemän,"/><SP WIDTH="12" VPOS="655" HPOS="821"/>
							<String ID="string_105" HPOS="833" VPOS="662" WIDTH="49" HEIGHT="15" WC="0.96" CONTENT="som"/>
						</TextLine>
						<TextLine ID="line_14" HPOS="126" VPOS="691" WIDTH="756" HEIGHT="30">
							<String ID="string_106" HPOS="126" VPOS="691" WIDTH="73" HEIGHT="30" WC="0.91" CONTENT="jämte"/><SP WIDTH="23" VPOS="691" HPOS="199"/>
							<String ID="string_107" HPOS="222" VPOS="692" WIDTH="40" HEIGHT="21" WC="0.96" CONTENT="det"/><SP WIDTH="20" VPOS="692" HPOS="262"/>
							<String ID="string_108" HPOS="282" VPOS="692" WIDTH="28" HEIGHT="21" WC="0.93" CONTENT="de"/><SP WIDTH="15" VPOS="692" HPOS="310"/>
							<String ID="string_109" HPOS="325" VPOS="691" WIDTH="84" HEIGHT="22" WC="0.91" CONTENT="besitta"/><SP WIDTH="15" VPOS="691" HPOS="409"/>
							<String ID="string_110" HPOS="424" VPOS="693" WIDTH="34" HEIGHT="20" WC="0.93" CONTENT="ett"/><SP WIDTH="15" VPOS="693" HPOS="458"/>
							<String ID="string_111" HPOS="473" VPOS="691" WIDTH="83" HEIGHT="29" WC="0.93" CONTENT="nödigt"/><SP WIDTH="14" VPOS="691" HPOS="556"/>
							<String ID="string_112" HPOS="570" VPOS="693" WIDTH="60" HEIGHT="20" WC="0.92" CONTENT="mätt"/><SP WIDTH="15" VPOS="693" HPOS="630"/>
							<String ID="string_113" HPOS="645" VPOS="691" WIDTH="123" HEIGHT="22" WC="0.92" CONTENT="historiska"/><SP WIDTH="15" VPOS="691" HPOS="768"/>
							<String ID="string_114" HPOS="783" VPOS="691" WIDTH="99" HEIGHT="22" WC="0.91" CONTENT="kunska-"/>
						</TextLine>
						<TextLine ID="line_15" HPOS="128" VPOS="726" WIDTH="758" HEIGHT="31">
							<String ID="string_115" HPOS="128" VPOS="736" WIDTH="41" HEIGHT="21" WC="0.96" CONTENT="per"/><SP WIDTH="15" VPOS="736" HPOS="169"/>
							<String ID="string_116" HPOS="184" VPOS="728" WIDTH="63" HEIGHT="29" WC="0.96" CONTENT="gjort"/><SP WIDTH="15" VPOS="728" HPOS="247"/>
							<String ID="string_117" HPOS="262" VPOS="728" WIDTH="36" HEIGHT="29" WC="0.93" CONTENT="sig"/><SP WIDTH="14" VPOS="728" HPOS="298"/>
							<String ID="string_118" HPOS="312" VPOS="727" WIDTH="119" HEIGHT="29" WC="0.92" CONTENT="förtrogna"/><SP WIDTH="15" VPOS="727" HPOS="431"/>
							<String ID="string_119" HPOS="446" VPOS="727" WIDTH="51" HEIGHT="22" WC="0.96" CONTENT="med"/><SP WIDTH="22" VPOS="727" HPOS="497"/>
							<String ID="string_120" HPOS="519" VPOS="727" WIDTH="101" HEIGHT="22" WC="0.96" CONTENT="skötseln"/><SP WIDTH="23" VPOS="727" HPOS="620"/>
							<String ID="string_121" HPOS="643" VPOS="727" WIDTH="43" HEIGHT="22" WC="0.93" CONTENT="och"/><SP WIDTH="24" VPOS="727" HPOS="686"/>
							<String ID="string_122" HPOS="710" VPOS="727" WIDTH="127" HEIGHT="22" WC="0.92" CONTENT="ordnandet"/><SP WIDTH="22" VPOS="727" HPOS="837"/>
							<String ID="string_123" HPOS="859" VPOS="726" WIDTH="27" HEIGHT="23" WC="0.97" CONTENT="af"/>
						</TextLine>
						<TextLine ID="line_16" HPOS="130" VPOS="763" WIDTH="753" HEIGHT="29">
							<String ID="string_124" HPOS="130" VPOS="763" WIDTH="71" HEIGHT="22" WC="0.93" CONTENT="arkiv."/><SP WIDTH="21" VPOS="763" HPOS="201"/>
							<String ID="string_125" HPOS="222" VPOS="763" WIDTH="118" HEIGHT="29" WC="0.96" CONTENT="Därjämte"/><SP WIDTH="15" VPOS="763" HPOS="340"/>
							<String ID="string_126" HPOS="355" VPOS="763" WIDTH="70" HEIGHT="22" WC="0.96" CONTENT="borde"/><SP WIDTH="16" VPOS="763" HPOS="425"/>
							<String ID="string_127" HPOS="441" VPOS="763" WIDTH="73" HEIGHT="29" WC="0.93" CONTENT="enligt"/><SP WIDTH="15" VPOS="763" HPOS="514"/>
							<String ID="string_128" HPOS="529" VPOS="763" WIDTH="147" HEIGHT="22" WC="0.96" CONTENT="Samfundets"/><SP WIDTH="15" VPOS="763" HPOS="676"/>
							<String ID="string_129" HPOS="691" VPOS="763" WIDTH="94" HEIGHT="29" WC="0.93" CONTENT="mening"/><SP WIDTH="15" VPOS="763" HPOS="785"/>
							<String ID="string_130" HPOS="800" VPOS="763" WIDTH="83" HEIGHT="28" WC="0.96" CONTENT="högsta"/>
						</TextLine>
						<TextLine ID="line_17" HPOS="129" VPOS="799" WIDTH="753" HEIGHT="29">
							<String ID="string_131" HPOS="129" VPOS="799" WIDTH="123" HEIGHT="29" WC="0.92" CONTENT="ledningen"/><SP WIDTH="16" VPOS="799" HPOS="252"/>
							<String ID="string_132" HPOS="268" VPOS="799" WIDTH="26" HEIGHT="22" WC="0.93" CONTENT="af"/><SP WIDTH="12" VPOS="799" HPOS="294"/>
							<String ID="string_133" HPOS="306" VPOS="799" WIDTH="88" HEIGHT="22" WC="0.92" CONTENT="landets"/><SP WIDTH="16" VPOS="799" HPOS="394"/>
							<String ID="string_134" HPOS="410" VPOS="799" WIDTH="107" HEIGHT="29" WC="0.96" CONTENT="samtliga"/><SP WIDTH="15" VPOS="799" HPOS="517"/>
							<String ID="string_135" HPOS="532" VPOS="799" WIDTH="66" HEIGHT="22" WC="0.93" CONTENT="arkiv"/><SP WIDTH="10" VPOS="799" HPOS="598"/>
							<String ID="string_136" HPOS="608" VPOS="799" WIDTH="129" HEIGHT="22" WC="0.92" CONTENT="tillkomma"/><SP WIDTH="9" VPOS="799" HPOS="737"/>
							<String ID="string_137" HPOS="746" VPOS="807" WIDTH="29" HEIGHT="14" WC="0.97" CONTENT="en"/><SP WIDTH="11" VPOS="807" HPOS="775"/>
							<String ID="string_138" HPOS="786" VPOS="799" WIDTH="96" HEIGHT="22" WC="0.96" CONTENT="särskild"/>
						</TextLine>
						<TextLine ID="line_18" HPOS="130" VPOS="834" WIDTH="751" HEIGHT="30">
							<String ID="string_139" HPOS="130" VPOS="835" WIDTH="26" HEIGHT="22" WC="0.93" CONTENT="af"/><SP WIDTH="16" VPOS="835" HPOS="156"/>
							<String ID="string_140" HPOS="172" VPOS="835" WIDTH="131" HEIGHT="29" WC="0.92" CONTENT="Kejserliga"/><SP WIDTH="15" VPOS="835" HPOS="303"/>
							<String ID="string_141" HPOS="318" VPOS="835" WIDTH="98" HEIGHT="22" WC="0.92" CONTENT="Senaten"/><SP WIDTH="16" VPOS="835" HPOS="416"/>
							<String ID="string_142" HPOS="432" VPOS="835" WIDTH="82" HEIGHT="21" WC="0.92" CONTENT="utsedd"/><SP WIDTH="17" VPOS="835" HPOS="514"/>
							<String ID="string_143" HPOS="531" VPOS="835" WIDTH="161" HEIGHT="28" WC="0.91" CONTENT="arkivstyrelse"/><SP WIDTH="15" VPOS="835" HPOS="692"/>
							<String ID="string_144" HPOS="707" VPOS="835" WIDTH="9" HEIGHT="22" WC="0.96" CONTENT="i"/><SP WIDTH="15" VPOS="835" HPOS="716"/>
							<String ID="string_145" HPOS="731" VPOS="834" WIDTH="150" HEIGHT="29" WC="0.96" CONTENT="Helsingfors."/>
						</TextLine>
						<TextLine ID="line_19" HPOS="130" VPOS="871" WIDTH="753" HEIGHT="30">
							<String ID="string_146" HPOS="130" VPOS="871" WIDTH="114" HEIGHT="30" WC="0.96" CONTENT="Slutligen"/><SP WIDTH="23" VPOS="871" HPOS="244"/>
							<String ID="string_147" HPOS="267" VPOS="872" WIDTH="85" HEIGHT="22" WC="0.94" CONTENT="uttalar"/><SP WIDTH="23" VPOS="872" HPOS="352"/>
							<String ID="string_148" HPOS="375" VPOS="871" WIDTH="136" HEIGHT="22" WC="0.96" CONTENT="Samfundet"/><SP WIDTH="24" VPOS="871" HPOS="511"/>
							<String ID="string_149" HPOS="535" VPOS="879" WIDTH="49" HEIGHT="15" WC="0.96" CONTENT="som"/><SP WIDTH="23" VPOS="879" HPOS="584"/>
							<String ID="string_150" HPOS="607" VPOS="874" WIDTH="34" HEIGHT="19" WC="0.93" CONTENT="ett"/><SP WIDTH="18" VPOS="874" HPOS="641"/>
							<String ID="string_151" HPOS="659" VPOS="871" WIDTH="173" HEIGHT="29" WC="0.38" CONTENT="önskningsmäl"/><SP WIDTH="16" VPOS="871" HPOS="832"/>
							<String ID="string_152" HPOS="848" VPOS="873" WIDTH="35" HEIGHT="20" WC="0.96" CONTENT="att"/>
						</TextLine>
						<TextLine ID="line_20" HPOS="129" VPOS="907" WIDTH="754" HEIGHT="29">
							<String ID="string_153" HPOS="129" VPOS="907" WIDTH="147" HEIGHT="29" WC="0.96" CONTENT="Regeringen"/><SP WIDTH="15" VPOS="907" HPOS="276"/>
							<String ID="string_154" HPOS="291" VPOS="908" WIDTH="51" HEIGHT="21" WC="0.96" CONTENT="med"/><SP WIDTH="15" VPOS="908" HPOS="342"/>
							<String ID="string_155" HPOS="357" VPOS="908" WIDTH="90" HEIGHT="28" WC="0.96" CONTENT="hänsyn"/><SP WIDTH="15" VPOS="908" HPOS="447"/>
							<String ID="string_156" HPOS="462" VPOS="907" WIDTH="36" HEIGHT="21" WC="0.93" CONTENT="till"/><SP WIDTH="15" VPOS="907" HPOS="498"/>
							<String ID="string_157" HPOS="513" VPOS="907" WIDTH="95" HEIGHT="29" WC="0.92" CONTENT="frägans"/><SP WIDTH="19" VPOS="907" HPOS="608"/>
							<String ID="string_158" HPOS="627" VPOS="908" WIDTH="4" HEIGHT="20" WC="0.93" CONTENT="i"/><SP WIDTH="23" VPOS="908" HPOS="631"/>
							<String ID="string_159" HPOS="654" VPOS="910" WIDTH="84" HEIGHT="26" WC="0.91" CONTENT="mänga"/><SP WIDTH="23" VPOS="910" HPOS="738"/>
							<String ID="string_160" HPOS="761" VPOS="907" WIDTH="122" HEIGHT="21" WC="0.92" CONTENT="afseenden"/>
						</TextLine>
						<TextLine ID="line_21" HPOS="130" VPOS="943" WIDTH="752" HEIGHT="29">
							<String ID="string_161" HPOS="130" VPOS="943" WIDTH="149" HEIGHT="22" WC="0.90" CONTENT="oförberedda"/><SP WIDTH="15" VPOS="943" HPOS="279"/>
							<String ID="string_162" HPOS="294" VPOS="943" WIDTH="64" HEIGHT="21" WC="0.92" CONTENT="skick"/><SP WIDTH="16" VPOS="943" HPOS="358"/>
							<String ID="string_163" HPOS="374" VPOS="943" WIDTH="54" HEIGHT="22" WC="0.93" CONTENT="ville"/><SP WIDTH="15" VPOS="943" HPOS="428"/>
							<String ID="string_164" HPOS="443" VPOS="943" WIDTH="107" HEIGHT="21" WC="0.92" CONTENT="nedsätta"/><SP WIDTH="15" VPOS="943" HPOS="550"/>
							<String ID="string_165" HPOS="565" VPOS="950" WIDTH="29" HEIGHT="14" WC="0.96" CONTENT="en"/><SP WIDTH="15" VPOS="950" HPOS="594"/>
							<String ID="string_166" HPOS="609" VPOS="943" WIDTH="27" HEIGHT="22" WC="0.97" CONTENT="af"/><SP WIDTH="12" VPOS="943" HPOS="636"/>
							<String ID="string_167" HPOS="648" VPOS="943" WIDTH="145" HEIGHT="29" WC="0.93" CONTENT="sakkunniga"/><SP WIDTH="15" VPOS="943" HPOS="793"/>
							<String ID="string_168" HPOS="808" VPOS="950" WIDTH="74" HEIGHT="22" WC="0.92" CONTENT="perso-"/>
						</TextLine>
						<TextLine ID="line_22" HPOS="130" VPOS="978" WIDTH="753" HEIGHT="30">
							<String ID="string_169" HPOS="130" VPOS="986" WIDTH="40" HEIGHT="15" WC="0.96" CONTENT="ner"/><SP WIDTH="14" VPOS="986" HPOS="170"/>
							<String ID="string_170" HPOS="184" VPOS="979" WIDTH="122" HEIGHT="21" WC="0.93" CONTENT="bestående"/><SP WIDTH="16" VPOS="979" HPOS="306"/>
							<String ID="string_171" HPOS="322" VPOS="979" WIDTH="91" HEIGHT="27" WC="0.70" CONTENT="komitö,"/><SP WIDTH="17" VPOS="979" HPOS="413"/>
							<String ID="string_172" HPOS="430" VPOS="979" WIDTH="94" HEIGHT="22" WC="0.93" CONTENT="hvilken"/><SP WIDTH="15" VPOS="979" HPOS="524"/>
							<String ID="string_173" HPOS="539" VPOS="979" WIDTH="59" HEIGHT="29" WC="0.91" CONTENT="egde"/><SP WIDTH="10" VPOS="979" HPOS="598"/>
							<String ID="string_174" HPOS="608" VPOS="981" WIDTH="35" HEIGHT="19" WC="0.93" CONTENT="att"/><SP WIDTH="9" VPOS="981" HPOS="643"/>
							<String ID="string_175" HPOS="652" VPOS="981" WIDTH="105" HEIGHT="27" WC="0.93" CONTENT="uppgöra"/><SP WIDTH="10" VPOS="981" HPOS="757"/>
							<String ID="string_176" HPOS="767" VPOS="981" WIDTH="34" HEIGHT="19" WC="0.93" CONTENT="ett"/><SP WIDTH="11" VPOS="981" HPOS="801"/>
							<String ID="string_177" HPOS="812" VPOS="978" WIDTH="71" HEIGHT="22" WC="0.93" CONTENT="detal-"/>
						</TextLine>
						<TextLine ID="line_23" HPOS="127" VPOS="1014" WIDTH="754" HEIGHT="30">
							<String ID="string_178" HPOS="127" VPOS="1014" WIDTH="77" HEIGHT="30" WC="0.91" CONTENT="jeradt"/><SP WIDTH="17" VPOS="1014" HPOS="204"/>
							<String ID="string_179" HPOS="221" VPOS="1014" WIDTH="87" HEIGHT="29" WC="0.93" CONTENT="förslag"/><SP WIDTH="17" VPOS="1014" HPOS="308"/>
							<String ID="string_180" HPOS="325" VPOS="1015" WIDTH="95" HEIGHT="21" WC="0.93" CONTENT="rörande"/><SP WIDTH="19" VPOS="1015" HPOS="420"/>
							<String ID="string_181" HPOS="439" VPOS="1014" WIDTH="187" HEIGHT="22" WC="0.92" CONTENT="arkivväsendets"/><SP WIDTH="17" VPOS="1014" HPOS="626"/>
							<String ID="string_182" HPOS="643" VPOS="1014" WIDTH="116" HEIGHT="22" WC="0.96" CONTENT="ordnande"/><SP WIDTH="15" VPOS="1014" HPOS="759"/>
							<String ID="string_183" HPOS="774" VPOS="1014" WIDTH="9" HEIGHT="22" WC="0.96" CONTENT="i"/><SP WIDTH="15" VPOS="1014" HPOS="783"/>
							<String ID="string_184" HPOS="798" VPOS="1014" WIDTH="83" HEIGHT="22" WC="0.95" CONTENT="landet."/>
						</TextLine>
					</TextBlock>
					<TextBlock ID="block_2" HPOS="129" VPOS="1050" WIDTH="758" HEIGHT="422">
						<TextLine ID="line_24" HPOS="201" VPOS="1050" WIDTH="682" HEIGHT="22">
							<String ID="string_185" HPOS="201" VPOS="1051" WIDTH="37" HEIGHT="21" WC="0.96" CONTENT="Då"/><SP WIDTH="22" VPOS="1051" HPOS="238"/>
							<String ID="string_186" HPOS="260" VPOS="1050" WIDTH="120" HEIGHT="22" WC="0.95" CONTENT="Utskottet"/><SP WIDTH="23" VPOS="1050" HPOS="380"/>
							<String ID="string_187" HPOS="403" VPOS="1050" WIDTH="125" HEIGHT="22" WC="0.95" CONTENT="emellertid"/><SP WIDTH="23" VPOS="1050" HPOS="528"/>
							<String ID="string_188" HPOS="551" VPOS="1050" WIDTH="78" HEIGHT="22" WC="0.95" CONTENT="funnit"/><SP WIDTH="19" VPOS="1050" HPOS="629"/>
							<String ID="string_189" HPOS="648" VPOS="1050" WIDTH="44" HEIGHT="22" WC="0.96" CONTENT="den"/><SP WIDTH="16" VPOS="1050" HPOS="692"/>
							<String ID="string_190" HPOS="708" VPOS="1050" WIDTH="27" HEIGHT="22" WC="0.96" CONTENT="af"/><SP WIDTH="12" VPOS="1050" HPOS="735"/>
							<String ID="string_191" HPOS="747" VPOS="1050" WIDTH="136" HEIGHT="22" WC="0.94" CONTENT="Samfundet"/>
						</TextLine>
						<TextLine ID="line_25" HPOS="129" VPOS="1085" WIDTH="754" HEIGHT="30">
							<String ID="string_192" HPOS="129" VPOS="1088" WIDTH="119" HEIGHT="27" WC="0.96" CONTENT="upptagna"/><SP WIDTH="26" VPOS="1088" HPOS="248"/>
							<String ID="string_193" HPOS="274" VPOS="1086" WIDTH="83" HEIGHT="29" WC="0.95" CONTENT="frågan"/><SP WIDTH="26" VPOS="1086" HPOS="357"/>
							<String ID="string_194" HPOS="383" VPOS="1093" WIDTH="37" HEIGHT="15" WC="0.95" CONTENT="om"/><SP WIDTH="27" VPOS="1093" HPOS="420"/>
							<String ID="string_195" HPOS="447" VPOS="1094" WIDTH="28" HEIGHT="14" WC="0.95" CONTENT="en"/><SP WIDTH="28" VPOS="1094" HPOS="475"/>
							<String ID="string_196" HPOS="503" VPOS="1086" WIDTH="195" HEIGHT="29" WC="0.92" CONTENT="genomgripande"/><SP WIDTH="31" VPOS="1086" HPOS="698"/>
							<String ID="string_197" HPOS="729" VPOS="1085" WIDTH="154" HEIGHT="30" WC="0.90" CONTENT="omorganisa-"/>
						</TextLine>
						<TextLine ID="line_26" HPOS="129" VPOS="1121" WIDTH="754" HEIGHT="23">
							<String ID="string_198" HPOS="129" VPOS="1122" WIDTH="50" HEIGHT="22" WC="0.96" CONTENT="tion"/><SP WIDTH="23" VPOS="1122" HPOS="179"/>
							<String ID="string_199" HPOS="202" VPOS="1122" WIDTH="26" HEIGHT="21" WC="0.96" CONTENT="af"/><SP WIDTH="20" VPOS="1122" HPOS="228"/>
							<String ID="string_200" HPOS="248" VPOS="1124" WIDTH="52" HEIGHT="20" WC="0.93" CONTENT="vårt"/><SP WIDTH="22" VPOS="1124" HPOS="300"/>
							<String ID="string_201" HPOS="322" VPOS="1122" WIDTH="165" HEIGHT="22" WC="0.92" CONTENT="arkivväsende"/><SP WIDTH="18" VPOS="1122" HPOS="487"/>
							<String ID="string_202" HPOS="505" VPOS="1122" WIDTH="65" HEIGHT="22" WC="0.96" CONTENT="öfver"/><SP WIDTH="22" VPOS="1122" HPOS="570"/>
							<String ID="string_203" HPOS="592" VPOS="1122" WIDTH="90" HEIGHT="21" WC="0.96" CONTENT="hufvud"/><SP WIDTH="22" VPOS="1122" HPOS="682"/>
							<String ID="string_204" HPOS="704" VPOS="1122" WIDTH="49" HEIGHT="21" WC="0.95" CONTENT="helt"/><SP WIDTH="23" VPOS="1122" HPOS="753"/>
							<String ID="string_205" HPOS="776" VPOS="1121" WIDTH="43" HEIGHT="22" WC="0.91" CONTENT="och"/><SP WIDTH="16" VPOS="1121" HPOS="819"/>
							<String ID="string_206" HPOS="835" VPOS="1121" WIDTH="48" HEIGHT="21" WC="0.91" CONTENT="hål-"/>
						</TextLine>
						<TextLine ID="line_27" HPOS="129" VPOS="1156" WIDTH="754" HEIGHT="30">
							<String ID="string_207" HPOS="129" VPOS="1158" WIDTH="33" HEIGHT="21" WC="0.96" CONTENT="let"/><SP WIDTH="25" VPOS="1158" HPOS="162"/>
							<String ID="string_208" HPOS="187" VPOS="1157" WIDTH="56" HEIGHT="22" WC="0.95" CONTENT="falla"/><SP WIDTH="27" VPOS="1157" HPOS="243"/>
							<String ID="string_209" HPOS="270" VPOS="1160" WIDTH="64" HEIGHT="19" WC="0.96" CONTENT="utom"/><SP WIDTH="25" VPOS="1160" HPOS="334"/>
							<String ID="string_210" HPOS="359" VPOS="1165" WIDTH="78" HEIGHT="13" WC="0.96" CONTENT="ramen"/><SP WIDTH="28" VPOS="1165" HPOS="437"/>
							<String ID="string_211" HPOS="465" VPOS="1157" WIDTH="36" HEIGHT="22" WC="0.96" CONTENT="för"/><SP WIDTH="28" VPOS="1157" HPOS="501"/>
							<String ID="string_212" HPOS="529" VPOS="1158" WIDTH="174" HEIGHT="26" WC="0.86" CONTENT="ifrågavarande"/><SP WIDTH="25" VPOS="1158" HPOS="703"/>
							<String ID="string_213" HPOS="728" VPOS="1156" WIDTH="155" HEIGHT="30" WC="0.91" CONTENT="petitionsför-"/>
						</TextLine>
						<TextLine ID="line_28" HPOS="130" VPOS="1192" WIDTH="754" HEIGHT="30">
							<String ID="string_214" HPOS="130" VPOS="1194" WIDTH="56" HEIGHT="28" WC="0.96" CONTENT="slag,"/><SP WIDTH="28" VPOS="1194" HPOS="186"/>
							<String ID="string_215" HPOS="214" VPOS="1200" WIDTH="48" HEIGHT="14" WC="0.93" CONTENT="som"/><SP WIDTH="26" VPOS="1200" HPOS="262"/>
							<String ID="string_216" HPOS="288" VPOS="1193" WIDTH="46" HEIGHT="22" WC="0.90" CONTENT="afse"/><SP WIDTH="27" VPOS="1193" HPOS="334"/>
							<String ID="string_217" HPOS="361" VPOS="1193" WIDTH="80" HEIGHT="22" WC="0.93" CONTENT="endast"/><SP WIDTH="26" VPOS="1193" HPOS="441"/>
							<String ID="string_218" HPOS="467" VPOS="1193" WIDTH="182" HEIGHT="29" WC="0.92" CONTENT="kyrkoarkivens"/><SP WIDTH="26" VPOS="1193" HPOS="649"/>
							<String ID="string_219" HPOS="675" VPOS="1193" WIDTH="140" HEIGHT="29" WC="0.95" CONTENT="skyddande,"/><SP WIDTH="27" VPOS="1193" HPOS="815"/>
							<String ID="string_220" HPOS="842" VPOS="1192" WIDTH="42" HEIGHT="22" WC="0.96" CONTENT="har"/>
						</TextLine>
						<TextLine ID="line_29" HPOS="130" VPOS="1228" WIDTH="754" HEIGHT="29">
							<String ID="string_221" HPOS="130" VPOS="1229" WIDTH="120" HEIGHT="22" WC="0.96" CONTENT="Utskottet"/><SP WIDTH="16" VPOS="1229" HPOS="250"/>
							<String ID="string_222" HPOS="266" VPOS="1231" WIDTH="74" HEIGHT="20" WC="0.96" CONTENT="ansett"/><SP WIDTH="16" VPOS="1231" HPOS="340"/>
							<String ID="string_223" HPOS="356" VPOS="1229" WIDTH="35" HEIGHT="28" WC="0.96" CONTENT="sig"/><SP WIDTH="15" VPOS="1229" HPOS="391"/>
							<String ID="string_224" HPOS="406" VPOS="1229" WIDTH="50" HEIGHT="21" WC="0.96" CONTENT="icke"/><SP WIDTH="16" VPOS="1229" HPOS="456"/>
							<String ID="string_225" HPOS="472" VPOS="1229" WIDTH="30" HEIGHT="22" WC="0.96" CONTENT="ha"/><SP WIDTH="15" VPOS="1229" HPOS="502"/>
							<String ID="string_226" HPOS="517" VPOS="1229" WIDTH="51" HEIGHT="22" WC="0.95" CONTENT="skäl"/><SP WIDTH="15" VPOS="1229" HPOS="568"/>
							<String ID="string_227" HPOS="583" VPOS="1231" WIDTH="35" HEIGHT="20" WC="0.96" CONTENT="att"/><SP WIDTH="14" VPOS="1231" HPOS="618"/>
							<String ID="string_228" HPOS="632" VPOS="1229" WIDTH="74" HEIGHT="21" WC="0.96" CONTENT="uttala"/><SP WIDTH="16" VPOS="1229" HPOS="706"/>
							<String ID="string_229" HPOS="722" VPOS="1229" WIDTH="37" HEIGHT="28" WC="0.96" CONTENT="sig"/><SP WIDTH="15" VPOS="1229" HPOS="759"/>
							<String ID="string_230" HPOS="774" VPOS="1236" WIDTH="37" HEIGHT="14" WC="0.93" CONTENT="om"/><SP WIDTH="10" VPOS="1236" HPOS="811"/>
							<String ID="string_231" HPOS="821" VPOS="1228" WIDTH="63" HEIGHT="22" WC="0.91" CONTENT="Sam-"/>
						</TextLine>
						<TextLine ID="line_30" HPOS="129" VPOS="1264" WIDTH="754" HEIGHT="29">
							<String ID="string_232" HPOS="129" VPOS="1265" WIDTH="93" HEIGHT="22" WC="0.91" CONTENT="fundets"/><SP WIDTH="25" VPOS="1265" HPOS="222"/>
							<String ID="string_233" HPOS="247" VPOS="1265" WIDTH="169" HEIGHT="28" WC="0.95" CONTENT="framställning"/><SP WIDTH="22" VPOS="1265" HPOS="416"/>
							<String ID="string_234" HPOS="438" VPOS="1265" WIDTH="96" HEIGHT="21" WC="0.93" CONTENT="rörande"/><SP WIDTH="26" VPOS="1265" HPOS="534"/>
							<String ID="string_235" HPOS="560" VPOS="1265" WIDTH="133" HEIGHT="25" WC="0.91" CONTENT="lokalarkiv,"/><SP WIDTH="29" VPOS="1265" HPOS="693"/>
							<String ID="string_236" HPOS="722" VPOS="1264" WIDTH="161" HEIGHT="29" WC="0.91" CONTENT="arkivstyrelse"/>
						</TextLine>
						<TextLine ID="line_31" HPOS="130" VPOS="1299" WIDTH="757" HEIGHT="29">
							<String ID="string_237" HPOS="130" VPOS="1301" WIDTH="43" HEIGHT="21" WC="0.87" CONTENT="och"/><SP WIDTH="23" VPOS="1301" HPOS="173"/>
							<String ID="string_238" HPOS="196" VPOS="1300" WIDTH="163" HEIGHT="22" WC="0.93" CONTENT="förberedande"/><SP WIDTH="22" VPOS="1300" HPOS="359"/>
							<String ID="string_239" HPOS="381" VPOS="1300" WIDTH="159" HEIGHT="23" WC="0.85" CONTENT="arkivkomitö."/><SP WIDTH="34" VPOS="1300" HPOS="540"/>
							<String ID="string_240" HPOS="574" VPOS="1300" WIDTH="48" HEIGHT="22" WC="0.93" CONTENT="Och"/><SP WIDTH="24" VPOS="1300" HPOS="622"/>
							<String ID="string_241" HPOS="646" VPOS="1300" WIDTH="100" HEIGHT="28" WC="0.94" CONTENT="emedan,"/><SP WIDTH="25" VPOS="1300" HPOS="746"/>
							<String ID="string_242" HPOS="771" VPOS="1302" WIDTH="75" HEIGHT="19" WC="0.96" CONTENT="såsom"/><SP WIDTH="15" VPOS="1302" HPOS="846"/>
							<String ID="string_243" HPOS="861" VPOS="1299" WIDTH="26" HEIGHT="22" WC="0.97" CONTENT="af"/>
						</TextLine>
						<TextLine ID="line_32" HPOS="130" VPOS="1336" WIDTH="754" HEIGHT="29">
							<String ID="string_244" HPOS="130" VPOS="1337" WIDTH="40" HEIGHT="21" WC="0.93" CONTENT="det"/><SP WIDTH="15" VPOS="1337" HPOS="170"/>
							<String ID="string_245" HPOS="185" VPOS="1336" WIDTH="95" HEIGHT="22" WC="0.95" CONTENT="anförda"/><SP WIDTH="15" VPOS="1336" HPOS="280"/>
							<String ID="string_246" HPOS="295" VPOS="1336" WIDTH="107" HEIGHT="29" WC="0.96" CONTENT="framgår,"/><SP WIDTH="17" VPOS="1336" HPOS="402"/>
							<String ID="string_247" HPOS="419" VPOS="1336" WIDTH="28" HEIGHT="21" WC="0.93" CONTENT="de"/><SP WIDTH="13" VPOS="1336" HPOS="447"/>
							<String ID="string_248" HPOS="460" VPOS="1336" WIDTH="124" HEIGHT="29" WC="0.95" CONTENT="yttranden"/><SP WIDTH="10" VPOS="1336" HPOS="584"/>
							<String ID="string_249" HPOS="594" VPOS="1336" WIDTH="121" HEIGHT="22" WC="0.96" CONTENT="Utskottet"/><SP WIDTH="10" VPOS="1336" HPOS="715"/>
							<String ID="string_250" HPOS="725" VPOS="1336" WIDTH="46" HEIGHT="21" WC="0.96" CONTENT="fått"/><SP WIDTH="9" VPOS="1336" HPOS="771"/>
							<String ID="string_251" HPOS="780" VPOS="1337" WIDTH="104" HEIGHT="26" WC="0.96" CONTENT="mottaga"/>
						</TextLine>
						<TextLine ID="line_33" HPOS="130" VPOS="1371" WIDTH="754" HEIGHT="30">
							<String ID="string_252" HPOS="130" VPOS="1372" WIDTH="51" HEIGHT="22" WC="0.96" CONTENT="från"/><SP WIDTH="15" VPOS="1372" HPOS="181"/>
							<String ID="string_253" HPOS="196" VPOS="1372" WIDTH="84" HEIGHT="21" WC="0.95" CONTENT="nämda"/><SP WIDTH="14" VPOS="1372" HPOS="280"/>
							<String ID="string_254" HPOS="294" VPOS="1374" WIDTH="41" HEIGHT="20" WC="0.95" CONTENT="två"/><SP WIDTH="16" VPOS="1374" HPOS="335"/>
							<String ID="string_255" HPOS="351" VPOS="1372" WIDTH="105" HEIGHT="29" WC="0.96" CONTENT="sällskap,"/><SP WIDTH="13" VPOS="1372" HPOS="456"/>
							<String ID="string_256" HPOS="469" VPOS="1372" WIDTH="70" HEIGHT="22" WC="0.96" CONTENT="äfven"/><SP WIDTH="11" VPOS="1372" HPOS="539"/>
							<String ID="string_257" HPOS="550" VPOS="1372" WIDTH="35" HEIGHT="21" WC="0.96" CONTENT="för"/><SP WIDTH="11" VPOS="1372" HPOS="585"/>
							<String ID="string_258" HPOS="596" VPOS="1374" WIDTH="24" HEIGHT="19" WC="0.96" CONTENT="så"/><SP WIDTH="10" VPOS="1374" HPOS="620"/>
							<String ID="string_259" HPOS="630" VPOS="1372" WIDTH="52" HEIGHT="22" WC="0.96" CONTENT="vidt"/><SP WIDTH="10" VPOS="1372" HPOS="682"/>
							<String ID="string_260" HPOS="692" VPOS="1372" WIDTH="28" HEIGHT="21" WC="0.93" CONTENT="de"/><SP WIDTH="11" VPOS="1372" HPOS="720"/>
							<String ID="string_261" HPOS="731" VPOS="1373" WIDTH="60" HEIGHT="27" WC="0.91" CONTENT="angå"/><SP WIDTH="9" VPOS="1373" HPOS="791"/>
							<String ID="string_262" HPOS="800" VPOS="1371" WIDTH="84" HEIGHT="29" WC="0.92" CONTENT="kyrko-"/>
						</TextLine>
						<TextLine ID="line_34" HPOS="131" VPOS="1406" WIDTH="754" HEIGHT="30">
							<String ID="string_263" HPOS="131" VPOS="1407" WIDTH="105" HEIGHT="22" WC="0.92" CONTENT="arkivens"/><SP WIDTH="23" VPOS="1407" HPOS="236"/>
							<String ID="string_264" HPOS="259" VPOS="1407" WIDTH="108" HEIGHT="22" WC="0.96" CONTENT="framtida"/><SP WIDTH="22" VPOS="1407" HPOS="367"/>
							<String ID="string_265" HPOS="389" VPOS="1408" WIDTH="63" HEIGHT="27" WC="0.96" CONTENT="vård,"/><SP WIDTH="25" VPOS="1408" HPOS="452"/>
							<String ID="string_266" HPOS="477" VPOS="1411" WIDTH="39" HEIGHT="18" WC="0.96" CONTENT="äro"/><SP WIDTH="23" VPOS="1411" HPOS="516"/>
							<String ID="string_267" HPOS="539" VPOS="1407" WIDTH="9" HEIGHT="22" WC="0.96" CONTENT="i"/><SP WIDTH="23" VPOS="1407" HPOS="548"/>
							<String ID="string_268" HPOS="571" VPOS="1407" WIDTH="47" HEIGHT="29" WC="0.96" CONTENT="hög"/><SP WIDTH="22" VPOS="1407" HPOS="618"/>
							<String ID="string_269" HPOS="640" VPOS="1407" WIDTH="58" HEIGHT="29" WC="0.93" CONTENT="grad"/><SP WIDTH="24" VPOS="1407" HPOS="698"/>
							<String ID="string_270" HPOS="722" VPOS="1407" WIDTH="101" HEIGHT="29" WC="0.90" CONTENT="stridiga,"/><SP WIDTH="20" VPOS="1407" HPOS="823"/>
							<String ID="string_271" HPOS="843" VPOS="1406" WIDTH="42" HEIGHT="22" WC="0.96" CONTENT="har"/>
						</TextLine>
						<TextLine ID="line_35" HPOS="130" VPOS="1442" WIDTH="755" HEIGHT="30">
							<String ID="string_272" HPOS="130" VPOS="1443" WIDTH="121" HEIGHT="22" WC="0.96" CONTENT="Utskottet"/><SP WIDTH="15" VPOS="1443" HPOS="251"/>
							<String ID="string_273" HPOS="266" VPOS="1443" WIDTH="50" HEIGHT="21" WC="0.96" CONTENT="icke"/><SP WIDTH="16" VPOS="1443" HPOS="316"/>
							<String ID="string_274" HPOS="332" VPOS="1443" WIDTH="72" HEIGHT="22" WC="0.95" CONTENT="häller"/><SP WIDTH="16" VPOS="1443" HPOS="404"/>
							<String ID="string_275" HPOS="420" VPOS="1443" WIDTH="63" HEIGHT="22" WC="0.93" CONTENT="velat"/><SP WIDTH="15" VPOS="1443" HPOS="483"/>
							<String ID="string_276" HPOS="498" VPOS="1443" WIDTH="89" HEIGHT="29" WC="0.90" CONTENT="afgifva"/><SP WIDTH="15" VPOS="1443" HPOS="587"/>
							<String ID="string_277" HPOS="602" VPOS="1445" WIDTH="72" HEIGHT="27" WC="0.96" CONTENT="något"/><SP WIDTH="10" VPOS="1445" HPOS="674"/>
							<String ID="string_278" HPOS="684" VPOS="1443" WIDTH="87" HEIGHT="28" WC="0.95" CONTENT="förslag"/><SP WIDTH="10" VPOS="1443" HPOS="771"/>
							<String ID="string_279" HPOS="781" VPOS="1442" WIDTH="104" HEIGHT="27" WC="0.89" CONTENT="därom,"/><SP WIDTH="-11" VPOS="1442" HPOS="885"/>
							<String ID="string_280" HPOS="874" VPOS="1438" WIDTH="15" HEIGHT="39" WC="0.89" CONTENT="i"/>
						</TextLine>
					</TextBlock>
				</ComposedBlock>
				<ComposedBlock ID="cblock_2" HPOS="203" VPOS="1491" WIDTH="524" HEIGHT="22">
					<TextBlock ID="block_3" HPOS="203" VPOS="1491" WIDTH="524" HEIGHT="22">
						<TextLine ID="line_36" HPOS="203" VPOS="1491" WIDTH="524" HEIGHT="22">
							<String ID="string_281" HPOS="203" VPOS="1491" WIDTH="108" HEIGHT="18" WC="0.93" CONTENT="Allmänna"/><SP WIDTH="10" VPOS="1491" HPOS="311"/>
							<String ID="string_282" HPOS="321" VPOS="1491" WIDTH="184" HEIGHT="22" WC="0.90" CONTENT="petitionsutskottets"/><SP WIDTH="14" VPOS="1491" HPOS="505"/>
							<String ID="string_283" HPOS="519" VPOS="1491" WIDTH="117" HEIGHT="18" WC="0.96" CONTENT="betänkande"/><SP WIDTH="12" VPOS="1491" HPOS="636"/>
							<String ID="string_284" HPOS="648" VPOS="1491" WIDTH="38" HEIGHT="18" WC="0.96" CONTENT="N:o"/><SP WIDTH="12" VPOS="1491" HPOS="686"/>
							<String ID="string_285" HPOS="698" VPOS="1491" WIDTH="29" HEIGHT="18" WC="0.95" CONTENT="18."/>
						</TextLine>
					</TextBlock>
				</ComposedBlock>
			</PrintSpace>
		</Page>
	</Layout>
</alto>
