1070 1742
214 179 28 20 28
398 178 281 24 Petitionsbetänkande
695 180 42 22 N:o
752 179 36 22 138.

283 241 28 21 Så
327 242 120 21 utvecklad
464 242 93 21 komme
573 242 44 21 den
633 242 6 21 i
657 244 54 19 1886
727 242 37 21 års
780 242 84 27 nådiga
874 242 98 28 reskript

213 275 34 21 till
263 276 73 26 grund
351 276 35 21 för
401 276 44 21 den
461 276 107 22 officiella
584 276 187 27 skriftväxlingen
780 276 67 27 lagda
855 277 116 27 likställig-

212 310 68 20 heten
301 312 31 19 att
351 310 70 22 blifva
443 311 154 27 förvärkligad
618 311 19 27 ej
659 312 97 20 allenast
776 311 36 21 för
831 311 79 27 hvarje
924 312 47 20 lan-

214 344 49 21 dets
290 344 154 28 medborgare,
472 345 129 21 oberoende
624 346 25 20 af
673 346 159 20 ämbetsmäns
859 346 112 27 godtycke

214 379 44 20 och
281 379 218 28 majoritetsspråket
522 380 7 20 i
552 380 44 20 den
619 380 114 21 kommun
753 380 47 20 han
815 380 84 26 tillhör,
915 382 56 18 utan

214 413 67 21 äfven
304 414 34 20 för
360 414 78 27 hvarje
460 414 91 21 enskild
574 414 145 27 tjänsteman,
742 414 70 26 högre
835 414 53 21 eller
904 414 65 26 lägre.

214 448 50 20 Den
287 448 148 26 formulering
457 448 25 21 af
501 448 124 28 petitionen
650 448 6 21 i
678 448 76 21 denna
785 448 43 26 del,
856 455 50 14 som
934 448 37 21 Ut-

214 482 94 21 skottets
323 482 145 21 betänkande
485 482 134 27 innehåller,
639 483 63 21 torde
718 483 30 27 på
763 490 32 13 nu
808 482 97 21 anförda
920 482 50 21 skäl

214 516 80 21 kunna
313 523 67 15 anses
401 517 76 21 såsom
493 517 44 21 den
554 517 30 27 på
600 524 89 14 samma
705 517 59 27 gång
779 517 191 21 konsekventaste

214 553 60 18 samt
294 553 58 19 mest
370 552 68 20 enkla
454 552 43 20 och
514 552 141 20 omfattande
672 551 145 27 tillämpning
833 551 25 21 af
870 551 44 21 den
930 551 41 20 lik-

214 585 253 27 ställighetsgrundsats,
483 586 95 20 hvilken
594 586 73 20 finnes
683 585 88 21 uttalad
791 586 44 20 och
852 585 117 21 vidhållen

213 618 6 21 i
243 619 42 21 vår
307 620 221 26 språklagstiftnings
547 620 241 26 grundförfattningar,
806 620 54 20 1863
876 620 36 20 års
928 620 42 20 för-

214 653 97 27 ordning
327 654 43 21 och
387 655 54 20 1886
457 655 36 21 års
510 655 103 27 reskript.

283 688 35 20 En
339 688 72 21 sådan
434 689 91 27 lösning
548 690 43 20 har
615 689 124 21 emellertid
755 688 51 22 icke
821 688 149 21 tillfredsstält

213 722 27 20 de
260 728 99 22 grupper
378 722 63 22 inom
461 723 119 27 Utskottet,
602 730 50 14 som
671 725 154 25 representera
841 722 51 22 dess
908 722 61 21 olika

213 756 146 27 minoriteter,
378 759 55 19 utan
454 758 42 20 har
512 764 54 14 man
583 758 48 21 dels
647 758 98 27 påyrkat
760 764 28 14 en
804 758 40 20 allt
859 756 110 22 vidsträk-

212 792 48 19 tare
278 791 145 28 tillämpning
445 792 25 20 af
483 791 349 28 kommunalspråksprincipen,
851 791 25 21 så
892 793 31 18 att
939 790 30 21 äf-

212 831 44 14 ven
273 825 86 21 sådana
375 826 109 20 områden
500 833 51 14 som
570 826 171 28 domkapitlens
757 826 44 20 och
816 826 152 20 hofrätternas

212 859 180 21 ämbetsdistrikt
415 863 59 18 samt
496 861 69 20 länen
588 861 73 20 blefve
677 860 142 26 underlagda
834 860 133 26 majoritets-

212 893 93 26 språket
327 893 76 21 såsom
426 895 65 26 regel,
514 895 118 20 äfvensom
656 895 44 20 alla
724 895 70 26 högre
810 893 158 28 myndigheter

210 927 133 21 förbundna
367 930 31 18 att
421 928 7 21 i
451 929 34 20 sin
509 929 141 26 brefväxling
673 929 52 20 med
742 929 28 20 de
786 929 60 26 lägre
862 927 106 21 använda

212 961 79 21 dessas
311 961 105 22 officiella
437 963 75 26 språk,
532 963 49 20 dels
597 963 76 21 såsom
690 965 30 19 ett
736 961 233 27 förmedlingsförslag

211 995 102 26 godkänt
335 995 76 22 denna
432 997 89 27 princip
543 997 61 20 hvad
625 997 108 21 beträffar
753 996 142 21 underrätter
910 998 59 18 samt

211 1029 78 21 lokala
309 1030 181 21 administrativa
514 1031 159 27 myndigheter
691 1031 44 21 och
751 1031 145 26 tjänstemän,
913 1030 56 20 hvil-

211 1063 42 21 kas
272 1064 147 21 värksamhet
440 1065 107 21 omfattar
566 1065 81 21 endast
662 1072 27 14 en
706 1066 115 20 kommun
837 1065 54 20 eller
906 1064 63 21 kom-

211 1105 83 14 muner
312 1098 51 21 med
383 1105 90 14 samma
488 1099 205 28 protokollsspråk.
724 1099 31 20 Af
770 1099 68 26 hvad,
854 1105 51 14 som
920 1098 49 21 tidi-

210 1137 53 21 gare
288 1133 92 25 anförts,
406 1133 64 21 torde
496 1134 94 26 framgå,
616 1136 32 18 att
670 1134 67 21 dessa
761 1133 60 20 båda
842 1132 126 27 alternativ,

210 1166 75 21 ehuru
301 1167 142 26 naturligtvis
458 1168 7 20 i
480 1168 156 26 väsendtligen
653 1168 62 21 olika
734 1167 62 27 grad,
812 1167 111 20 innebära
939 1169 30 18 ett

211 1200 149 21 våldförande
378 1201 25 20 af
419 1201 44 21 den
480 1209 72 14 sanna
568 1202 190 27 likställighetens
774 1201 89 28 princip
880 1201 43 20 och
939 1203 30 18 ett

210 1234 149 21 erkännande
381 1235 26 21 af
426 1235 245 28 majoritetsprincipen
691 1236 53 21 med
760 1236 45 20 alla
820 1235 52 21 dess
888 1235 80 20 konse-

210 1268 103 21 kvenser.
345 1269 71 22 Dessa
439 1270 83 27 förslag
544 1271 56 20 bära
622 1271 119 20 dessutom
764 1270 7 21 i
794 1270 36 21 sin
848 1269 120 26 affattning

210 1303 55 26 spår
280 1303 25 20 af
317 1310 28 14 en
362 1303 49 22 inre
427 1304 115 27 söndring,
559 1311 27 14 ur
601 1305 94 21 hvilken
711 1305 46 20 den
773 1303 97 22 ledande
886 1303 82 27 grund-

210 1339 77 19 satsen
303 1337 80 22 endast
398 1338 52 21 med
466 1339 114 26 svårighet
596 1339 46 20 kan
657 1339 125 25 framletas,
798 1338 44 21 och
855 1339 112 25 utmynna

210 1370 6 21 i
240 1371 99 28 detaljer,
363 1379 51 14 som
437 1373 29 26 på
488 1373 74 26 grund
581 1373 25 20 af
618 1375 89 19 ämnets
723 1375 69 18 natur
808 1371 72 22 delvis
896 1371 71 21 måste

209 1411 69 16 anses
299 1406 53 21 falla
368 1409 64 18 utom
448 1407 27 20 de
490 1408 59 19 rätta
564 1407 136 21 rämärkena
717 1407 36 20 för
768 1406 140 21 Ständernas
923 1406 45 26 lag-

210 1439 219 28 stiftningsinitiativ.
