1092 1739
91 230 104 17 valbarhet
208 230 29 17 till
250 230 37 17 den
299 230 132 23 korporation,
445 230 186 23 stadsfullmäktige,
644 235 41 13 som
699 231 36 17 har
748 231 29 17 att
790 231 7 17 i
806 230 43 18 råd-

89 258 135 18 husstämmas
236 258 58 18 ställe
306 258 114 23 handlägga
432 259 124 18 kommunala
569 259 172 23 angelägenheter.

159 293 66 17 Ehuru
244 293 22 17 de
279 297 48 18 nyss
340 292 84 19 nämnda
437 293 168 23 författningarna
618 294 22 17 af
652 295 43 16 1865
709 294 36 17 och
758 294 44 17 1873
815 293 34 18 äro

91 321 65 23 bygda
174 321 26 23 på
218 321 124 23 väsentligen
358 321 102 19 enahanda
477 322 89 23 grunder,
583 327 59 13 anser
655 323 36 22 jag
704 322 41 23 mig
757 321 48 18 böra
817 322 32 17 be-

90 350 74 23 gränsa
179 350 45 18 mitt
236 350 76 23 förslag
324 351 30 17 till
367 351 29 17 att
409 351 47 22 gilla
470 351 70 18 endast
552 351 84 18 kvinnas
649 350 104 19 valbarhet
765 351 7 17 i
786 350 63 18 stads-

91 379 97 18 kommun.
212 379 29 18 Då
258 379 99 23 nämligen
376 385 24 12 en
418 379 60 23 nådig
496 380 121 23 proposition
635 379 44 19 med
692 379 77 23 förslag
782 379 29 18 till
825 384 25 17 ny

92 407 114 24 förordning
218 413 31 13 om
261 408 259 23 kommunalförvaltningen
530 409 26 22 på
566 408 67 18 landet
642 408 33 18 vid
682 408 65 18 denna
756 408 95 22 landtdag

94 436 106 24 föreligger
219 437 28 18 till
266 437 123 22 behandling,
409 442 59 17 synes
488 437 54 18 detta
560 437 72 22 utgöra
650 437 29 18 ett
692 437 78 18 formelt
782 437 69 18 hinder

92 465 30 18 för
138 466 30 17 att
180 471 80 12 numera
273 466 6 17 i
293 466 124 22 motionsväg
430 466 74 18 föreslå
517 471 23 12 en
552 465 80 23 partiell
645 465 83 23 ändring
740 466 7 17 i
761 467 43 16 1865
818 465 32 18 års

92 494 120 23 förordning.

161 529 35 17 Ett
208 529 106 23 fjerdedels
328 529 54 18 sekel
395 529 35 17 har
443 529 45 22 gått
500 529 30 18 till
543 529 51 18 ända
607 529 61 17 sedan
679 529 44 17 1872
731 529 32 17 års
771 528 80 18 ständer

93 558 71 21 antogo
184 557 37 18 den
239 557 33 22 lag
291 562 30 13 om
340 557 105 18 städernas
461 557 239 23 kommunalförvaltning,
717 562 42 13 som
772 557 22 18 år
808 557 43 18 1873

92 585 42 18 blef
150 585 98 19 utfärdad.
273 586 40 18 Den
332 585 110 23 betydande
462 585 87 24 ändring,
569 591 42 12 som
630 585 99 19 härunder
745 587 32 22 egt
790 586 61 17 rum
838 581 18 33 i

93 615 37 17 den
142 615 94 22 myndiga
248 615 96 18 kvinnans
358 615 75 18 sociala
446 614 99 23 ställning,
559 615 55 17 torde
628 615 16 23 ej
658 614 49 18 böra
720 615 22 17 af
752 615 99 22 lagstifta-

94 648 34 13 ren
146 643 92 18 förbises.
262 644 7 17 I
288 643 23 18 de
330 643 52 18 olika
401 643 101 18 stadierna
521 644 22 17 af
559 643 34 18 det
608 643 67 18 arbete
688 648 42 13 som
743 644 76 17 utföres
833 644 22 17 af

94 672 84 18 handeln
194 672 36 18 och
242 672 97 18 industrin
352 672 80 22 deltaga
444 672 84 18 kvinnor
540 677 26 13 nu
578 673 6 16 i
598 672 45 18 vida
657 673 64 17 större
734 673 119 22 omfattning

94 701 25 18 än
132 701 46 18 förr.
196 701 10 17 I
219 706 23 13 en
254 701 72 23 mängd
334 701 250 23 undervisningsanstalter
591 701 84 18 erhåller
682 701 86 18 kvinnan
777 705 74 13 samma

95 729 100 18 allmänna
214 729 87 23 bildning
320 735 41 12 som
380 734 92 17 mannen;
491 730 6 17 i
513 730 128 22 yrkesskolor
656 729 57 18 idkar
725 730 38 17 hon
777 735 76 12 samma

94 758 122 18 fackstudier
235 763 41 13 som
295 759 44 17 han.
363 759 7 17 I
389 759 124 17 litteraturen
529 758 36 17 och
577 758 84 18 konsten
674 759 53 17 samt
739 758 114 23 isynnerhet

95 787 25 22 på
136 787 32 18 det
181 787 135 22 pedagogiska
328 787 88 18 området
429 787 36 22 gör
478 787 31 22 sig
521 787 98 17 kvinnans
631 786 108 23 begåfning
752 787 35 18 allt
799 792 54 13 mera

96 815 98 23 gällande.
224 816 77 17 Talrika
320 815 144 18 associationer
483 816 30 17 för
532 815 152 23 allmännyttiga
703 815 92 18 ändamål
807 821 46 17 upp-

95 843 59 19 bäras
174 845 22 17 af
212 845 96 17 kvinnans
328 844 112 22 intelligens
460 844 35 17 och
514 844 145 23 hängifvenhet.
688 844 35 18 Att
742 844 111 22 framlägga

95 873 91 18 närmare
199 873 55 18 bevis
268 873 29 18 till
310 872 44 19 stöd
368 873 30 17 för
410 873 118 22 påståendet
541 873 30 17 att
580 873 72 22 många
661 873 84 18 kvinnor
753 878 46 13 vore
810 873 44 17 fullt

96 902 126 23 kompetenta
235 902 29 18 att
277 903 66 17 såsom
356 901 182 23 stadsfullmäktige
549 902 36 17 och
595 902 66 18 såsom
672 902 108 18 ledamöter
789 902 7 17 i
806 901 47 18 folk-

97 931 180 21 skoledirektioner,
290 930 219 22 hälsovärdsnämnder,
522 936 23 12 m.
559 936 24 13 m.
596 931 61 18 verka
670 931 30 18 för
713 931 30 18 sin
751 931 103 18 kommuns

95 959 104 22 intressen,
218 959 54 18 torde
291 965 49 12 vara
357 959 103 23 behöfligt.
486 959 36 18 För
540 959 39 18 min
593 959 30 18 del
637 960 61 17 skulle
708 960 37 23 jag
757 960 53 17 finna
823 959 32 18 det

96 988 90 24 omöjligt
204 988 30 17 att
253 988 73 21 bevisa,
345 988 30 18 att
393 988 64 17 denna
476 988 114 23 kompetens
607 988 51 18 ännu
671 989 80 17 saknas.
776 988 38 23 Jag
826 988 28 17 in-

96 1017 96 18 skränker
209 1017 40 22 mig
264 1017 67 18 därför
346 1017 30 18 till
389 1017 153 18 framhällandet
555 1017 22 18 af
588 1017 37 18 den
637 1017 100 18 allmänna
750 1016 105 24 synpunkt,

98 1046 30 17 att
140 1045 234 23 samhällsutvecklingen
387 1045 46 18 bäst
445 1045 114 24 befrämjas,
572 1051 31 12 om
616 1046 39 17 alla
667 1046 124 23 intelligenta
803 1045 52 18 krat-

98 1076 29 15 ter
145 1074 65 18 kunna
230 1075 30 17 för
278 1074 115 18 densamma
411 1074 149 22 tillgodogöras.
585 1075 40 17 Och
643 1075 65 22 nägon
724 1075 72 17 tvekan
811 1074 44 17 frän

96 1103 138 22 lagstiftarens
248 1103 43 17 sida
304 1103 30 17 att
346 1102 120 18 tillerkänna
478 1103 86 17 kvinnan
576 1102 103 19 valbarhet
692 1103 31 17 till
731 1102 123 19 kommunala

96 1131 90 23 uppdrag
198 1132 48 17 utan
260 1132 29 17 att
301 1132 44 17 frän
358 1131 60 18 dessa
428 1131 49 23 göra
487 1132 62 22 nägra
558 1132 107 22 undantag,
675 1137 60 17 synes
745 1132 24 18 sä
778 1131 79 23 mycket

97 1160 75 18 mindre
185 1160 99 22 päkallad,
296 1165 42 13 som
351 1160 33 18 det
396 1160 45 18 med
454 1160 111 18 förtroende
578 1160 39 18 kan
631 1160 20 18 ät
664 1160 23 18 de
697 1160 159 22 valberättigade

97 1189 270 21 kommunalmedlemmarna,
386 1188 48 18 eller
452 1189 7 17 i
477 1189 55 17 vissa
545 1189 35 17 fall
594 1189 186 23 stadsfullmäktige,
794 1188 62 18 öfver-

96 1218 77 17 lemnas
186 1218 35 21 att,
235 1218 49 18 efter
297 1218 67 23 hvarje
378 1218 41 18 orts
433 1217 142 22 förhällanden,
589 1218 72 23 själfva
670 1218 71 22 pröfva
751 1218 30 18 till
790 1217 66 18 hvilka

97 1246 135 23 befattningar
248 1247 36 17 och
297 1246 111 18 funktioner
421 1246 83 18 kvinnor
516 1247 51 18 helst
580 1247 32 17 mä
624 1246 91 24 inväljas.

166 1281 27 18 Pä
205 1281 62 23 grund
281 1282 21 17 af
314 1281 32 18 det
358 1281 84 18 anförda
455 1282 31 17 fär
496 1282 36 23 jag
544 1282 35 17 hos
593 1281 142 23 Ridderskapet
748 1282 36 17 och
795 1280 62 18 Adeln

99 1309 147 19 vördsammast
264 1310 111 18 framställa
391 1310 65 18 nedan
474 1310 86 23 följande
573 1310 110 22 lagförslag
696 1310 29 18 till
738 1309 120 22 behandling

99 1338 5 18 i
118 1338 37 18 den
168 1339 62 22 enligt
242 1339 225 23 Landtdagsordningen
480 1339 31 18 för
522 1339 97 18 motioner
631 1339 91 22 gällande
735 1338 88 22 ordning.

304 1402 77 22 Förslag
396 1402 28 17 till
439 1402 110 22 förordning
561 1402 92 22 angående
666 1401 88 18 utsträckt
766 1400 93 19 valbarhet

237 1431 31 22 för
280 1431 69 17 kvinna
362 1430 28 18 till
402 1430 119 18 kommunala
534 1430 83 23 uppdrag
630 1430 6 17 i
648 1430 46 18 stad.

305 1459 42 17 Med
365 1459 81 23 ändring
464 1459 24 23 af
503 1459 46 17 hvad
567 1460 6 16 i
591 1459 69 23 nädiga
678 1459 132 22 förordningen
827 1464 32 11 an-

234 1488 69 22 gående
315 1488 221 22 kommunalförvaltning
549 1488 6 17 i
566 1488 47 20 stad,
625 1488 60 22 gifven
699 1488 34 17 den
746 1488 12 16 8
771 1487 89 17 december
