1056 1731
821 144 13 19 3

171 214 70 19 Redan
264 214 33 19 vid
320 213 55 20 1888
397 213 33 20 års
445 213 104 25 landtdag,
564 213 26 20 då
604 213 56 24 fråga
675 213 79 21 förevar
769 219 31 15 om
815 213 47 25 byg-

100 243 66 24 gande
182 242 21 19 af
216 242 100 20 Karelska
329 243 73 24 banan,
418 241 90 21 förekom
523 242 63 19 bland
596 242 105 25 projekten
712 243 75 19 äfven
778 237 11 34 i
798 243 64 23 fråga-

102 271 87 20 varande
213 271 214 24 jernvägssträckning.
465 271 119 19 Emellertid
612 273 23 17 är
658 271 38 19 den
718 271 53 20 åsikt
792 272 7 19 i
820 271 44 20 vårt

102 300 48 19 land
165 299 94 25 enbälligt
274 300 95 26 rådande,
385 301 30 18 att
427 300 76 19 banans
517 299 149 25 utgångspunkt
676 300 33 19 vid
720 301 144 18 ständermötet

104 327 55 21 1888
175 329 82 24 lyckligt
272 328 111 19 bestämdes
400 328 32 19 till
448 329 46 18 dess
510 329 116 18 nuvarande
641 329 59 24 plats.
731 329 47 18 Men
789 328 74 20 förhål-

102 357 87 20 landena
210 357 59 19 hafva
292 357 61 19 sedan
368 357 46 19 dess
429 357 7 19 i
451 357 72 24 många
538 357 108 19 afseenden
661 357 106 19 förändrat
781 357 30 24 sig
826 357 37 19 och

103 386 98 19 Karelska
223 386 116 19 stambanan
361 386 39 19 kan
423 386 18 23 ej
465 391 54 14 mera
535 385 48 25 fylla
598 386 34 19 det
647 385 68 20 lokala
730 385 93 20 behofvet
837 385 27 25 på

103 415 92 24 Ladogas
218 415 95 18 vestkust.
343 415 46 19 Uti'
400 415 38 18 den
457 414 31 19 till
504 414 114 20 oftanämda
634 415 87 18 utskotts
737 414 126 19 betänkande

103 443 71 24 fogade
190 443 62 20 andra
267 443 149 20 reservationen
431 443 115 20 framhålles
559 446 31 17 att
600 443 38 19 den
649 443 80 25 komité,
740 449 41 14 som
792 443 71 19 under-

104 473 46 18 sökt
164 472 124 24 lämpligaste
304 472 140 24 sträckningen
461 472 32 19 för
508 472 99 19 Karelska
617 472 123 25 stambanan,
751 472 73 19 uttalat
834 471 30 24 sig

104 501 81 23 därhän,
202 503 29 17 att
246 507 23 13 en
286 501 51 19 enda
352 501 51 19 bana
414 501 18 23 ej
444 501 64 19 under
518 501 63 24 några
592 501 138 19 förhållanden
742 501 39 19 kan
792 501 6 19 i
808 501 55 23 läng-

104 530 37 19 den
158 529 145 20 tillfredsställa
318 530 45 19 hela
377 530 102 19 mellersta
495 530 37 19 och
548 530 60 19 södra
618 530 98 19 Karelens
727 528 65 21 behof.
822 529 41 19 Ko-

104 558 58 20 mitén
184 559 36 19 har
243 558 32 20 för
297 558 37 20 den
357 558 51 19 skull
427 558 79 20 försökt
529 558 57 20 äfven
607 560 46 22 taga
668 559 6 18 i
690 557 133 21 betraktande
839 558 24 19 de

104 589 64 18 större
181 587 160 24 jernvägslinjer,
351 586 68 20 hvilka
429 587 115 24 antagligen
555 587 105 19 framdeles
670 587 63 19 måste
744 587 78 19 komma
832 586 31 19 till

103 616 112 23 utförande,
228 616 37 19 och
278 618 65 17 ansett
358 618 30 17 att
403 616 30 19 till
447 616 59 19 dessa
521 616 70 19 främst
606 616 62 19 borde
684 616 72 19 räknas
772 621 24 13 en
810 616 54 24 jern-

104 647 43 23 väg,
170 650 41 14 som
235 645 17 23 ej
276 645 84 19 allenast
382 644 65 20 skulle
463 644 98 20 förmedla
576 650 60 14 norra
651 644 98 20 Karelens
764 644 59 19 trafik
838 644 26 24 pä

104 673 29 19 S:t
154 673 127 26 Petersburg,
305 676 47 16 utan
375 673 58 19 äfven
456 673 98 19 förskaffa
574 674 20 18 åt
610 674 24 18 do
649 674 26 23 pä
690 673 91 24 Ladogas
797 675 67 17 vestra

104 702 68 19 strand
188 702 83 24 belägna
286 701 93 24 folkrika,
395 702 84 24 bördiga
496 702 104 19 trakterna
612 702 24 19 de
650 702 88 19 fördelar
748 708 24 13 en
780 702 84 24 jernväg

102 730 83 20 medför.

172 759 73 19 Vidare
261 764 58 15 anser
328 760 33 24 jag
372 759 123 24 nödvändigt
505 761 31 17 att
546 759 104 19 framhålla
663 765 23 13 en
697 759 95 19 särskildt
801 758 63 24 viktig

104 788 106 24 synpunkt.
240 787 31 20 Då
287 788 64 20 denna
363 788 84 24 jernväg
463 788 79 19 komme
558 790 30 17 att
602 788 72 19 beröra
688 788 96 19 Vuoksen
800 788 5 18 i
816 792 48 14 norr

105 816 33 20 vid
158 816 95 20 Kexholm
269 816 36 20 och
320 817 7 19 i
343 817 58 19 söder
417 817 33 19 vid
465 817 113 25 Kiviniemi,
595 817 21 19 så
631 822 48 14 vore
695 817 33 19 det
744 816 75 24 möjligt
834 818 30 17 att

105 845 86 19 undvika
206 846 68 23 avslag
289 845 31 19 till
335 846 39 19 alla
389 846 24 18 de
429 845 87 24 dyrbara
531 845 181 25 kanalbyggnader,
722 845 80 19 hvarom
813 844 50 25 peti-

105 874 65 26 tioner
189 874 62 19 hittils
267 874 68 25 gjorts,
352 876 47 17 enär
415 874 98 24 sjöfarten
528 874 27 24 på
570 874 94 19 Vuoksen
680 874 44 19 från
740 874 66 23 hvarje
822 872 41 20 håll

105 902 83 20 sålunda
198 902 65 20 kunde
274 903 26 19 nå
308 903 115 24 jernvägen.
443 902 72 20 Denna
527 903 72 19 bandel
610 903 76 19 komme
697 902 57 20 äfven
766 902 20 20 af
794 902 70 24 många

105 931 44 20 skäl
160 933 29 18 att
199 931 60 20 blifva
271 937 24 14 en
307 931 21 20 af
337 932 24 19 de
371 934 52 17 mest
432 932 94 19 rentabla
536 932 6 19 i
554 932 44 19 vårt
607 932 53 19 land.
682 932 80 19 Banans
772 930 92 25 byggnad

104 960 65 19 blefve
185 960 87 23 ovanligt
287 960 61 24 billig,
360 961 75 19 hvilket
446 961 91 23 betingas
548 961 22 19 af
579 967 23 12 en
610 961 6 18 i
625 961 107 19 allmänhet
740 961 53 23 jemn
805 959 58 20 sand-

106 989 36 19 och
162 989 88 19 momark
265 989 45 19 med
325 989 111 24 mull-lager
453 994 50 15 samt
519 989 82 24 fåtaliga
616 989 158 24 brobyggnader.
804 988 59 20 Utom

104 1017 62 19 redan
185 1017 107 20 bestående
307 1018 118 19 industriela
439 1018 135 24 inrättningar
588 1019 66 18 kunde
670 1024 39 18 nya
724 1018 75 19 sådana
813 1023 49 18 upp-

104 1046 83 19 komma.
217 1045 46 20 Men
279 1045 116 25 isynnerhet
409 1049 94 17 trävaror
517 1047 67 19 kunde
600 1047 70 19 endast
686 1047 83 19 sålunda
784 1046 79 23 bringas

104 1075 30 18 till
157 1075 194 20 världsmarknaden.
381 1075 64 20 Bland
469 1076 64 19 andra
552 1075 124 25 synnerligen
692 1075 75 24 viktiga
782 1076 82 23 export-

104 1108 58 14 varor
185 1103 31 19 må
238 1105 90 18 nämnas:
353 1104 67 24 mjölk,
440 1106 59 25 smör,
515 1104 45 25 fisk,
576 1104 127 19 foderämnen
720 1105 36 18 och
772 1103 91 20 lefvande

104 1131 87 21 kreatur,
222 1132 52 19 Från
297 1133 75 19 Rautus
393 1133 42 19 lilla
451 1133 94 19 kommun
560 1133 36 19 har
611 1133 117 25 meddelats,
744 1134 29 18 att
788 1132 75 23 årligen

104 1159 75 20 utföres
195 1159 62 27 2,500
273 1161 40 19 lass
328 1161 68 26 mjölk,
412 1161 38 20 och
467 1163 161 22 smörexportens
644 1162 60 19 värde
720 1165 14 16 t.
745 1161 44 19 ex.i
805 1160 58 24 Pyhä-

102 1189 51 24 järvi
168 1189 91 20 kommun
275 1190 36 19 har
326 1190 107 19 beräknats
449 1190 31 19 till
496 1190 92 26 200,000
604 1190 56 19 mark
676 1191 81 22 årligen.
788 1189 32 20 Då
831 1188 33 25 jag

103 1218 114 23 ytterligare
231 1217 114 21 framhåller
361 1221 30 17 att
407 1219 2 18 i
425 1219 24 19 de
465 1219 122 26 kommuner,
600 1225 68 18 genom
679 1219 67 19 hvilka
757 1219 107 24 jernvägen

103 1246 76 19 komme
195 1249 30 16 att
239 1247 30 24 gå,
285 1247 62 20 finnes
363 1250 28 17 ett
407 1249 52 18 stort
475 1249 53 18 antal
544 1248 119 25 handlande,
673 1248 23 19 så
705 1247 37 20 bör
752 1247 62 19 redan
826 1247 38 18 den

103 1275 67 19 lokala
180 1281 138 18 passagerare-
335 1276 37 19 och
383 1276 136 23 godstrafiken
532 1279 105 21 garantera
647 1277 75 19 banans
733 1275 131 20 rentabilitet.

172 1303 68 20 Såsom
251 1305 110 23 obetydligt
371 1305 36 19 bör
420 1305 18 24 ej
450 1305 64 20 heller
522 1311 58 14 anses
592 1305 33 19 det
632 1305 108 20 moraliska
748 1304 116 24 inflytande,

103 1337 41 13 som
160 1331 64 20 banan
239 1332 126 21 tvifvelsutan
380 1334 78 19 komme
474 1337 30 16 att
519 1333 67 20 utöfva
601 1334 61 19 bland
678 1334 63 19 folket
752 1334 7 18 i
772 1333 92 24 sydöstra

102 1360 92 20 Finland.
217 1361 100 20 Handels-
329 1362 35 20 och
381 1362 113 20 fraktresor
509 1363 77 19 komme
602 1362 58 20 äfven
675 1362 26 25 på
716 1362 79 24 månget
806 1361 58 19 ställe

102 1390 30 18 att
154 1390 96 24 upphöra,
270 1390 37 20 och
323 1390 64 20 folket
401 1391 65 19 skulle
483 1397 21 14 se
521 1392 29 24 sig
565 1392 114 19 nödsakadt
694 1393 30 17 att
738 1390 46 20 med
799 1392 65 17 större

102 1422 79 20 omsorg
197 1421 24 17 än
237 1418 54 20 förut
305 1419 59 20 sköta
379 1420 30 19 sin
425 1420 86 24 bördiga
525 1420 47 24 jord
588 1420 36 20 och
640 1420 44 20 sina
698 1419 127 24 ladugårdar.
