1070 1736
369 154 297 27 Petitionsmemorial.

203 220 117 36 Bondest.
724 223 45 22 N:o
784 222 38 22 55.

261 552 53 19 Till
331 552 186 19 Hedervärda
532 551 233 20 Bondeständet.

202 614 76 20 Genom
293 614 71 25 nådigt
378 614 42 20 bref
435 614 29 19 till
480 614 130 20 Guvernören
623 615 5 18 i
645 608 42 26 Åbo
704 615 37 19 och
757 614 131 26 Björneborgs

133 644 32 18 län
180 644 32 19 för
226 644 38 19 den
281 644 24 18 11
324 643 36 25 Maj
379 644 53 19 1896
448 643 35 19 har
497 644 56 18 Hans
569 643 110 25 Kejserliga
695 643 114 25 Majestät,
806 639 9 34 i
822 643 66 19 anled-

133 672 49 25 ning
196 672 20 19 af
233 672 119 19 Ständernas
374 672 136 25 underdäniga
532 671 92 20 anhållan
642 678 32 13 om
691 672 154 24 skattelindring
859 672 29 19 för

132 700 186 26 jordlägenheterna
340 700 26 25 på
380 694 65 26 Åland
461 703 51 17 samt
527 700 106 25 Egentliga
648 700 96 20 Finlands
760 700 127 25 kusttrakter,

132 729 6 19 i
153 729 62 19 nåder
237 729 100 19 förordnat
359 730 29 18 att
410 729 184 25 skatteförmedling
616 730 20 18 af
651 730 118 18 hemmanen
783 729 50 19 skall
849 729 38 19 för-

133 758 56 24 siggå
210 758 11 24 i,
237 758 60 19 bland
320 758 66 24 andra,
405 758 73 24 Pargas
505 758 73 19 socken
604 758 37 19 och
666 758 110 19 Kakskerta
802 758 85 25 kapell
877 754 14 33 i

132 786 75 20 Piikkis
223 786 66 20 härad.

200 814 54 20 Ifrån
280 815 61 25 sagda
368 815 183 25 skatteförmedling
575 815 34 19 har
634 815 91 23 sålunda,
749 816 55 18 utom
826 815 62 19 andra

131 843 123 25 kommuner,
269 844 65 19 Kustö
349 844 64 25 kapell
428 844 54 19 inom
498 844 60 24 sagda
574 844 62 19 härad
651 844 111 19 uteslutits.

199 871 30 20 Då
244 872 109 19 emellertid
368 872 147 19 innevänarene
524 872 7 19 i
542 872 133 19 nästnämnda
686 872 65 25 kapell
761 872 53 19 lefva
824 872 63 19 under

131 906 75 13 samma
220 900 138 20 förhållanden
378 901 36 19 och
428 903 33 17 äro
477 901 110 19 hänvisade
603 901 28 19 till
648 901 122 24 fullkomligt
784 901 103 19 enahanda

129 929 154 24 förvärfskällor,
300 935 42 14 som
365 929 139 25 befolkningen
520 930 17 18 i'
542 929 73 25 Pargas
639 930 37 19 och
697 929 111 20 Kakskerta
832 930 54 19 kom-

130 963 71 14 muner
216 959 51 18 samt
283 963 75 14 samma
373 958 192 24 missförhållanden,
581 958 76 19 såsom:
681 960 29 17 att
725 958 141 25 lägenheterna
880 959 6 18 i

130 985 121 21 förhållande
260 987 31 18 till
299 987 44 19 dem
352 986 63 20 åsatta
423 986 75 20 mantal
505 987 106 19 innehafva
618 987 144 24 jemförelsevis
770 987 116 19 inskränkta

129 1015 112 24 egovidder,
257 1017 29 18 att
308 1015 118 20 hemmanen
450 1015 16 26 ej
483 1015 76 20 kunnat
573 1015 6 19 i
595 1016 112 19 nämnvärd
729 1016 48 25 grad
800 1016 37 19 öka
855 1016 31 19 sin

129 1043 70 20 odlade
224 1044 56 19 mark
305 1044 61 21 sedan
392 1044 52 19 tiden
471 1044 30 19 för
523 1044 56 19 deras
604 1044 158 25 skattläggning,
783 1045 104 19 hvaremot

128 1072 179 20 arbetskostnaden
323 1073 37 19 och
375 1073 126 19 kommunala
517 1073 105 24 utskylder
634 1073 118 25 ansenligen
762 1073 62 24 ökats,
836 1075 50 18 samt

128 1102 29 17 att
173 1101 62 22 fisket,
252 1107 42 14 som
317 1102 30 19 till
370 1102 52 24 dryg
444 1101 31 20 del
498 1102 59 24 tagits
573 1102 6 18 i
594 1101 110 25 beräkning
727 1102 32 19 vid
776 1102 109 25 skattlägg-

128 1129 74 25 ningen
218 1130 124 25 väsentligen
364 1131 121 21 försämrats,
501 1130 44 19 med
561 1131 52 22 flere,
630 1136 43 13 som
689 1131 97 18 föranledt
802 1131 83 18 förmed-

127 1157 68 25 lingen
211 1158 5 19 i
233 1158 123 20 sistnämnda
379 1159 122 23 kommuner,
515 1158 72 26 jemväl
610 1160 34 18 äro
660 1159 29 19 för
704 1159 79 19 handen
800 1159 5 19 i
822 1159 64 19 Kustö

127 1186 72 25 kapell,
215 1192 46 14 vore
277 1187 38 24 det,
328 1188 29 18 för
367 1189 29 17 att
407 1187 95 25 derjemte
517 1187 37 20 hos
565 1187 24 19 de
601 1187 154 24 skattdragande
766 1188 120 18 förekomma

127 1214 37 19 den
181 1215 95 25 afvoghet
298 1216 36 19 och
350 1215 170 25 missbelåtenhet,
537 1221 42 14 som
595 1215 100 26 uppstode
711 1216 54 19 deraf
780 1217 29 18 att
824 1216 6 19 i
846 1216 39 19 den

127 1249 35 13 ena
177 1243 20 19 af
212 1245 75 18 tvänne
306 1244 139 25 angränsande
460 1244 36 19 och
512 1244 65 19 under
591 1244 122 25 fullkomligt
729 1245 103 18 enahanda
847 1245 37 18 för-

127 1271 106 20 hållanden
259 1273 110 24 skattlagda
394 1273 117 19 kommuner
541 1273 186 24 skatteförmedling
754 1273 131 25 genomföres,

126 1306 46 13 men
188 1301 16 24 ej
221 1301 6 18 i
243 1301 37 19 den
304 1301 66 25 andra,
384 1302 46 19 med
452 1301 83 20 rättvisa
557 1302 38 19 och
615 1301 92 25 billighet
728 1302 156 19 öfverensstäm-

126 1329 70 19 mande
212 1331 30 18 att
257 1329 117 20 hemmanen
390 1331 6 18 i
411 1331 64 18 Kustö
491 1330 64 25 kapell
570 1330 74 25 jemväl
660 1330 78 19 komme
749 1331 7 18 i
766 1330 119 25 åtnjutande

125 1357 19 19 af
158 1357 131 20 omförmälda
304 1359 189 24 skatteförmedling.

194 1386 28 19 På
238 1387 65 24 grund
325 1387 56 19 häraf
396 1387 37 20 och
448 1387 31 20 till
494 1387 124 25 fullgörande
634 1387 95 25 derjemte
745 1388 19 19 af
779 1387 41 25 mig
835 1387 48 20 lem-

125 1415 47 18 nadt
192 1415 91 25 uppdrag
303 1415 30 20 får
351 1416 37 19 hos
408 1416 127 19 Hedervärda
554 1415 149 20 Bondeståndet
722 1416 114 25 ödmjukast
851 1416 33 25 jag

124 1443 78 19 anhålla
225 1445 29 18 att
275 1444 78 19 ståndet
373 1444 67 19 såsom
460 1445 31 18 sin
511 1445 46 18 ville
573 1446 87 23 npptaga
676 1450 23 13 en
716 1445 83 24 petition
816 1445 67 18 därom

123 1474 29 16 att
162 1472 53 19 Hans
224 1472 108 25 Kejserliga
341 1472 92 25 Majestät
441 1473 6 18 i
456 1472 62 20 nåder
527 1473 44 19 ville
582 1473 92 19 förordna
686 1479 30 13 om
727 1472 69 25 åtgärd
806 1473 76 19 derhän
