1075 1748
192 202 83 23 hoppas
285 200 27 25 på
324 201 117 19 understöd
452 200 49 21 från
512 201 86 20 statens
609 201 47 20 sida
667 201 32 19 uti
709 199 166 26 ifrågavarande
883 201 65 24 syfte,

192 227 27 20 då
228 228 47 19 skäl
284 228 23 24 ju
318 228 47 19 icke
373 227 120 20 förefinnes
504 228 33 19 att
545 228 75 19 befara
629 229 33 18 att
670 228 48 19 icke
726 227 65 20 dessa
799 228 71 19 medel
878 228 70 20 blefve

192 255 261 24 välsignelsebringande.
492 254 31 20 Då
545 254 182 25 sjukvårdarenes
745 255 203 24 hufvudsakligaste

192 282 85 24 uppgift
292 287 50 14 vore
358 282 39 24 att,
413 282 52 19 utan
481 282 79 19 arvode
571 282 24 19 af
603 282 100 19 enskilda
712 287 110 19 personer,
833 282 116 20 undervisa

192 309 26 19 de
241 309 75 24 sjukas
332 309 105 23 anhöriga
452 309 39 19 och
507 309 65 19 äfven
588 309 67 19 andra
670 309 33 19 för
718 309 68 19 saken
801 309 146 20 intresserade

192 336 33 19 uti
247 337 33 18 att
304 336 82 19 inrätta
407 336 39 19 och
467 336 107 19 ventilera
594 336 106 24 sjukrum,
719 336 34 19 att
769 335 180 24 iordningsställa

193 362 133 25 sjukbäddar
345 363 59 18 samt
419 363 23 18 af
456 363 73 19 läkare
544 363 132 19 föreskrifna
692 363 40 19 bad
747 363 40 19 och
803 362 96 24 förband,
915 364 33 19 att

193 389 36 20 vid
251 389 131 20 inträffande
403 389 39 20 fall
462 389 23 20 af
503 389 117 25 epidemier
634 389 138 20 desinficiera
787 395 49 14 rum
851 390 39 19 och
905 389 43 20 klä-

193 417 104 24 desplagg
319 422 29 13 m.
369 421 35 20 m.,
427 415 24 20 så
473 421 68 20 synes
563 417 66 19 redan
649 417 60 19 detta
725 417 74 18 kunna
814 417 87 23 erbjuda
915 417 33 19 ett

194 443 141 24 synnerligen
350 443 45 19 rikt
409 443 197 20 värksamhetsfält
616 444 34 19 för
659 443 147 20 fruntimmer.
830 443 118 20 Dessutom

194 471 71 19 skulle
280 471 65 18 dessa
361 470 183 25 sjuksköterskor,
559 471 34 19 för
607 471 75 18 hvilka
697 469 103 21 årslönen
815 470 72 19 kunde
897 470 50 20 fast-

194 497 78 20 ställas
294 497 135 24 exempelvis
451 497 33 19 till
505 497 108 20 400—500
634 498 69 22 mark,
718 497 76 20 kunna
808 496 28 25 gå
850 497 96 20 kommu-

193 525 43 19 nal-
258 525 39 19 och
320 524 228 19 sundhetsnämderna
570 525 33 18 till
626 525 72 18 handa
721 524 34 19 vid
777 524 129 19 utredandet
925 525 23 18 af

193 551 156 24 misstänkliga
367 551 152 24 sjukdomsfall
534 551 117 20 äfvensom
666 551 100 20 meddela
781 551 26 19 de
823 551 74 24 sjukas
912 556 34 15 an-

194 579 75 23 höriga
284 578 24 19 de
324 578 69 20 första
408 579 173 23 anvisningarna
596 579 6 18 i
618 577 80 20 vården
714 583 36 14 om
765 578 70 24 sjuka.

266 604 30 20 På
316 605 165 24 framställning
503 605 24 19 af
546 605 227 24 Medicinalstyrelsen
796 605 39 19 har
853 605 94 19 Senaten

194 632 93 24 vidtagit
308 631 100 24 åtgärder
430 632 34 19 för
478 632 126 19 utbildande
620 633 24 18 af
657 631 268 25 sjukvårdsinstruktörer,
941 632 6 19 i

194 659 36 20 det
250 659 33 19 att
303 659 34 19 vid
357 659 172 24 länesjukhusen
544 659 68 20 under
627 659 25 19 de
668 659 77 20 senast
759 657 122 26 förgångna
896 658 51 20 åren

194 686 122 19 meddelats
335 686 119 23 afgiftsfria
469 686 123 19 lärokurser
606 686 34 19 för
655 691 41 14 sex
710 686 238 23 sköterskeaspiranter

195 713 7 19 i
221 712 86 25 gången
328 713 36 18 vid
379 713 74 24 hvarje
473 713 98 24 sjukhus,
590 713 68 24 jämte
674 713 36 19 det
725 713 66 19 dessa
805 713 38 18 där
858 711 89 26 åtnjutit

195 740 27 19 fri
237 740 57 19 kost.
323 739 76 20 Denna
414 740 156 19 berömdvärda
585 739 75 24 åtgärd
675 741 65 22 utgör
755 745 26 14 en
793 739 64 20 säker
867 739 80 24 borgen

194 767 39 24 för,
255 768 33 18 att
310 767 128 23 regeringen
461 767 64 19 äfven
546 767 118 19 framdeles
687 767 57 19 skall
768 766 66 19 räcka
849 766 34 19 sin
898 767 49 23 hjäl-

195 794 70 24 pande
288 794 64 23 hand,
374 793 27 20 dä
415 793 37 20 det
467 793 67 24 gäller
548 794 34 19 att
596 793 47 20 föra
658 794 37 19 det
709 793 116 24 påbörjade
839 793 107 24 företaget

194 821 33 18 till
243 821 32 18 ett
290 821 51 23 godt
352 820 50 19 slut.
427 820 44 20 Och
482 821 60 18 detta
552 821 43 18 kan
606 825 53 15 man
670 821 83 24 hoppas
764 820 49 19 med
825 819 24 20 så
859 820 89 24 mycket

194 853 61 14 mera
271 847 54 23 skäl,
341 853 48 14 som
405 846 81 25 många
501 847 23 19 af
537 847 53 20 våra
604 847 198 20 landskommuner
817 849 36 17 äro
867 847 79 23 fattiga

195 875 40 19 och
254 880 26 14 en
296 873 26 25 på
338 874 124 20 erfarenhet
476 875 97 23 grundad
589 874 148 24 öfvertygelse
752 880 36 14 om
803 874 34 19 att
851 879 26 14 en
892 874 55 24 sjuk-

195 900 188 20 vårdsinstruktör
393 906 80 19 genom
485 902 33 18 sin
530 902 142 19 värksamhet
683 901 71 20 skulle
765 901 75 19 lämna
850 906 26 14 en
885 901 62 23 riklig

194 928 124 24 ersättning
339 928 34 19 för
394 928 43 19 alla
451 928 25 19 de
491 928 148 24 uppoffringar
654 934 51 14 man
721 928 34 19 för
769 926 127 21 ändamålet
909 933 37 14 un-

194 955 113 19 derkastat
321 955 34 23 sig
370 955 6 19 i
392 955 121 19 allmänhet
527 957 59 17 ännu
601 955 47 19 icke
663 955 126 19 förefinnes.

267 981 30 20 På
316 982 36 19 det
371 982 33 19 att
418 982 72 19 denna
504 982 122 24 anordning
640 982 67 19 redan
722 981 49 20 från
786 982 70 18 första
870 981 74 24 början

194 1008 70 20 måtte
280 1008 82 20 erhålla
377 1014 26 14 en
418 1009 77 23 folklig
510 1009 80 24 prägel,
606 1009 64 19 borde
685 1009 162 19 kommunerna
857 1008 90 19 omedel-

194 1036 49 18 bart
264 1036 72 19 ikläda
358 1036 34 23 sig
409 1035 252 25 betalningsskyldighet
676 1036 33 19 för
724 1041 27 14 en
767 1035 34 19 del
816 1035 23 19 af
852 1034 95 25 sjukskö-

194 1062 103 20 terskans
312 1062 103 24 aflöning,
426 1063 89 19 hvartill
525 1062 96 20 tillskott
631 1068 25 14 ur
666 1062 130 20 statsmedel
807 1062 76 24 skulle,
894 1061 55 19 efter

195 1089 131 24 ansökning,
349 1090 91 23 beviljas
460 1090 33 18 till
512 1090 76 24 belopp
608 1090 24 19 af
645 1089 108 19 200—400
768 1089 63 19 mark
846 1094 35 14 om
896 1087 52 25 året,

195 1116 33 19 att
250 1115 53 25 utgä
324 1115 137 20 ätminstone
482 1116 68 20 under
568 1116 25 19 de
608 1116 44 20 fem
668 1116 71 19 första
753 1114 59 25 ären,
827 1115 122 19 hvarunder

196 1148 27 14 en
245 1143 60 23 dylik
328 1143 166 24 sjuksköterska
513 1144 57 18 varit
587 1143 87 19 anstäld
689 1143 7 19 i
711 1142 172 24 församlingens
898 1142 51 19 eller

196 1170 148 19 kommunens
364 1170 74 24 tjänst.
468 1169 29 20 Pä
512 1170 60 19 detta
587 1170 45 19 sätt
647 1170 70 19 skulle
733 1169 110 23 allmogen
859 1169 6 19 i
880 1168 69 20 lands-

195 1196 62 20 orten
280 1196 45 20 lära
344 1197 74 19 känna
439 1197 128 23 betydelsen
590 1197 22 19 af
626 1202 26 14 en
668 1196 82 20 ordnad
766 1195 108 25 sjukvärd,
890 1196 59 18 hvar-

192 1224 70 23 jämte
290 1224 147 19 intresserade
461 1224 71 19 elever
556 1224 33 19 för
610 1224 173 23 länesjukhusen
810 1223 39 19 och
879 1222 69 20 diako-

195 1250 186 19 nissanstalterna
405 1251 70 19 skulle
497 1251 65 18 bland
587 1251 69 19 folket
672 1251 81 18 vinnas
775 1250 34 19 för
827 1250 34 19 att
882 1249 66 19 sedan

194 1276 48 20 frän
262 1277 65 20 dessa
342 1278 147 23 inrättningar
503 1278 6 18 i
525 1277 110 25 egenskap
650 1277 23 20 af
691 1277 258 23 barmhärtigetssystrar

194 1304 85 23 spridas
299 1304 34 19 till
348 1304 57 19 olika
421 1305 58 18 delar
495 1304 22 19 af
530 1304 151 24 landsbygden
698 1305 40 18 och
754 1304 38 19 där
807 1303 76 24 bringa
898 1303 50 19 lind-

194 1331 48 23 ring
257 1331 7 18 i
279 1331 25 19 de
320 1331 77 24 sjukas
411 1331 108 19 lidanden.

266 1357 143 20 Hänvisande
424 1358 33 19 till
473 1358 64 19 ofvan
553 1358 91 19 anförda
658 1357 95 24 grunder
769 1355 66 25 vägar
844 1357 37 23 jag
891 1356 58 19 vörd-

194 1385 60 18 samt
273 1383 88 20 anhålla
377 1390 35 14 om
427 1385 133 19 hedervärda
574 1383 177 21 Bondeständets
767 1383 134 20 medvärkan
916 1383 33 19 till

194 1416 27 14 en
236 1411 92 24 petition
344 1411 85 20 därom:

482 1445 29 18 att
530 1444 61 19 Hans
610 1444 114 25 Kejserliga
738 1443 96 25 Majestät
847 1442 62 20 täktes
923 1448 27 13 ur

411 1471 108 20 allmänna
538 1470 65 20 medel
623 1471 71 25 bevilja
712 1471 35 24 för
768 1475 25 14 en
813 1470 28 19 tid
863 1470 25 24 af
899 1469 12 20 5
925 1468 25 21 är
