1070 1736
278 182 278 24 Petitionsbetänkande
572 183 42 22 N:o
630 183 24 22 8.
832 184 12 19 5

88 251 68 21 måste
171 251 180 27 undervisningen
368 252 6 20 i
390 251 157 28 kyrkohistoria
563 250 69 22 blitva
642 258 46 14 mer
700 251 51 21 eller
762 250 82 22 mindre

89 285 119 22 sväfvande
230 287 7 19 i
260 286 74 20 luften.
364 285 97 21 Alldeles
483 284 93 22 likartad
597 287 24 18 är
636 284 144 21 förhållandet
796 284 48 21 med

88 319 104 22 Finlands
210 319 94 22 historia.
334 314 64 27 Ända
413 319 48 21 från
476 319 76 28 början
567 319 24 21 af
606 326 64 21 nyare
686 319 60 21 tiden
761 319 39 20 har
815 319 30 20 lä-

87 361 62 14 raren
164 353 84 22 tillfälle
263 356 32 19 att
312 354 3 20 i
330 353 153 28 sammanhang
497 353 50 21 med
563 353 40 21 den
620 353 106 21 allmänna
742 353 103 21 historien

89 388 91 28 uppvisa
195 387 144 29 inflytelserna
354 387 28 29 på
390 387 48 22 vårt
445 387 61 22 lands
519 387 56 21 öden
588 387 23 21 af
622 387 42 21 den
675 387 107 21 allmänna
792 387 54 29 poli-

88 421 57 22 tiska
166 422 152 28 utvecklingen
341 421 41 22 och
404 421 34 22 för
460 421 41 22 den
518 421 106 29 egentliga
640 421 205 28 undervisningen
830 417 18 37 i

89 456 103 21 Finlands
207 456 90 21 historia
311 456 28 28 på
354 456 37 21 det
406 456 66 21 andra
487 456 112 21 inhemska
614 455 89 29 språket
718 455 41 22 blir
773 455 72 22 öfver-

90 490 84 21 blicken
198 491 23 20 af
243 490 82 21 landets
349 491 45 20 inre
414 490 125 28 utveckling
554 490 37 21 det
606 490 168 28 hufvudsakliga
789 489 57 22 före-

89 524 70 21 målet.
188 524 45 21 För
255 524 65 28 öfrigt
342 524 34 21 må
399 524 37 21 det
460 524 122 21 framhållas
597 527 32 18 att
644 524 110 28 lärjungen
769 525 22 27 ju
806 524 39 21 har

89 558 90 28 tillgång
193 559 33 21 till
241 559 125 21 läroböcker
381 559 41 21 och
437 561 37 24 att,
489 566 34 14 om
539 559 27 21 de
582 560 27 19 än
621 561 37 18 äro
670 559 67 27 enligt
746 558 99 28 gällande

91 592 111 22 föreskrift
217 592 101 22 affattade
333 592 28 29 på
376 592 36 22 det
427 592 66 22 andra
509 592 110 22 inhemska
635 592 94 29 språket,
742 592 36 21 det
788 592 57 22 dock

90 627 67 21 måste
172 627 126 21 förutsättas
314 630 30 18 att
359 627 42 21 han
416 627 29 29 på
459 627 27 21 de
502 627 77 28 högsta
594 627 109 21 stadierna
718 627 65 21 redan
796 634 50 20 eger

91 661 55 21 både
168 662 41 21 den
230 662 65 27 insigt
313 662 3 20 i
331 661 92 21 nämnda
442 661 64 29 språk
521 661 41 22 och
577 661 42 21 den
635 661 106 21 allmänna
757 661 89 21 utveck-

90 696 51 28 ling,
163 698 31 18 att
210 696 41 20 han
267 696 41 20 kan
323 695 142 29 tillgodogöra
481 697 33 27 sig
529 696 62 20 deras
607 695 100 26 innehåll,
722 695 123 29 isynnerhet

90 732 39 19 när
151 730 69 28 någon
245 730 133 28 preparation
401 730 47 21 från
469 730 94 21 lärarens
579 730 47 21 sida
642 730 134 21 tillkommer.
807 730 39 20 Att

91 764 71 27 också,
183 766 38 19 när
242 772 26 13 en
288 764 62 21 säker
370 764 106 28 grundval
495 766 24 19 är
534 764 49 28 lagd
599 764 34 21 för
648 764 71 21 denna
734 764 112 21 undervis-

91 799 57 27 ning,
166 798 110 28 lärjungen
297 798 47 21 med
365 799 90 21 intresse
477 798 100 22 omfattar
598 798 129 27 densamma,
746 798 62 21 torde
823 798 23 21 få

91 840 63 14 anses
175 840 51 14 vara
245 833 152 25 konstateradt,
410 833 40 21 och
465 832 77 22 därvid
558 832 109 22 bekräftas
682 832 33 22 till
729 833 54 21 fullo
798 840 48 14 san-

91 868 78 27 ningen
190 867 22 20 af
233 867 41 20 den
295 870 77 23 satsen,
395 870 31 18 att
441 875 48 13 man
505 868 18 27 ej
540 867 41 21 kan
597 867 73 28 undgå
685 870 32 17 att
732 868 114 19 intressera

91 902 33 27 sig
139 901 35 21 för
188 904 31 18 ett
234 901 70 28 språk,
320 901 22 21 af
356 901 83 21 hvilket
454 909 48 13 man
517 901 67 21 finner
601 901 33 28 sig
648 901 67 22 hafva
729 904 60 25 nytta
805 900 41 22 och

91 935 28 28 på
140 935 84 22 hvilket
245 943 48 13 man
316 935 41 21 kan
379 935 93 21 inhemta
494 935 86 28 något».
609 935 32 21 På
664 935 30 21 tal
709 943 34 13 om
759 935 86 21 skolans

92 969 122 28 skyldighet
235 972 32 18 att
289 969 96 28 bibringa
408 969 99 22 eleverna
529 977 26 13 en
570 969 65 28 nödig
651 969 120 21 kännedom
788 970 6 19 i
810 969 36 21 det

92 1003 66 22 andra
179 1003 110 22 inhemska
311 1004 87 28 språket
412 1006 62 26 säger
489 999 185 33 Öfverstyrelsen:
693 1003 115 22 >Däremot
823 1005 23 19 är

91 1038 119 21 timantalet
233 1037 28 29 på
283 1038 26 21 de
331 1038 66 28 högra
413 1039 109 20 klasserna
537 1038 88 21 alldeles
642 1038 142 27 otillräckligt,
800 1037 45 21 ifall

92 1071 41 22 den
145 1072 110 25 praktiska
265 1072 101 28 öfningen
378 1073 126 21 inskränkes
515 1073 32 20 till
558 1072 181 28 undervisningen
750 1073 6 20 i
768 1071 78 28 själfva

91 1106 93 28 språket,
200 1106 40 21 och
256 1106 65 21 sedan
336 1115 87 13 numera
438 1107 13 21 å
465 1107 155 28 reallyceernas
632 1106 77 28 högsta
721 1107 81 20 klasser
813 1105 34 21 för

91 1141 38 21 det
143 1141 66 21 andra
224 1142 110 21 inhemska
350 1142 87 28 språket
452 1143 94 20 anvisats
563 1141 75 21 endast
655 1142 10 20 1
682 1142 79 24 timme,
776 1142 23 19 är
810 1140 37 21 det

91 1175 87 21 alldeles
194 1176 114 20 otänkbart
323 1179 31 17 att
370 1176 26 20 de
412 1176 112 28 lärjungar,
539 1183 46 13 som
601 1176 17 27 ej
635 1176 7 20 i
657 1175 93 21 hemmet
765 1174 81 21 inhem-

90 1211 33 19 tat
145 1209 92 21 nämnda
259 1209 69 28 språk,
351 1209 69 22 skulle
443 1209 72 21 kunna
538 1209 53 28 utgå
606 1209 47 20 från
670 1209 63 20 dessa
748 1208 98 21 läroverk

91 1243 48 21 med
162 1243 56 21 helst
241 1243 65 28 något
330 1243 23 21 så
374 1245 38 19 när
427 1243 198 22 tillfredsställande
641 1244 90 27 insigter
746 1242 40 21 och
802 1242 44 21 för-

90 1278 63 27 måga
168 1277 52 27 däri,
236 1277 45 22 ifall
297 1279 17 27 ej
331 1285 25 14 en
373 1277 99 28 energisk
484 1277 142 28 språköfning
638 1278 57 20 inom
707 1277 65 27 något
782 1279 65 18 annat

91 1311 86 22 område
193 1313 26 20 än
235 1312 77 28 själfva
327 1311 258 29 språkundervisningens
600 1315 60 24 tages
672 1311 32 21 till
715 1311 76 28 hjälp».
804 1310 44 21 Sitt

91 1345 84 22 sakrika
195 1345 110 22 utlåtande
325 1347 7 20 i
347 1346 75 27 frågan
445 1345 91 22 afslutar
551 1340 174 33 Öfverstyrelsen
741 1345 49 21 med
805 1344 41 21 föl-

89 1379 65 28 jande
176 1380 48 21 ord:
250 1380 44 21 »P&
314 1380 68 27 grund
399 1380 22 21 af
436 1379 37 22 det
488 1379 91 22 anförda
594 1387 62 14 anser
671 1374 175 33 Öfverstyrelsen

90 1415 34 26 sig
147 1414 51 21 böra
220 1415 6 20 i
249 1414 171 28 underdänighet
442 1414 96 28 afstyrka
561 1414 40 21 alla
623 1413 149 28 förändringar
787 1414 7 20 i
806 1413 41 22 den

90 1448 132 21 närvarande
239 1448 145 28 anordningen
400 1448 23 21 af
438 1448 36 21 det
489 1448 67 21 andra
564 1448 110 20 inhemska
687 1447 97 28 språkets
793 1446 54 21 inlä-

160 1494 104 17 Allmänna
277 1493 182 18 Petitionsutskottets
472 1493 111 18 betänkande
595 1493 34 18 N:o
644 1494 16 16 6.
