1070 1745
390 183 280 23 Petitionsbetänkande
686 184 45 23 N:o
747 184 36 22 13.

480 249 27 29 d)
536 250 37 21 att
600 250 11 21 i
635 249 78 30 öfrigt
733 250 71 29 lägre
822 251 45 22 och
886 251 77 28 högre

411 285 52 21 rätt
492 285 46 21 och
557 291 89 15 annan
665 285 150 28 myndighet
832 285 68 22 skall
919 292 43 15 an-

411 319 87 22 vända
526 319 41 22 det
594 319 85 28 språk,
707 319 83 22 hvarä
811 320 152 28 protokollet

410 353 45 22 vid
480 353 30 22 de
538 353 166 23 kommunala
725 354 236 29 förhandlingarna

406 387 39 30 på
472 389 70 21 orten
569 388 60 22 eller
652 389 70 21 inom
742 389 220 22 embetsdistriktet

411 422 73 26 föres,
512 423 64 21 dock
598 422 113 22 sålunda
730 424 36 21 att
786 423 175 23 föreståndare

411 456 40 23 för
469 457 45 22 och
533 457 86 29 öfriga
638 458 176 28 myndigheter
832 458 45 22 vid
889 459 71 21 stats-

410 492 116 22 läroverk
546 492 45 22 och
610 491 154 29 enspråkiga
775 492 186 29 församlingar

409 526 72 22 skola
496 526 124 22 använda
631 527 190 22 vederbörande
831 527 128 22 läroverks

409 561 61 21 eller
489 560 166 30 församlings
674 561 85 29 språk,
779 562 131 22 äfvensom
923 563 37 21 att

409 596 157 28 myndighet,
596 596 40 22 till
663 596 77 22 hvars
764 596 195 22 embetsdistrikt

409 630 64 22 höra
492 630 148 22 kommuner
659 631 57 21 med
729 631 69 22 olika
809 631 150 29 protokolls-

408 664 85 29 språk,
530 672 56 22 eger
614 665 116 29 begagna
758 666 41 22 det
825 666 133 22 inhemska

408 698 84 30 språk,
521 706 54 16 som
602 700 58 22 med
678 700 119 22 afseende
812 700 37 29 på
868 700 89 22 sakens

409 734 173 22 beskaffenhet
600 735 108 28 pröfvas
727 742 64 15 vara
810 734 147 23 ändamåls-

408 768 120 29 enligare,
550 769 66 26 eller,
641 776 40 15 om
699 769 96 23 sådant
814 770 82 22 finnes
911 770 46 28 på-

408 803 108 26 kalladt,
532 804 128 28 jämsides
679 804 69 22 båda
766 804 122 29 språken;

444 872 42 21 8:0
511 873 37 20 att
577 872 108 22 medlem
703 873 39 21 uti
760 872 132 29 kollegialt
911 879 46 15 em-

409 906 110 22 betsverk
547 913 56 22 eger
629 907 52 22 rätt
707 908 38 21 att
771 907 45 22 vid
836 907 120 22 förhand-

408 941 86 28 lingar
517 941 70 22 inom
606 941 175 22 embetsverket
800 941 98 29 betjena
917 942 39 28 sig

407 975 32 22 af
460 975 40 22 det
523 975 32 22 af
570 976 31 21 de
619 976 133 22 inhemska
770 975 116 30 språken,
907 976 49 22 fin-

407 1009 64 22 skan
498 1010 61 22 eller
576 1010 132 27 svenskan,
728 1017 54 16 som
800 1011 53 22 han
873 1011 84 22 Finner

407 1044 40 22 för
465 1045 39 28 sig
523 1045 135 28 lägligast;

477 1113 42 22 9:0
550 1114 38 21 att
614 1113 71 22 ifrån
713 1113 183 23 ofvanstående
920 1114 36 22 be-

406 1148 164 28 stämningar
581 1148 131 28 angående
722 1148 158 22 hvilketdera
887 1148 70 29 språ-

406 1182 39 22 ket
471 1182 190 22 vederbörande
687 1183 151 28 myndighet
861 1183 68 22 skall
947 1183 10 21 i

407 1216 282 30 embetsförrättningar
707 1218 123 21 använda
842 1217 22 29 ej
874 1217 82 23 andra

406 1251 134 29 undantag
568 1251 143 29 medgifvas
739 1252 35 22 än
801 1252 38 26 de,
868 1252 86 22 hvilka

406 1285 145 22 tillsvidare
580 1286 114 28 betingas
722 1286 33 22 af
775 1293 29 15 en
824 1286 41 22 del
884 1286 73 22 äldre

406 1319 162 28 tjenstemäns
603 1327 90 21 genom
723 1321 113 28 tidigare
860 1321 96 28 kompe-

406 1354 215 29 tensstadganden
639 1355 131 28 reglerade
788 1355 133 28 ställning.

270 1421 167 30 Helsingfors,
458 1423 48 22 den
526 1423 33 22 28
580 1423 63 28 april
664 1423 75 22 1897.
