1070 1739
288 183 279 23 Petitionsbetänkande
583 189 41 16 n:o
640 182 36 23 13.
835 183 24 20 17

172 247 65 20 Huru
253 247 48 20 litet
315 247 120 27 principen
452 254 38 13 om
507 247 231 27 kommunalspråket
753 248 25 19 är
788 246 73 27 egnad

103 284 32 18 att
154 282 77 26 läggas
251 281 35 20 till
304 281 73 26 grund
393 281 36 21 för
444 288 28 14 en
488 281 79 21 rättvis
584 281 110 27 reglering
709 281 25 20 af
747 281 114 27 språklag-

103 316 138 26 stiftningen,
263 315 99 27 framgår
383 315 52 21 bäst
456 316 25 20 af
497 315 28 22 de
541 316 177 25 konsekvenser,
734 315 32 21 till
783 315 78 21 hvilka

103 350 136 21 densamma
254 349 134 28 följdriktigt
404 350 46 20 kan
462 350 57 20 leda.
541 350 46 21 För
597 352 32 18 att
639 350 64 20 finna
714 349 60 21 detta
784 349 78 21 behöf-

104 391 39 14 ver
157 391 55 14 man
228 384 80 21 endast
323 384 75 21 erinra
414 384 40 27 sig,
468 385 94 20 hvilken
574 385 131 26 utveckling
716 384 75 21 denna
802 383 60 28 prin-

103 419 37 27 cip
162 419 80 21 hittills
264 419 134 26 genomgått.
431 419 151 26 Fullkomligt
603 419 77 20 okänd
696 419 47 20 före
760 419 24 20 år
801 419 60 24 1882,

105 454 135 20 omfattades
256 453 44 21 den
315 453 38 20 vid
369 453 140 27 landtdagen
525 453 70 26 sagda
609 453 25 20 år
644 453 26 20 af
678 455 30 19 ett
718 452 59 21 enda
788 452 73 26 stånd,

107 488 174 26 Prästeståndet,
297 488 43 20 och
356 488 38 20 det
409 487 102 27 följande
521 487 48 21 året
584 487 25 21 af
623 494 28 14 en
667 487 116 21 minoritet
798 486 63 21 inom

106 522 122 27 Kejserliga
244 522 103 26 Senaten,
363 528 54 14 men
433 522 49 20 blef
495 522 78 26 likväl,
589 522 78 20 såsom
683 521 70 21 redan
769 521 92 26 anförts,

105 562 82 20 genom
209 556 83 26 nådiga
313 556 164 27 förordningen
499 556 44 21 den
565 557 28 20 29
609 556 126 21 December
752 556 53 20 1883
820 555 43 21 till-

106 590 93 28 lämpad
216 590 76 22 såsom
311 598 67 13 norm
394 591 35 20 för
445 591 93 27 språket
553 590 8 21 i
577 590 162 28 expeditioner,
762 597 49 14 som
830 591 33 19 ut-

106 625 76 21 färdas
203 625 25 20 af
246 625 124 27 underrätt,
389 625 119 27 magistrat
523 626 45 20 och
584 625 160 26 ordningsrätt.
775 624 87 21 Genom

105 659 84 27 nådiga
204 660 93 20 brefven
312 660 44 20 den
372 660 13 20 4
400 660 64 26 April
482 660 53 20 1887
552 659 136 21 utsträcktes
702 665 88 14 samma
803 658 60 28 prin-

106 694 36 27 cip
158 694 32 20 till
206 694 241 26 ämbetsbokföringen
470 694 45 20 och
530 694 71 26 öfriga
616 694 145 26 handlingar,
777 700 50 14 som
842 692 19 28 ej

108 728 100 21 utfärdas
229 728 34 20 till
284 728 104 21 enskilda
405 728 116 26 sakegare,
537 728 119 21 äfvensom
672 727 191 21 ämbetsskrifvel-

107 769 35 14 ser
163 762 34 21 till
220 762 72 21 andra
314 762 160 28 myndigheter
496 763 44 21 och
563 762 145 27 tjänstemän,
732 762 43 20 och
791 762 37 20 det
843 761 18 27 ej

106 797 58 21 blott
186 797 35 21 för
245 797 28 21 de
294 797 7 20 i
324 798 53 20 1883
394 797 37 21 års
447 797 135 26 förordning
597 796 86 21 nämda
698 796 165 28 myndigheter,

107 834 55 18 utan
178 832 35 20 för
230 832 57 20 »alla
303 832 83 25 lokala,
402 832 61 26 lägre
479 831 160 27 myndigheter
649 831 44 21 och
704 831 158 27 tjänstemän».

108 866 9 20 I
133 865 37 21 det
191 866 84 26 förslag
291 866 52 26 åter,
359 873 51 14 som
426 866 26 20 af
465 872 28 14 en
509 866 36 20 del
562 865 150 21 medlemmar
728 865 6 20 i
751 865 113 21 Utskottet

107 907 32 13 nu
154 900 132 26 framstälts,
301 900 42 20 har
356 907 90 14 samma
458 900 91 27 princip
560 900 127 27 ytterligare
699 899 122 21 utsträckts
831 898 34 21 till

108 934 132 21 öfverrätter
258 935 43 20 och
317 934 72 21 andra
405 935 71 26 högre
489 934 166 27 myndigheter,
667 934 91 20 hvilkas
768 934 97 20 ämbets-

107 968 91 21 distrikt
218 968 50 21 icke
290 969 106 21 omfattar
417 969 54 20 hela
492 969 83 26 landet,
592 969 43 20 och
651 968 37 21 det
704 968 62 21 såväl
783 968 34 20 för
832 970 33 18 ut-

107 1002 86 27 gående
208 1003 162 27 expeditioner,
386 1010 52 14 som
454 1003 35 21 för
505 1003 92 27 språket
612 1003 64 21 inom
690 1002 174 21 ämbetsvärken

108 1037 44 20 och
167 1037 7 20 i
190 1037 65 21 deras
272 1037 105 21 officiella
393 1037 166 27 skriftväxling.
595 1038 42 20 Det
659 1039 66 19 nästa
749 1039 69 24 steget
840 1037 25 19 är

107 1071 149 27 naturligtvis,
279 1079 38 14 om
333 1079 54 14 man
404 1072 40 21 vill
460 1079 56 14 vara
532 1072 148 26 konsekvent,
697 1074 32 18 att
744 1070 121 22 enahanda

108 1105 88 28 princip
212 1106 116 27 tillämpas
341 1106 88 27 jämväl
446 1107 31 26 på
492 1106 28 21 de
536 1106 165 27 myndigheter,
718 1105 90 21 hvilkas
819 1107 46 18 äm-

107 1139 198 22 betsvärksamhet
320 1141 108 20 omfattar
444 1141 53 20 hela
513 1141 83 20 landet.
628 1140 101 21 Härmed
744 1146 53 15 vore
813 1139 30 21 då
858 1139 7 20 i

108 1173 81 28 själfva
204 1175 79 20 värket
298 1175 75 20 finska
389 1175 94 27 språket
499 1175 75 27 gjordt
589 1175 33 20 till
638 1175 37 20 det
690 1175 60 20 enda
760 1174 105 21 officiella

107 1207 7 21 i
136 1208 83 26 landet,
235 1211 60 18 samt
316 1209 116 20 svenskan
454 1209 65 26 bragt
539 1209 34 20 till
596 1209 136 26 ställningen
748 1209 25 20 af
785 1208 81 21 endast

108 1244 30 19 ett
159 1243 133 27 lokalspråk
313 1243 34 20 för
368 1243 90 21 landets
481 1243 99 21 svenska
600 1243 144 21 kommuner.
774 1243 37 20 Att
829 1242 37 21 det

107 1276 39 21 vid
165 1277 174 27 tillämpningen
361 1278 25 20 af
399 1284 28 14 en
444 1277 74 21 sådan
534 1277 88 28 princip
638 1278 50 20 icke
704 1277 46 21 kan
765 1283 54 15 vara
834 1277 31 20 tal

108 1317 38 14 om
168 1311 75 26 någon
265 1311 148 27 likställighet
432 1311 7 21 i
462 1312 63 26 fråga
546 1319 38 14 om
607 1312 28 20 de
661 1311 61 21 båda
744 1311 122 21 inhemska

107 1345 106 26 språken,
229 1345 64 21 torde
308 1345 18 28 ej
344 1346 100 21 behöfva
459 1346 80 21 vidare
554 1346 124 21 utvecklas.

177 1379 81 22 Såsom
274 1380 49 20 skäl
339 1380 35 21 för
393 1380 161 27 anordningen
571 1382 31 19 att
617 1380 46 21 låta
679 1379 187 22 ämbetsvärkens

107 1413 45 20 och
166 1413 196 27 tjänstemännens
382 1414 71 27 språk
468 1414 141 21 bestämmas
625 1414 25 21 af
663 1414 37 21 det
715 1413 151 22 kommunala

107 1447 252 28 förhandlingsspråket
382 1448 43 21 har
448 1449 88 20 anförts
560 1451 32 18 att
614 1455 28 14 en
658 1448 64 27 dylik
737 1447 130 27 anordning

107 1488 53 14 vore
179 1483 30 19 ett
228 1482 90 27 uttryck
333 1482 35 20 för
383 1482 45 21 den
445 1482 127 28 principen,
581 1485 32 18 att
628 1484 85 19 statens
728 1482 138 28 tjänstemän

786 1528 10 16 2
