1053 1734
319 193 299 28 Petitionsmemorial.

154 259 120 36 Prestest.
679 263 43 23 N:o
738 262 41 23 26.

627 454 152 26 (Öfversättning.)

249 551 48 19 Till
317 551 155 24 Högvördiga
491 551 195 21 Presteståndet.

159 615 42 19 När
216 615 34 19 det
265 614 56 24 gälde
340 616 30 18 att
384 614 64 24 bygga
461 615 108 24 jernvägen
585 615 44 20 från
644 615 132 20 Tammerfors
791 621 57 14 norr-

92 646 28 20 ut,
142 649 35 14 var
199 644 98 18 allmänna
317 643 77 24 åsigten
415 644 6 18 i
439 643 70 24 början
525 644 46 23 den,
587 647 30 17 att
631 644 66 20 banan
713 644 63 20 skulle
791 644 56 20 ledas

91 674 97 18 vesterom
207 672 108 24 Näsijärvi,
336 677 44 14 men
402 672 145 20 slutresultatet
567 672 42 20 blef
623 673 58 23 dock,
698 675 29 17 att
740 674 107 24 jernvägen

92 701 59 24 drogs
172 701 6 19 i
193 701 70 23 många
279 701 69 23 bugter
364 702 85 18 österom
465 702 86 18 nämnda
566 702 37 23 sjö.
634 702 39 18 Vid
688 702 71 19 sådant
775 702 73 19 förhål-

91 730 59 19 lande
173 729 41 19 blef
234 730 38 18 den
293 729 124 19 vidsträckta
437 730 98 24 landsdel,
556 736 41 13 som
613 730 63 24 ligger
691 730 30 20 till
737 733 66 17 vester
818 736 30 14 om

91 758 99 24 Näsijärvi
205 758 70 19 mellan
286 758 61 19 Wasa
363 758 36 19 och
415 758 162 24 Björneborgska
593 758 97 24 banorna,
701 760 6 18 i
718 759 98 20 afsaknad
829 758 21 20 af

92 787 24 19 de
132 787 93 23 fördelar,
241 792 42 14 som
298 786 111 24 naturligen
424 786 46 20 bort
485 786 82 20 tillfalla
582 788 45 19 den.

160 815 45 20 Som
223 814 64 25 lofligt
306 816 37 18 och
358 815 122 24 berättigadt
494 816 64 19 måste
574 816 79 19 derföre
669 822 65 18 anses,
749 818 30 17 att
794 816 54 19 inne-

91 844 108 20 vånarenes
222 844 29 19 uti
274 844 91 19 bemälda
385 844 91 19 landsdel
497 845 85 19 intresse
605 844 31 20 för
659 844 115 20 erhållande
789 844 22 20 af
825 850 23 14 en

93 873 244 24 sammanbindningsbana
355 873 71 19 mellan
446 873 63 20 Wasa
531 874 36 19 och
590 873 134 24 Björneborgs
743 875 107 22 jernvägar

93 902 23 19 år
135 902 43 19 från
200 902 23 19 år
242 902 83 23 tilltagit
343 901 6 20 i
365 902 75 24 styrka.
471 902 102 24 Naturligt
589 905 22 16 är
627 903 61 19 också
703 905 30 16 att
748 902 101 24 åtskilliga

93 931 74 23 förslag
182 930 32 20 för
229 936 24 13 en
265 930 244 24 sammanbindningsbana
520 937 70 18 genom
603 931 22 19 så
638 931 123 20 vidsträckta
772 931 78 19 trakter

93 965 42 14 som
156 960 24 19 de
201 959 85 19 nämnda
301 959 56 20 skola
373 959 114 20 förefinnas.
520 960 47 19 Men
589 960 51 19 skall
658 962 69 22 nyttan
749 959 22 20 af
784 959 64 20 banan

93 987 62 20 blifva
174 988 77 23 allmän,
267 988 37 19 bör
319 988 37 19 den
373 988 71 24 dragas
459 988 45 19 från
520 984 114 29 Östermyra
650 989 72 19 station
738 994 70 18 genom
823 988 26 19 Il-

93 1017 58 24 mola,
170 1017 97 23 Kurikka,
288 1016 115 24 Jalasjärvi,
425 1017 82 23 Karvia,
523 1017 100 24 Parkano,
639 1017 61 20 Ikalis
715 1017 38 20 och
768 1017 82 19 Tavast-

93 1045 49 24 kyrö
158 1045 86 20 secknar
259 1045 30 19 till
305 1045 95 20 Kulovesi
415 1045 107 24 haltpunkt
538 1046 49 19 eller
603 1046 85 19 Karkku
704 1046 78 19 station.
812 1045 38 19 Bo-

94 1074 92 24 sättning,
207 1074 74 23 odling,
302 1074 85 19 industri
406 1080 25 13 m.
451 1074 20 19 fl.
493 1074 59 20 trafik
572 1074 143 20 framkallande
730 1074 121 24 betingelser

93 1105 36 17 äro
151 1103 36 19 här
211 1103 136 23 förmånligast
370 1103 37 19 och
432 1102 213 21 naturförhållandena
667 1103 31 20 för
719 1103 132 24 banbyggnad

94 1131 101 25 lämpliga.

162 1160 10 19 I
192 1160 30 19 sin
241 1165 62 14 norra
323 1160 32 19 del
375 1160 64 19 skulle
460 1160 66 19 banan
542 1161 78 18 komma
634 1162 30 17 att
678 1161 46 23 löpa
739 1165 70 19 genom
824 1159 27 19 Il-

93 1189 60 22 mola,
174 1189 91 19 Kurikka
285 1189 38 19 och
345 1188 108 25 Jalasjärvi
473 1189 89 19 folkrika
580 1189 37 20 och
632 1189 83 24 bördiga
729 1189 122 19 kommuner.

94 1217 35 20 Om
152 1217 241 24 syd-österbottningarne
413 1218 101 19 dessutom
533 1218 74 19 erhölle
623 1223 24 14 en
663 1217 73 20 bibana
751 1217 44 20 från
810 1217 42 19 Ku-

94 1246 58 28 rikka
174 1246 93 24 antingen
290 1246 29 19 till
335 1246 135 19 Kristinestad
486 1247 49 18 eller
557 1246 75 25 Kaskö,
652 1246 63 19 skulle
731 1246 46 19 hela
793 1246 60 19 södra

95 1271 138 23 Österbottens
249 1277 73 17 största
337 1275 85 19 socknar
437 1274 48 19 falla
500 1275 53 19 inom
569 1275 64 19 denna
646 1275 92 24 jernvägs
751 1274 100 19 trafikom-

94 1303 54 20 råde.
179 1303 9 20 I
209 1304 30 19 sin
261 1303 60 20 södra
345 1303 32 20 del
400 1303 63 20 skulle
484 1303 73 24 banan,
577 1304 59 23 jemte
658 1304 35 19 det
714 1304 37 18 den
767 1303 85 19 berörde

95 1332 116 24 Kyrösjärvi
228 1332 85 23 bördiga
331 1332 172 23 strandområden,
518 1332 67 25 klyfva
600 1332 60 19 Ikalis
677 1332 36 19 och
728 1331 124 24 Tavastkyrö

94 1360 89 20 folkrika
204 1360 115 19 kommuner
342 1361 37 19 och
401 1360 77 24 framgå
493 1361 6 18 i
516 1361 59 19 dessa
590 1363 64 17 orters
669 1361 100 23 naturliga
783 1359 69 20 trafik-

95 1389 94 24 riktning.
217 1389 127 24 Kyröskoski
367 1392 55 17 stora
441 1389 147 26 pappersbruk,
604 1389 58 20 hvars
684 1389 63 24 årliga
763 1388 89 20 tillverk-

95 1418 47 23 ning
163 1423 26 14 nu
210 1419 23 18 är
254 1417 113 27 2,300,000
390 1418 49 23 kilo,
462 1418 65 19 skulle
553 1418 97 24 betydligt
672 1418 38 19 öka
730 1417 90 20 rörelsen
841 1417 13 18 å

93 1447 115 24 jernvägen.

164 1475 9 19 I
196 1475 29 19 sin
249 1475 101 19 mellersta
373 1475 32 18 del
424 1475 65 19 skulle
510 1475 66 19 banan
599 1475 114 23 visserligen
735 1474 118 24 gemomlöpa

95 1503 75 20 mindre
192 1505 40 18 tätt
252 1503 94 20 bebodda
361 1503 83 20 trakter.
475 1503 48 20 Men
539 1503 57 20 äfven
613 1503 35 20 der
663 1503 121 19 förekomma
800 1504 55 17 stora
