1073 1739
943 204 10 11 il

203 225 23 19 af
245 225 61 19 detta
327 223 87 22 område
434 225 53 20 eller
506 225 81 20 Salmis
609 225 65 20 härad
694 227 24 18 är
732 225 7 19 i
754 225 36 19 det
805 225 113 19 närmaste
932 225 24 19 af

203 257 87 14 samma
310 252 59 19 areal
390 257 48 15 som
457 252 111 24 Nylands.
576 252 43 19 län.
651 252 128 19 Pitkäranta
799 251 40 20 och
858 251 96 20 Värtsilä

202 279 94 19 folkrika
315 279 131 20 kommuner
464 279 89 20 befinna
572 279 34 24 sig
621 279 60 20 inom
696 279 88 19 kretsen
799 279 24 18 af
836 278 60 20 detta
911 283 43 14 om-

203 305 56 20 råde.
291 306 60 19 Flere
371 311 44 19 nya
433 306 95 19 fabriker
547 305 66 20 hafva
630 306 69 24 jämte
714 306 65 19 dessa
794 305 101 24 uppstått
909 306 45 19 här-

203 333 75 19 städes
292 333 52 19 eller
358 335 37 17 äro
410 333 69 20 under
494 333 182 24 grundläggning.

284 359 118 20 Sordavala
423 360 88 24 lyceum
533 360 40 19 har
593 359 64 20 äfven
676 359 75 20 såsom
771 359 115 24 >5-klassigt
904 359 51 24 fyllt

203 387 33 18 ett
250 387 109 19 kännbart
373 387 66 19 behof
453 386 75 21 såsom
543 387 24 19 af
579 386 95 25 följande
690 387 71 19 siffror
775 385 103 25 framgår.

284 413 73 20 Under
382 414 148 19 innevarande
558 413 71 19 läseår
656 413 133 20 1896—1897
813 413 64 23 utgör
900 413 55 19 elev-

203 440 85 20 antalet

267 500 27 24 pä
326 500 53 20 I:sta
394 500 106 20 klassen.
530 516 3 4 .
564 516 3 3 .
597 516 4 4 .
631 516 4 4 .
665 512 3 2 -
699 516 3 4 .
733 516 3 4 .
765 500 26 20 26
806 500 78 20 elever.

278 543 8 8 »
316 527 66 20 II:dra
437 543 9 9 5
497 543 71 4 Koss
610 543 1 3 o
632 543 71 4 ko);
733 543 3 3 <
766 528 80 23 Mo

278 570 8 8 »
306 554 72 25 II:dje
436 570 64 9 mos
530 570 3 4 s
563 570 4 3 =
597 570 37 4 wm
664 565 38 3 >=
732 570 3 4 +
765 555 25 19 J6
837 569 9 9 =»

278 597 8 8 »
308 581 63 20 IV:de
437 597 164 9 Pos
766 582 25 19 16
838 596 8 9 0,

279 624 7 9 »
317 608 48 20 Vite
435 624 9 9 mo
496 624 70 4 ora
598 624 37 4 okok
767 608 24 20 12
838 623 9 9 ,

659 648 92 20 Summa
765 647 25 19 91
807 647 77 19 elever.

276 713 79 20 Härtill
365 714 101 20 kommer
475 715 33 19 att
518 715 33 19 ett
561 714 108 25 betydligt
678 714 61 20 antal
747 714 72 19 elever
826 712 48 20 frän
883 713 73 19 Sorda-

205 741 50 20 vala
277 740 137 20 skolomräde
434 740 83 25 ärligen
536 741 150 20 frekventerat
705 741 102 24 lyceerna
826 741 8 18 i
852 740 104 24 Joensuu,

205 768 95 24 Nyslott,
320 767 81 25 Viborg
422 769 41 19 och
481 768 146 24 Helsingfors.
655 767 105 21 Läseäret
778 767 133 19 1895—1896
926 767 30 19 ut-

205 795 73 23 gjorde
298 794 62 20 deras
382 795 60 19 antal
460 794 13 21 å
492 796 81 19 nämda
592 795 84 25 lyceers
695 795 13 19 5
727 795 72 24 lägsta
824 794 85 19 klasser
924 793 32 20 38.

205 822 143 19 Föräldrarna
366 827 52 14 voro
436 822 113 24 nämligen
569 823 99 23 tvungna
687 822 33 20 att
734 820 49 21 frän
798 821 76 24 början
889 820 68 20 sända

205 848 50 20 sina
272 849 54 19 barn
341 848 33 20 till
388 848 74 21 skolor
476 848 27 26 pä
517 849 68 19 andra
600 850 57 19 orter
671 849 34 19 för
719 849 34 19 att
767 848 97 20 undvika
878 848 37 19 det
929 848 29 19 af-

206 876 59 19 brott
280 876 6 19 i
301 875 118 25 studierna,
434 882 50 14 som
499 876 70 20 skulle
584 875 104 21 förestätt
701 876 50 19 dem
766 875 59 19 iden
836 880 56 19 egna
902 874 55 20 skol-

206 903 85 24 staden,
306 902 67 20 sedan
388 902 27 20 de
429 902 130 25 genomgätt
573 903 90 20 skolans
678 903 42 19 5:te
736 902 67 20 klass.

278 928 93 25 Sälänge
394 930 117 20 Sordavala
528 930 89 24 lyceum
637 928 158 26 upprätthälles
815 929 24 19 af
857 934 27 14 en
904 928 54 20 liten

206 956 41 19 och
262 956 84 20 mindre
362 956 113 20 bemedlad
490 957 49 19 stad
555 957 57 19 skall
626 957 51 19 dess
691 955 90 20 framtid
796 955 62 20 alltid
868 955 6 19 i
886 954 72 25 nägon

206 981 52 22 män
274 988 53 15 vara
342 983 77 20 osäker
434 984 40 19 och
490 983 75 20 såsom
579 983 141 24 femklassigt
734 983 43 19 kan
793 982 78 20 skolan
887 982 19 24 ej
917 982 41 19 hel-

206 1010 31 19 ler
256 1009 160 20 tillfredsställa
435 1011 37 19 det
487 1010 135 20 vidsträckta
641 1010 124 19 distriktets
784 1009 67 20 behof
868 1009 22 19 af
904 1008 54 20 skol-

206 1037 106 24 bildning.
344 1037 88 20 Derföre
451 1037 65 20 borde
539 1037 72 25 lyceet
632 1037 135 24 nödvändigt
789 1036 126 23 öfvertagas
937 1035 24 20 af

206 1064 75 19 staten
301 1064 39 20 och
360 1064 103 24 utvidgas
477 1065 34 19 till
525 1065 33 19 ett
572 1064 115 24 8-klassigt
701 1064 95 24 lyceum.
825 1063 65 19 Detta
904 1061 55 20 läter

206 1089 26 20 sä
252 1091 90 24 mycket
356 1091 78 19 lättare
450 1093 52 22 göra
516 1091 41 24 sig,
572 1097 48 14 som
636 1090 118 21 Sordavala
768 1090 89 24 lyceum
872 1089 65 20 äfven
952 1089 8 19 i

206 1117 41 20 sitt
268 1117 127 20 nuvarande
417 1118 62 19 skick
501 1117 103 21 äsamkar
623 1118 73 19 staten
716 1123 27 14 en
763 1116 55 25 ärlig
837 1116 67 24 utgift
923 1121 36 14 om

207 1145 75 19 16,000
295 1145 69 19 mark.

279 1167 64 24 Östra
356 1171 93 20 Karelen
466 1174 23 17 är
503 1172 7 19 i
524 1172 107 19 afsaknad
642 1172 23 19 af
674 1172 33 19 ett
716 1171 67 24 högre
793 1170 107 24 läroverk,
910 1175 48 14 som

207 1199 44 18 kan
269 1199 113 24 uppfostra
400 1197 23 21 ät
441 1198 125 20 detsamma
583 1204 27 14 en
631 1198 71 20 bildad
721 1198 68 24 klass,
808 1195 111 26 utgången
934 1201 26 14 ur

206 1225 52 20 dess
273 1226 50 23 eget
338 1225 68 20 sköte.
435 1225 93 20 Karelen
544 1225 103 20 behöfver
661 1225 92 25 präster,
768 1224 74 20 affärs-
857 1224 40 19 och
908 1224 52 23 tjen-

207 1252 95 25 stemän,
320 1252 74 20 hvilka
413 1253 67 19 redan
499 1252 49 20 från
567 1252 133 20 barndomen
720 1253 38 18 äro
777 1251 114 23 förtrogna
910 1250 51 19 med

206 1279 74 20 denna
306 1279 110 20 landsdels
442 1279 153 24 egendomliga
618 1278 158 25 förhållanden,
800 1277 76 20 hvilka
899 1277 65 20 älska

207 1305 125 20 detsamma
350 1311 47 15 som
418 1306 34 19 sin
471 1306 110 25 hembygd
601 1306 40 20 och
660 1308 37 17 äro
717 1305 75 24 villiga
811 1305 35 19 att
862 1304 34 19 för
910 1304 50 20 dess

208 1332 140 25 befolknings
367 1333 36 20 väl
422 1333 55 20 offra
496 1333 49 20 sina
563 1333 88 20 krafter.
679 1332 96 20 Karelen
794 1334 24 17 är
832 1331 7 19 i
854 1331 107 20 afsaknad

207 1359 24 20 af
244 1359 73 20 denna
332 1360 242 24 samhörighetskänsla
589 1359 94 20 emellan
693 1359 70 20 folket
773 1359 41 19 och
824 1358 42 19 den
876 1357 84 20 bildade

207 1386 97 25 klassen,
326 1392 49 14 som
396 1387 150 20 annanstädes
565 1387 7 19 i
592 1385 49 21 vårt
659 1387 51 19 land
729 1386 58 19 varit
805 1390 29 15 en
852 1383 25 21 så
891 1384 71 26 vigtig

207 1413 103 24 främjare
326 1413 22 20 af
361 1414 37 19 det
412 1413 114 20 materiela
541 1414 40 19 och
596 1413 88 24 andliga
698 1413 70 20 lifvet.

280 1439 31 20 På
330 1441 66 19 ofvan
416 1441 90 19 anförda
520 1440 95 25 grunder
629 1441 62 23 tager
703 1441 38 23 jag
755 1439 46 24 mig
816 1438 95 20 friheten
926 1443 36 14 an-

207 1466 60 20 hålla
286 1467 36 19 det
342 1467 116 25 Vällofliga
477 1466 184 25 Borgareståndet
675 1467 51 19 ville
741 1466 78 20 förena
834 1465 34 23 sig
883 1470 36 14 om
934 1469 28 14 en

207 1494 92 24 petition
316 1494 85 20 därom:
