1073 1736
852 175 27 19 39

201 244 34 22 Då
251 245 22 21 vi
289 245 57 21 altså
370 245 61 27 hylla
449 245 123 28 principen,
589 246 34 21 att
639 247 74 20 staten
735 245 42 22 bör
799 245 82 22 bereda

127 281 123 26 ungdomen
265 281 90 21 tillfälle
371 281 35 21 till
422 281 212 27 skolundervisning
645 282 28 26 på
684 282 107 21 hemmets
804 281 75 27 språk,

126 317 41 21 har
183 316 37 22 det
236 318 64 26 synts
316 323 35 15 oss
367 316 94 28 obilligt,
478 319 33 19 att
527 317 38 22 det
581 317 56 22 enda
653 317 169 28 statsläroverk,
839 317 41 22 där

127 353 186 22 svenskatalande
329 359 78 21 gossar
422 352 51 22 från
489 353 95 22 Savolax
600 353 59 22 inom
680 353 40 22 sitt
743 355 52 26 eget
818 353 61 22 land-

127 389 68 27 skaps
219 391 93 25 gränser
335 390 75 20 kunna
434 389 86 22 erhålla
547 389 161 27 undervisning
730 389 29 27 på
783 389 96 22 moders-

127 425 72 26 målet,
230 425 75 22 blefve
329 424 132 22 förändradt
486 425 36 21 till
548 425 141 22 uteslutande
712 425 167 27 finskspråkigt.

126 461 93 21 Antalet
233 467 78 21 gossar
327 460 50 22 från
393 460 94 23 Savolax
503 461 52 22 med
571 462 98 21 svenska
684 468 46 15 som
740 461 138 28 modersmål,

126 496 77 22 hvilka
218 497 83 22 besöka
320 497 105 21 läroverk
447 497 57 22 inom
528 497 57 22 eller
607 499 59 20 utom
690 497 139 28 landskapet,
854 499 25 19 är

126 532 120 28 ingalunda
261 533 130 27 obetydligt.
423 532 78 28 Enligt
516 533 126 22 statistiska
653 533 113 27 uppgifter
777 532 34 23 för
822 533 56 22 läse-

126 568 50 22 året
201 570 145 20 1895—1896
370 569 101 27 utgjorde
487 569 85 22 antalet
587 569 191 27 svenskspråkiga
794 570 84 21 elever:

234 659 37 22 vid
287 659 30 21 kl.
334 659 85 27 lyceum
435 659 8 21 i
459 659 32 22 S:t
506 659 82 22 Michel
619 675 4 5 .
655 677 4 4 .
692 675 3 4 .
742 661 29 20 30

246 712 9 9 äi
361 712 10 11 »”
434 695 8 21 i
457 695 86 27 Kuopio
583 712 3 4 .
619 711 4 4 .
655 711 4 5 .
691 711 5 5 .
744 697 26 19 10

246 747 10 10 »
287 731 132 27 reallyceum
435 731 8 21 i
459 731 91 27 Nyslott
583 747 4 4 .
619 747 4 5 .
655 747 4 4 .
691 749 3 4 .
743 733 26 19 19

247 783 9 9 »
286 767 197 28 Priv.reallyceum
492 767 7 22 i
507 767 87 26 Kuopio
603 767 93 28 (gossar)
720 763 15 36 =
741 769 30 20 54

609 809 87 22 Summa
729 811 40 20 113

202 892 82 22 Härtill
300 894 39 20 bör
355 893 78 27 läggas
444 893 84 22 antalet
541 893 186 22 svenskatalande
737 899 79 21 gossar
826 892 51 23 frän

126 930 61 20 orter
202 928 58 22 inom
276 928 99 28 Savolax,
391 929 78 22 hvilka
489 929 95 22 besökte
607 930 104 22 läroverk
734 931 59 20 utom
816 929 61 21 land-

126 964 91 27 skapets
244 967 99 25 gränser.
375 965 78 27 Enligt
478 966 145 21 rektorernas
650 966 179 27 ärsberättelser,
855 964 26 22 af

126 1000 77 22 hvilka
226 1001 91 22 likvisst
339 1002 57 21 blott
420 1003 33 20 ett
467 1001 56 22 fåtal
539 1003 98 26 upptaga
653 1002 116 22 elevernas
785 1002 92 27 hemort,

126 1037 96 27 uppgick
239 1037 75 22 dessas
331 1038 60 21 antal
406 1038 71 21 under
493 1038 80 21 nämda
588 1038 74 22 läseår
678 1038 35 21 till
724 1040 35 25 20,
771 1044 28 16 en
810 1037 67 28 siffra,

126 1078 46 16 som
189 1073 46 22 helt
251 1074 77 22 säkert
343 1074 70 22 måste
429 1080 66 16 anses
511 1074 72 22 såsom
600 1073 76 23 alltför
691 1074 42 27 låg.

200 1109 11 21 I
227 1109 146 22 betraktande
397 1109 25 21 af
442 1110 161 22 ofvananförda
625 1109 162 29 förhållanden,
811 1109 66 22 fram-

125 1145 93 22 ställdes
234 1145 38 22 vid
287 1146 104 21 ärendets
407 1146 136 27 behandling
558 1146 8 21 i
582 1146 116 21 Utskottet
713 1146 51 21 från
775 1146 41 21 vår
827 1145 48 22 sida

126 1183 34 19 ett
185 1180 236 29 förmedlingsförslag,
448 1182 7 21 i
481 1181 61 28 syfte
569 1183 34 20 att
627 1181 189 28 undervisningen
840 1181 37 22 vid

125 1217 74 26 lyceet
214 1217 7 21 i
237 1216 33 23 S:t
285 1217 86 28 Michel,
386 1217 90 28 jämlikt
492 1218 186 27 petitionärernas
695 1218 91 27 önskan,
803 1216 74 23 blefve

125 1253 79 21 enbart
219 1253 157 28 finskspråkig,
393 1260 34 15 om
444 1255 74 20 staten
534 1254 136 21 omedelbart
685 1253 81 22 skrede
776 1253 36 22 till
823 1259 54 21 upp-

124 1288 115 22 rättandet
262 1289 25 21 af
307 1291 33 20 ett
367 1289 187 28 svenskspråkigt
581 1290 85 27 lyceum
692 1289 57 22 inom
775 1289 100 22 Savolax.

124 1324 69 22 Detta
204 1324 85 28 förslag
298 1331 59 16 vann
368 1325 56 22 dock
435 1325 57 22 intet
500 1325 97 22 medhåll
605 1325 50 22 från
664 1325 151 27 majoritetens
823 1325 54 22 sida.

200 1360 90 27 Frågan
315 1367 34 15 om
374 1361 269 27 undervisningsspråket
665 1361 38 22 vid
727 1360 31 22 S:t
783 1360 93 21 Michels

124 1395 86 28 lyceum
233 1396 42 21 har
298 1397 89 26 nyligen
411 1395 109 24 förevarit
535 1397 36 21 till
587 1397 134 27 behandling
736 1397 7 20 i
760 1391 116 32 Öfversty-

123 1431 76 22 relsen
215 1431 34 22 för
265 1432 164 27 skolväsendet,
446 1439 46 15 som
509 1435 38 24 egt
566 1435 33 19 att
622 1432 85 28 afgifva
729 1432 148 26 underdånigt

124 1467 114 22 utlåtande
254 1468 49 21 med
319 1468 120 26 anledning
454 1468 25 21 af
493 1474 27 15 en
537 1468 35 22 till
589 1468 115 27 Styrelsen
717 1467 111 23 inlemnad
839 1473 37 15 an-
