1073 1736
845 172 27 19 41

122 242 41 22 ska
179 242 254 22 elementarläroverken
448 242 8 20 i
473 242 137 22 Tavastehus
627 242 40 21 och
690 242 87 27 Kuopio
800 242 74 21 indra-

122 278 44 27 gits
190 280 57 19 samt
270 278 37 21 det
323 278 6 20 i
345 278 127 26 Jyväskylä
488 278 47 21 helt
551 278 39 21 och
607 278 69 21 hållet
692 278 138 26 förfinskats,
847 280 26 19 är

123 314 37 21 det
176 313 57 22 enda
248 313 142 27 statslyceum
407 313 6 21 i
429 313 51 22 hela
497 313 37 22 det
553 313 48 22 inre
625 313 81 28 landet,
731 313 40 22 der
794 313 79 22 under-

123 349 90 27 visning
227 349 133 22 åtminstone
376 349 71 21 delvis
463 351 59 19 ännu
538 349 111 22 meddelas
665 349 29 26 på
705 349 97 22 svenska
813 349 61 26 språ-

123 385 44 21 ket.
199 385 142 22 Sökandenas
356 385 107 27 yrkande,
481 386 32 20 att
529 384 67 23 äfven
613 385 61 21 detta
697 385 86 27 lyceum
807 385 68 21 måtte

123 421 142 27 fullständigt
296 420 124 28 förfinskas,
453 421 40 21 och
519 421 104 27 antydan,
650 423 34 19 att
710 421 41 21 den
779 421 96 22 svenska

123 457 89 22 talande
233 457 86 22 bildade
340 457 91 21 klassen
450 457 7 21 i
475 457 77 22 stället
567 457 74 21 kunde
657 457 34 21 för
707 457 48 21 sina
771 457 55 21 barn
842 457 32 20 åt-

123 493 62 27 nöjas
201 493 50 21 med
267 493 42 21 den
328 493 167 27 undervisning,
520 499 46 15 som
588 493 103 27 erbjudes
714 493 7 20 i
745 494 34 20 ett
801 493 74 26 privat

123 529 105 21 läroverk
252 529 28 26 på
303 530 70 25 orten,
397 535 67 20 synas
481 528 76 22 derför
572 529 49 21 icke
638 535 54 15 vara
708 529 49 21 med
772 528 103 27 billighet

124 563 246 23 öfverensstämmande.
396 564 49 22 Den
461 564 198 27 omständigheten,
677 566 32 19 att
725 564 42 22 den
779 565 97 21 svenska

124 600 89 21 talande
229 600 87 21 bildade
331 600 90 21 klassen
437 600 8 20 i
461 600 37 21 det
514 600 49 21 inre
579 600 76 21 landet
670 602 25 19 är
706 600 59 27 glest
776 600 99 22 fördelad

125 634 63 23 öfver
212 636 111 21 särskilda
342 635 75 22 städer
433 636 40 21 och
489 636 134 27 kommuner,
641 636 50 27 kan,
710 636 71 27 enligt
796 630 79 27 Öfver-

124 671 123 27 styrelsens
258 672 73 26 tanke,
343 671 50 22 icke
403 671 135 28 rättfärdiga
549 674 32 19 ett
597 671 133 28 förfarande,
747 678 46 16 som
809 672 67 27 ginge

124 709 24 19 ut
158 707 29 26 på
199 708 32 20 att
242 707 46 21 helt
299 707 39 21 och
346 707 70 21 hållet
423 707 123 21 åsidosätta
555 707 50 22 dess
613 708 134 27 önskningar
757 708 39 20 och
805 706 71 22 behof.

200 743 40 21 Att
264 742 41 22 den
329 743 145 27 tvåspråkiga
497 743 189 27 undervisningen
710 743 85 22 medför
817 743 60 22 vissa

125 778 141 28 svårigheter
281 778 35 22 för
332 779 89 21 läraren
437 781 57 19 samt
510 779 103 27 påkallar
628 779 50 21 från
695 780 54 21 hans
761 779 48 21 sida
819 779 57 21 ökad

124 814 153 27 påpasslighet
293 814 38 22 och
348 815 203 27 uppmärksamhet,
575 816 43 20 kan
640 815 24 27 ju
688 816 49 21 icke
761 815 115 27 förnekas;

125 856 50 15 men
199 852 33 19 att
255 850 169 27 svårigheterna
443 851 50 21 med
508 851 43 27 god
566 851 54 26 vilja
636 851 75 21 kunna
726 850 149 28 öfvervinnas,

125 885 89 22 bevisas
231 885 24 21 af
269 885 41 22 den
327 885 122 28 framgång,
467 886 105 22 hvarmed
589 886 27 21 de
632 887 81 27 elever,
738 893 46 15 som
807 886 70 22 under

126 921 27 22 de
169 927 80 16 senare
264 921 53 22 åren
333 921 134 22 dimitterats
483 922 50 21 från
545 922 31 22 S:t
586 922 93 22 Michels
690 923 92 27 lyceum,
793 923 84 21 bestått

126 956 88 28 profvet
229 957 8 21 i
253 957 187 22 studentexamen.
465 957 49 22 Den
531 957 134 29 erfarenhet,
682 965 52 20 som,
746 958 71 22 under
833 957 43 22 för-

126 993 125 27 utsättning
266 993 25 21 af
304 999 27 15 en
347 993 52 27 lojal
410 993 142 28 tillämpning
562 993 25 22 af
595 994 38 21 det
644 993 135 23 föreskrifna
792 995 84 20 arbets-

126 1031 75 25 sättet,
219 1029 79 21 härvid
313 1029 48 21 står
377 1031 32 19 att
425 1029 74 27 vinna,
515 1029 45 22 kan
584 1029 70 22 under
677 1030 98 21 rådande
799 1030 78 26 språk-

126 1063 154 23 förhållanden
303 1065 104 26 möjligen
431 1065 70 21 blifva
523 1065 25 21 af
572 1065 68 22 värde
663 1065 35 22 för
714 1065 43 22 den
773 1065 104 22 fortsatta

126 1100 157 27 utvecklingen
300 1099 25 22 af
339 1101 158 21 skolväsendet
513 1101 7 21 i
535 1101 52 22 vårt
602 1101 73 22 land".

201 1136 32 21 På
257 1135 64 22 ofvan
348 1135 92 22 anförda
463 1137 98 26 grunder
577 1137 22 21 få
615 1137 181 21 undertecknade
811 1137 66 22 vörd-

127 1173 57 19 samt
199 1171 116 21 hemställa

412 1204 33 19 att
459 1203 218 26 petitionsförslagen
693 1209 34 15 om
740 1203 138 27 förändring

341 1237 28 27 af
388 1238 263 27 undervisningsspräket
670 1239 37 21 vid
723 1239 84 26 lyceum
822 1239 9 20 i
846 1238 33 22 S:t

341 1274 76 21 Michel
432 1274 45 21 icke
491 1274 68 22 måtte
572 1275 119 26 föranleda
706 1274 74 28 någon
796 1274 82 27 åtgärd

339 1308 56 27 från
411 1309 140 22 Ständernas
566 1311 56 20 sida.

199 1357 20 20 A.
235 1356 138 22 Wallensköld.
557 1358 18 21 R.
593 1358 19 21 F.
629 1363 36 16 von
683 1357 124 22 Willebrand.

200 1393 45 20 Emil
263 1392 136 22 Cedercreutz.
556 1393 55 22 Adolf
627 1399 37 16 von
681 1394 111 21 Bonsdorff.

200 1428 18 20 F.
235 1428 26 21 W.
278 1428 105 21 Sundwall.
555 1429 54 21 Arvid
627 1429 82 27 Nyberg.

199 1463 20 21 T.
235 1463 14 21 J.
268 1463 98 21 Boisman.
557 1464 20 22 0.
594 1464 26 21 W.
637 1464 92 22 Andst6n.
