1050 1700
275 176 135 22 Rättelseblad
428 176 28 22 till
473 174 220 29 petitionsmemorialet

389 236 96 23 Prestest,
502 236 35 22 N:o
552 235 29 22 12.

215 560 54 23 Till
285 559 46 23 det
347 559 177 30 Högvördiga
540 558 221 24 Presteständet.

185 639 9 18 I
216 638 38 18 den
274 638 65 18 finska
360 638 131 23 statskyrkan
511 637 59 18 råder
591 639 30 16 ett
641 637 114 24 betänkligt
775 635 89 19 missför-

114 668 98 21 hållande,
231 674 42 12 som
291 670 21 15 är
329 668 75 23 egnadt
421 669 31 16 att
465 668 7 17 i
484 668 41 23 hög
538 667 51 24 grad
601 667 97 24 försvaga
710 665 121 25 inflytandet
845 665 22 19 af

114 698 88 24 kyrkans
215 698 133 18 verksamhet.
374 698 40 23 Jag
427 697 66 24 syftar
506 697 62 24 derpä
581 699 30 16 att
623 696 88 19 flertalet
724 696 23 18 af
757 697 48 17 vära
819 696 44 23 kyr-

114 729 36 17 kor
170 729 121 17 åtminstone
309 728 6 17 i
332 727 228 24 landsförsamlingarna
580 727 73 18 saknar
671 727 193 23 uppvärmningsap-

114 760 58 21 parat
190 759 37 17 och
245 760 30 16 att
292 759 77 17 största
386 757 57 18 delen
456 757 23 18 af
489 759 46 17 värt
547 757 42 18 folk
602 757 79 18 vintern
694 757 81 24 igenom
788 755 77 24 söndag

115 788 53 18 efter
181 788 78 24 söndag
268 788 152 18 sammankallas
430 789 31 16 att
470 788 55 23 tjena
533 787 45 18 Gud
587 787 7 18 i
603 787 71 18 iskalla
682 793 50 11 rum.
746 786 43 17 Den
798 787 67 16 natur-

114 818 41 19 liga
168 818 76 23 följden
257 818 59 18 häraf
326 820 23 15 är
362 820 30 15 att
404 818 119 23 isynnerhet
535 817 38 18 den
586 817 74 24 fattiga
672 816 143 23 befolkningen
828 815 37 18 och

114 848 49 18 barn
182 848 65 18 under
266 849 59 23 långa
344 848 52 18 tider
415 848 36 17 alls
471 848 44 17 icke
534 848 67 17 kunna
618 847 75 18 besöka
712 847 89 17 Herrens
821 846 45 17 hus.

115 878 106 18 Likaledes
235 880 22 15 är
271 878 33 17 det
317 878 105 23 pätagligt,
437 879 31 16 att
481 877 86 18 firandet
579 877 23 18 af
613 877 116 24 gudstjenst
741 877 7 16 i
759 876 53 17 kalla
821 875 45 24 kyr-

117 908 36 17 kor
172 909 91 17 äsamkar
283 908 55 18 såväl
356 908 67 17 ordets
438 908 84 17 åhörare
535 913 44 12 som
592 907 46 18 dess
651 907 122 17 förkunnare
786 906 81 23 mänga-

117 938 66 17 handa
195 938 100 17 andakten
308 938 95 18 störande
417 938 135 23 olägenheter.
567 933 66 22 Äfven
646 937 44 18 från
703 936 108 24 hygienisk
821 941 46 18 syn-

117 968 64 23 punkt
199 970 22 15 är
241 968 56 17 detta
315 967 176 18 missförhållande
507 967 118 24 betänkligt,
643 969 22 21 ty
679 967 56 18 svårt
748 966 59 18 torde
819 971 49 12 vara

118 999 30 16 att
161 997 106 18 föreställa
280 998 37 23 sig,
330 998 52 17 huru
395 998 74 23 många
481 997 132 24 medborgare
628 997 6 17 i
643 997 53 17 kalla
704 996 76 23 kyrkor
789 995 79 24 ådragit

118 1028 31 23 sig
163 1027 116 24 sjukdomar
292 1027 36 18 och
342 1033 24 12 en
380 1027 31 18 för
423 1027 53 24 tidig
490 1027 43 18 död.

189 1057 65 18 Dessa
266 1057 55 18 fakta
334 1057 70 24 tyckas
417 1057 42 18 täla
473 1059 30 16 ett
517 1058 21 17 så
551 1057 76 23 tydligt
641 1057 64 23 språk,
719 1057 32 16 att
763 1055 34 18 det
806 1054 62 19 borde

118 1093 49 12 vara
183 1087 94 24 omöjligt
293 1089 31 16 att
341 1093 81 12 numera
436 1087 137 24 någonstädes
585 1087 101 17 bibehålla
698 1087 96 17 sakernas
807 1091 61 12 nuva-

118 1117 62 18 rande
197 1117 50 24 läge,
262 1118 22 17 så
296 1117 83 24 mycket
391 1123 42 11 mer
447 1123 44 12 som
504 1117 24 18 de
541 1116 147 22 omkostnader,
701 1116 70 18 hvilka
783 1117 85 21 uppvär-

118 1147 81 18 mandet
213 1148 22 17 af
247 1147 24 18 de
283 1148 66 23 gamla
358 1148 101 22 kyrkorna
469 1147 64 18 skulle
542 1146 95 21 medföra,
647 1152 72 18 genom
729 1144 140 20 användandet

119 1177 22 18 af
155 1177 96 18 moderna
268 1177 267 23 uppvärmningsapparater
549 1176 44 18 icke
607 1176 53 24 stiga
672 1176 31 18 till
715 1176 74 23 många
802 1176 67 16 tusen-

118 1207 29 17 tal
160 1207 61 17 mark.

191 1237 46 17 Men
256 1236 25 18 då
299 1237 124 23 kyrkolagen
441 1236 45 18 icke
502 1236 111 18 innehåller
625 1236 62 24 något
699 1235 104 18 bestämdt
816 1234 53 18 stad-

119 1266 66 24 gande
197 1273 33 11 om
242 1267 112 23 kyrkornas
367 1266 155 24 uppvärmande,
536 1268 37 22 gör
586 1266 33 24 sig
631 1266 137 23 liknöjdheten
776 1265 38 18 och
823 1265 46 17 kon-

120 1297 132 17 servatismen
270 1296 64 18 denna
346 1296 51 18 brist
410 1296 32 18 till
455 1296 53 24 godo
522 1296 37 18 och
572 1297 23 17 så
607 1296 64 18 hållas
684 1296 7 17 i
703 1296 46 17 vårt
761 1294 47 19 land
821 1294 49 18 hun-

120 1326 102 18 dradetals
238 1326 67 24 gamla
317 1328 40 16 trä-
371 1326 36 18 och
421 1326 122 24 stenkyrkor
555 1326 176 24 fortsättningsvis
744 1325 59 22 kalla,
816 1335 22 3 —
849 1324 22 24 ja

120 1362 45 11 man
178 1356 37 18 har
223 1356 32 18 till
263 1356 37 18 och
309 1356 46 17 med
365 1358 52 16 ännu
427 1356 65 18 under
501 1358 80 16 senaste
590 1356 31 17 tid
629 1356 100 17 bevittnat
738 1357 31 16 att
777 1360 40 18 nya
826 1355 45 23 kyr-

120 1386 37 17 kor
165 1386 85 24 byggas,
259 1386 68 18 hvilka
335 1386 45 17 icke
389 1386 68 18 blifvit
465 1386 96 18 försedda
570 1386 46 17 med
622 1386 249 23 uppvärmningsapparat.

121 1416 67 17 Annat
201 1416 87 17 återstår
301 1415 78 18 således
392 1416 49 20 icke,
455 1418 26 15 än
495 1417 30 16 att
539 1417 67 16 staten
619 1415 67 17 träder
700 1415 90 20 emellan,
800 1414 32 18 för
841 1416 31 15 att

121 1446 135 24 omintetgöra
274 1446 81 23 trycket
374 1445 22 18 af
413 1451 24 12 en
454 1445 55 18 lokal
522 1445 107 24 majoritet,
643 1444 25 18 då
680 1444 145 19 fosterlandets
838 1444 33 17 all-
