1056 1736
226 126 12 20 2

195 192 41 23 väg
257 189 48 20 från
327 189 93 20 inlandet
442 190 60 20 ledde
524 193 24 17 ut
570 190 33 20 till
626 190 62 20 hamn
708 190 36 20 vid
759 189 113 20 Bottniska
886 190 68 20 viken.

196 218 116 20 Ständerna
327 218 53 20 hade
395 218 62 20 också
473 219 71 20 därför
558 220 65 19 redan
638 220 36 19 vid
693 220 50 19 1891
759 220 34 18 års
803 218 100 26 landtdag
912 218 42 20 för-

196 248 60 19 ordat
278 249 31 18 ett
331 248 168 20 statsunderstöd
521 248 33 20 för
576 248 160 20 Raumo-banan
755 247 33 20 till
804 247 74 26 belopp
894 247 23 20 af
930 254 25 13 en

196 276 72 25 miljon
290 276 67 24 mark;
381 276 38 19 och
441 277 64 19 sedan
527 277 113 19 ständerna
660 277 36 19 vid
714 276 121 26 påföljande
853 276 52 20 1894
921 277 33 18 års

195 305 101 25 landtdag
311 304 62 20 äfven
387 305 82 20 anvisat
483 305 108 20 hvarifrån
607 306 62 19 dessa
684 305 67 20 medel
762 305 67 19 skulle
841 307 65 23 tagas,
918 305 37 19 har

195 333 8 20 i
217 333 146 26 värkligheten
377 334 139 25 banbyggnad
529 334 46 20 från
586 334 102 26 Peipohja
698 334 33 20 till
742 334 80 19 Raumo
834 333 46 20 stad
890 333 65 20 under

195 362 86 20 förlidet
295 363 23 19 år
333 362 86 20 kommit
431 363 33 19 till
475 363 62 20 stånd
548 365 53 18 samt
611 366 83 17 närmar
705 363 33 25 sig
748 369 28 13 nu
787 362 33 20 sin
829 362 125 20 fullbordan.

265 391 72 20 Under
352 391 74 20 sådant
440 391 130 20 förhållande
585 392 39 19 har
638 391 83 27 Nystad
736 391 90 26 nödgats
840 391 115 26 öfvergifva

196 419 72 26 hvarje
283 420 63 20 tanke
360 421 27 25 på
397 427 26 14 en
430 420 95 27 jernväg,
537 427 44 14 som
593 421 67 20 skulle
671 421 50 25 utgå
732 420 70 19 direkt
812 419 47 20 från
868 419 86 26 Björne-

195 449 91 25 borgska
308 449 75 20 banan.
411 449 33 20 En
467 450 64 20 sådan
549 449 121 26 uppoffring
685 450 47 19 från
748 448 140 21 statsvärkets
904 449 50 23 sida,

196 480 31 17 att
241 478 66 19 under
323 484 25 13 en
363 477 62 27 längd
441 478 23 20 af
477 478 49 20 flere
541 479 37 19 mil
593 479 69 25 bygga
678 485 25 13 en
718 479 54 19 bana
787 477 55 20 inom
853 484 24 13 en
888 484 67 13 annan

194 507 65 19 redan
277 507 95 25 befintlig
384 506 100 27 jernvägs
499 507 146 20 trafikområde
660 507 42 20 kan
712 506 136 26 naturligtvis
858 506 45 20 icke
913 506 41 19 för-

195 538 97 16 utsättas.
322 535 50 19 Icke
395 539 22 15 är
439 536 36 19 det
489 536 67 19 häller
571 536 89 26 möjligt,
676 539 32 16 att
723 535 73 20 staden
812 535 27 25 på
854 541 51 19 egen
920 535 34 19 be-

195 564 97 23 kostnad,
308 564 62 19 äfven
384 564 46 19 med
445 567 31 17 ett
485 565 84 25 mycket
580 564 74 26 rikligt
663 564 115 20 understöd
789 563 23 20 af
821 563 133 24 statsvärket,

195 592 69 20 kunde
279 592 70 20 utföra
363 593 75 19 banan.
461 593 78 20 Därtill
554 596 23 16 är
592 593 104 26 företaget
710 593 48 19 med
774 591 97 20 afseende
886 593 12 18 å
913 594 41 17 sta-

196 621 50 20 dens
262 621 134 20 ekonomiska
410 628 93 13 resurser
515 622 63 19 altför
589 624 53 17 stort
653 622 38 19 och
702 621 84 26 vågadt,
799 621 23 19 så
832 621 123 25 öfvertygad

196 650 74 19 staden
284 653 27 16 än
325 653 29 21 är,
371 653 30 17 att
413 650 46 25 just
472 657 24 14 en
507 651 166 25 bansträckning
683 649 213 27 Peipohja—Nystad
906 655 48 14 vore

196 679 86 25 specielt
297 679 33 19 för
346 679 73 20 staden
434 679 40 20 den
489 679 163 26 förmänligaste.
675 679 83 26 Nystad
774 679 38 19 har
827 678 69 19 därför
908 678 46 19 obe-

195 708 83 25 tingadt
293 707 110 20 omfattadt
419 708 39 20 den
473 708 62 25 äsikt,
551 711 32 17 att
595 709 74 19 staden
679 708 36 20 vid
726 707 100 20 sakernas
837 707 118 20 nuvarande

195 736 122 26 utveckling
339 737 41 19 kan
402 737 81 20 komma
507 740 31 17 att
555 738 85 19 beröras
663 737 24 20 af
697 737 91 25 jernväg
803 736 74 19 endast
892 736 63 19 sedan

196 765 40 20 den
258 765 66 20 under
345 765 98 26 byggnad
465 767 91 19 varande
575 767 61 18 södra
650 766 120 19 kustbanan
785 765 109 19 fortsättes
908 764 47 20 frän

215 795 26 18 bo
257 796 72 17 norrut
344 794 33 19 till
387 795 79 19 Raumo
477 795 47 20 stad
535 795 50 20 eller
595 796 68 25 nägon
674 795 6 19 i
692 795 62 20 södra
764 793 61 20 delen
836 793 22 20 af
866 793 88 20 Raumo-

195 823 69 19 banan
278 823 98 25 liggande
391 823 85 26 lämplig
491 823 205 26 anslutningspunkt.

264 851 59 19 Hvar
341 852 39 19 och
397 858 32 18 en,
445 859 44 13 som
503 852 58 26 gjort
576 853 32 25 sig
623 853 69 24 nägon
706 851 147 25 föreställning
868 857 32 12 om
915 850 38 19 den

196 880 84 25 slutliga
290 880 179 26 konfigurationen
479 880 24 20 af
510 882 47 18 värt
569 881 107 19 blifvande
684 880 138 26 jernvägsnät
832 879 7 19 i
851 879 47 19 dess
908 878 46 20 huf-

194 909 102 25 vuddrag,
311 909 42 19 kan
367 909 35 19 väl
416 909 46 20 icke
477 910 59 24 neka,
552 912 32 17 att
599 910 68 19 säsom
678 916 26 13 en
715 908 50 20 länk
776 908 45 19 däri
831 908 65 19 mäste
906 907 49 25 ingä

195 944 25 12 en
234 940 73 17 västra
321 938 110 24 kustbana,
446 939 137 25 begynnande
598 938 46 20 frän
660 932 46 26 Åbo
722 937 48 20 stad
781 936 39 20 och
832 936 122 20 sträckande

195 966 33 25 sig
243 966 54 20 ända
311 973 42 19 upp
368 966 33 20 till
415 967 65 20 Vasa-
495 967 39 20 och
548 967 227 25 Uleäborgs-banorna.
805 965 81 20 Endast
900 965 54 19 häri-

194 1001 75 19 genom
289 995 71 20 kunna
375 995 25 20 de
414 995 47 20 frän
476 996 71 20 landet
561 998 43 17 mot
619 996 76 20 kusten
710 994 97 27 löpande,
822 994 64 20 redan
900 994 54 19 före-

194 1024 82 25 fintliga
299 1024 39 19 och
360 1027 54 16 ännu
433 1025 70 19 säkert
518 1024 130 26 uppstäende
661 1024 148 25 jernvägarna,
826 1024 67 18 säsom
908 1022 46 19 Toi-

192 1042 203 43 jala—Åbo-banan,
415 1052 158 27 Björnborgska
592 1054 68 19 banan
675 1053 48 19 med
738 1052 34 19 sin
787 1051 120 26 förgrening
922 1050 32 20 till

194 1081 87 24 Raumo,
293 1087 26 13 en
329 1081 53 20 bana
393 1082 293 25 Östermyra—Kristinestad
696 1081 40 20 och
744 1080 127 20 bandelarna
879 1079 75 26 Mylly-

194 1109 143 20 mäki—Vasa
352 1113 53 17 samt
420 1102 138 39 Östermyra-
573 1111 64 26 Jeppo
653 1111 47 19 med
715 1109 119 20 hvarandra
847 1108 107 20 förbindas

194 1138 7 19 i
217 1139 39 19 och
278 1138 33 19 för
333 1139 107 19 bildandet
462 1139 23 19 af
501 1139 70 20 slutna
585 1139 84 19 maskor
684 1139 6 19 i
706 1140 66 18 nätet.
803 1137 41 20 Vid
859 1139 30 18 ett
904 1143 49 19 nog-

194 1173 103 19 grannare
313 1167 90 20 studium
419 1168 23 19 af
455 1168 25 19 de
495 1168 74 25 mänga
584 1168 153 23 betänkanden,
744 1166 210 26 jernvägsutskotten

194 1195 36 20 vid
245 1195 104 20 särskilda
364 1196 124 26 landtdagar
501 1196 90 26 afgifvit,
602 1196 66 20 finner
681 1203 49 13 man
740 1194 63 21 äfven
814 1195 67 19 denna
891 1194 62 20 tanke

194 1224 55 25 gäng
264 1225 26 25 pä
305 1225 56 25 gäng
374 1224 144 27 framskymta,
535 1225 64 20 ehuru
615 1225 57 20 detta
687 1224 95 20 utskotts
798 1223 113 26 sympatier
924 1222 29 20 öf-

194 1252 176 26 verhufvudtaget
384 1254 45 20 icke
445 1254 96 20 omfattat
556 1254 64 20 banor
635 1254 36 19 vid
682 1253 85 20 landets
777 1252 80 20 kuster.
879 1252 75 19 Atten

193 1285 72 16 västra
279 1282 104 20 kustbana
399 1283 23 19 sä
437 1286 33 16 att
478 1286 51 22 säga
538 1282 7 20 i
556 1283 48 19 dess
614 1282 67 20 ideela
691 1282 53 20 eller
753 1280 138 26 fullständiga
901 1280 52 20 form

193 1309 54 21 först
260 1310 153 26 jämförelsevis
428 1314 47 17 sent
489 1312 39 19 och
543 1312 64 19 sedan
621 1312 75 25 mänga
712 1310 66 20 andra
794 1309 160 25 jernvägsbehof

193 1338 72 20 blifvit
279 1338 167 26 tillfredsstälda,
470 1340 54 20 skall
542 1340 81 20 komma
637 1340 34 20 till
686 1339 118 23 utförande,
821 1341 23 17 är
858 1338 34 19 väl
907 1338 45 19 där-

193 1366 33 20 för
241 1370 32 17 att
288 1370 83 24 antaga.
400 1368 41 20 Till
456 1375 25 13 en
496 1368 73 26 början
584 1369 59 19 torde
658 1368 64 20 också
737 1367 92 20 trafiken
843 1367 6 19 i
860 1366 93 26 riktning

192 1396 62 25 längs
269 1396 76 20 kusten
360 1397 70 20 kunna
444 1400 50 17 utan
509 1398 107 26 synnerlig
631 1397 111 26 olägenhet
758 1396 83 20 komma
856 1395 31 20 till
898 1398 54 17 rätta

192 1424 63 21 äfven
270 1426 26 25 pä
311 1428 78 18 smärre
404 1430 97 22 omvägar
516 1427 67 20 såsom
594 1429 14 18 t.
621 1433 31 13 ex.
662 1426 78 20 mellan
751 1425 81 20 Raumo
843 1423 38 21 och
891 1424 61 25 Björ-
