1073 1745
111 185 163 28 (Öfversättning.)

395 475 201 27 Reservation.

479 546 20 22 I.

186 607 118 21 Allmänna
327 607 216 27 petitionsutskottet
566 606 129 22 framhåller
715 607 8 21 i
739 607 126 22 motiverin-

114 649 43 21 gen
180 643 36 21 till
240 643 37 21 det
300 642 25 22 af
345 643 117 21 Utskottet
484 642 85 28 afgifna
589 643 150 21 betänkandet
761 649 46 15 som
827 643 40 21 sitt

115 678 111 28 syftemäl,
243 681 33 19 att
296 679 102 27 kvinnor,
422 679 8 21 i
453 679 106 21 händelse
581 678 255 28 lärarebefattningarna
859 679 7 21 i

114 715 68 27 tyska
198 714 40 22 och
253 713 93 23 franska
362 714 96 27 spräken
469 714 8 22 i
488 715 99 27 enlighet
597 714 48 22 med
656 714 128 22 nuvarande
795 714 71 22 landt-

115 750 54 27 dags
195 750 112 27 enhälliga
332 750 73 22 beslut
431 750 85 22 komme
540 752 33 19 att
596 750 143 22 sammansläs
763 750 40 22 och
821 749 45 22 för-

115 786 87 27 ändras,
227 786 38 22 vid
288 786 189 22 normalskolorna
500 786 35 22 till
558 786 181 28 lektorstjänster
763 786 40 22 och
828 786 39 22 vid

116 821 72 28 öfriga
210 822 112 22 klassiska
342 822 74 27 lyceer
432 822 35 21 till
483 822 190 27 kollegatjänster,
691 822 74 22 skulle
781 822 85 22 erhålla

114 860 47 19 rätt
184 859 34 20 att
240 860 53 19 utan
317 858 89 26 dispens
430 858 55 21 söka
508 858 65 21 dessa
597 858 94 21 lektors-
713 858 40 21 och
768 858 97 26 kollega-

114 893 101 28 tjänster.
247 893 50 22 Men
321 894 24 21 ät
368 894 72 21 denna
462 894 68 21 tanke
546 894 40 21 har
602 893 8 22 i
625 893 110 22 klämmen
751 893 20 28 ej
787 893 79 27 gifvits

115 930 67 27 något
198 930 96 27 uttryck,
312 930 24 27 ja
352 930 42 21 den
409 930 41 21 har
466 930 40 21 där
522 930 19 27 ej
559 936 38 15 ens
613 929 76 22 blifvit
704 929 89 28 antydd.
822 929 44 21 Be-

114 965 125 22 tänkandet
255 967 25 20 är
296 966 35 21 till
346 965 55 28 följd
417 965 66 22 däraf
497 966 70 27 enligt
582 966 41 21 vär
639 965 60 22 åsikt
713 965 153 22 vilseledande

116 1001 119 28 såtillvida,
257 1003 33 20 att
310 1001 51 22 dess
377 1001 133 28 motivering
525 1001 41 22 och
581 1001 60 22 kläm
657 1001 19 28 ej
693 1001 36 22 stå
743 1001 8 21 i
767 1001 100 21 harmoni

116 1037 49 22 med
188 1037 132 28 hvarandra,
340 1039 57 20 samt
412 1037 48 21 däri
477 1039 33 19 att
525 1037 152 22 betänkandet
692 1037 19 27 ej
728 1036 83 28 tydligt
826 1042 41 21 ger

115 1073 38 22 vid
168 1073 94 27 handen,
279 1073 59 22 hvad
353 1073 116 22 Utskottet
484 1073 8 21 i
508 1073 69 21 saken
599 1073 97 21 beslutit.
727 1072 45 22 Det
794 1072 74 21 skulle

116 1108 76 22 därför
215 1110 59 21 varit
293 1110 105 26 önskligt,
414 1111 34 19 att
463 1110 117 21 Utskottet
595 1115 79 21 genom
689 1115 26 15 en
733 1109 89 21 klarare
837 1107 30 22 af-

116 1144 70 22 fattad
211 1145 59 21 kläm
287 1145 73 21 skulle
374 1145 80 21 beredt
469 1145 94 21 ärendet
578 1145 36 21 till
629 1144 120 28 afgörande
765 1144 25 22 af
803 1144 64 21 Stän-

116 1180 74 22 derna.
222 1181 45 21 För
290 1181 42 22 den
356 1181 107 21 händelse
487 1183 33 19 att
544 1180 123 22 Ständerna
688 1187 52 15 anse
756 1180 112 22 klämmen

116 1216 67 22 äfven
198 1217 8 21 i
222 1217 51 21 dess
289 1217 127 22 nuvarande
431 1216 57 22 form
503 1217 107 21 innebära
625 1216 57 23 hvad
698 1216 32 22 uti
741 1216 127 22 motiverin-

116 1258 43 22 gen
183 1252 131 22 förutsättes
339 1255 56 19 samt
415 1255 35 19 tro
474 1253 35 27 sig
524 1253 75 21 kunna
615 1252 112 27 uppställa
741 1252 127 22 densamma

116 1295 47 15 som
186 1289 72 26 grund
282 1288 34 22 för
340 1289 143 27 omröstning,
508 1288 89 22 anhälla
620 1288 23 22 vi
667 1290 32 20 att
725 1288 23 21 fä
773 1287 95 22 rörande

117 1323 81 28 själfva
213 1324 69 21 saken
298 1323 78 22 anföra
392 1323 109 28 följande:

188 1359 12 22 I
215 1359 107 22 händelse
338 1359 274 27 arvodesbefattningarna
627 1359 8 21 i
650 1359 67 27 tyska
727 1359 40 21 och
777 1358 93 22 franska

117 1395 98 26 språken
238 1394 81 28 blefve,
344 1395 70 22 såsom
436 1395 101 27 önskligt
553 1397 30 25 är,
601 1395 7 20 i
625 1395 98 27 enlighet
738 1394 50 21 med
803 1393 65 22 Stän-

117 1431 81 21 dernas
222 1431 112 27 enhälliga
348 1431 75 21 beslut
438 1431 177 26 sammanslagna
631 1430 40 21 och
686 1429 134 22 förändrade
835 1429 36 21 till

117 1466 181 27 lektorstjänster
314 1466 38 22 vid
367 1467 191 26 normallyceerna
574 1467 56 20 samt
641 1465 34 22 till
686 1465 184 27 kollegatjänster
