1092 1731
294 160 240 28 Motionsbetänkande
550 160 39 25 N:o
607 160 34 25 12.

342 567 311 23 Ekenomiutskottets
669 567 176 23 betänkande

307 604 38 23 N:o
361 603 26 23 31
404 603 10 24 i
430 603 126 29 anledning
571 603 26 23 af
611 604 33 22 ett
659 603 40 23 till
712 602 133 25 Bondestån-

307 639 37 23 det
365 639 127 23 inlemnadt
520 639 187 29 motionsförslag
729 638 116 30 angående

308 675 212 30 dikningsnämder.

164 741 100 23 Nämnda
272 741 174 29 motionsförslag
456 741 38 22 har
504 741 23 22 af
536 741 165 22 Bondeståndet
715 742 129 21 remitterats

93 778 33 21 till
149 778 223 22 Ekonomiutskottets
393 777 160 30 handläggning
572 778 64 28 jemte
647 777 37 22 det
699 777 86 22 ståndet
801 777 45 21 del-

93 814 65 29 gifvit
181 814 105 22 utskottet
308 813 27 23 de
351 813 37 23 vid
404 813 179 22 remissdebatten
599 814 8 20 i
623 813 65 22 saken
705 813 82 29 afgifna
802 815 43 27 ytt-

93 849 87 22 randen.

165 951 47 22 Vid
234 953 57 20 1894
314 951 34 22 års
372 951 103 29 landtdag
494 951 145 22 framställdes
660 952 8 21 i
683 951 164 22 Bondeståndet

94 990 31 19 ett
148 987 110 22 enahanda
273 987 183 29 motionsförslag;
472 995 49 14 men
537 987 28 22 då
581 987 56 29 Lag-
653 987 41 22 och
705 987 142 22 Ekonomiut-

94 1023 87 28 skottet,
196 1024 32 21 till
244 1023 64 23 hvars
324 1023 130 28 behandling
469 1023 106 29 förslaget
589 1023 155 27 remitterades,
759 1024 18 28 ej
789 1023 57 22 hann

93 1059 121 30 handlägga
228 1059 122 28 detsamma,
361 1059 45 22 fick
419 1059 77 30 frågan
506 1059 92 22 förfalla.
617 1059 74 29 Enligt
701 1059 56 22 hvad
768 1059 35 22 för
813 1062 34 19 ut-

94 1095 82 22 skottet
193 1096 119 29 uppgifvits
334 1095 39 22 har
395 1097 107 20 närmaste
526 1095 142 29 anledningen
689 1095 32 21 till
740 1095 107 22 framstäl-

94 1131 74 22 landet
184 1131 22 22 af
226 1139 29 14 nu
270 1132 8 21 i
293 1131 61 29 fråga
369 1131 94 22 varande
484 1131 81 29 förslag
587 1132 56 21 varit
665 1131 48 27 den,
735 1133 30 20 att
789 1131 8 21 i
819 1130 28 23 de

93 1167 59 22 delar
178 1167 22 21 af
224 1161 148 33 Österbotten,
396 1167 39 22 der
462 1167 191 29 dikningsnämder
678 1167 56 22 varit
757 1167 90 26 införda,

93 1203 110 22 desamma
224 1203 110 22 befunnits
359 1211 51 14 vara
431 1203 35 22 för
480 1203 127 29 jordbruket
622 1203 33 21 till
671 1205 45 19 stor
731 1205 60 26 nytta
807 1203 41 21 och

94 1241 32 20 ett
146 1239 129 22 allmännare
290 1239 113 22 införande
427 1239 23 22 af
472 1239 110 22 desamma
603 1239 72 22 derför
693 1241 80 20 ansetts
796 1246 51 14 vara

93 1275 101 28 önskligt.

166 1311 46 22 Vid
234 1310 171 30 öfvervägandet
426 1311 24 22 af
471 1311 76 29 frågan
569 1311 40 21 har
623 1310 107 22 utskottet
744 1311 48 21 icke
809 1318 38 13 un-

93 1347 87 21 derlåtit
196 1350 32 18 att
242 1350 50 26 taga
307 1348 8 20 i
330 1347 142 22 betraktande
487 1347 38 22 det
540 1347 79 28 jemväl
634 1347 7 21 i
652 1346 196 28 motionsförslaget

94 1382 114 23 omnämda
228 1382 140 28 förhållande,
391 1386 33 18 att
442 1382 44 22 den
502 1391 16 13 s.
534 1382 21 22 k.
567 1384 152 24 vattenrätten,
733 1382 33 21 till
781 1382 66 22 hvars

95 1418 87 22 område
205 1418 65 23 äfven
292 1418 70 22 denna
383 1418 62 30 fråga
460 1419 46 27 hör,
520 1418 36 22 för
571 1418 133 22 närvarande
720 1420 23 19 är
758 1418 90 21 föremål

94 1454 36 22 för
150 1454 121 29 Styrelsens
293 1454 137 30 ompröfning
446 1458 62 23 samt,
523 1457 33 19 att
571 1462 27 14 en
621 1454 23 22 af
667 1454 70 21 denna
761 1453 87 22 nedsatt

166 1496 207 19 Ekonomiutskottets
388 1496 128 19 betänkande
529 1496 38 18 N:o
581 1496 31 18 31.
