1070 1739
215 181 12 20 6
404 181 279 23 Petitionsbetänkande
699 182 42 22 N:o
757 182 21 22 8.

214 248 67 21 rande
304 250 5 20 i
333 249 240 22 elementarläroverken
597 250 40 21 och
660 250 69 21 tillika
751 250 69 21 såsom
836 251 32 20 sin
884 251 85 28 mening

214 283 68 21 uttala
298 287 30 18 att
343 283 70 22 denna
429 284 119 27 anordning
564 285 132 27 väsentligen
714 285 95 27 betingas
822 285 48 21 icke
883 285 54 21 blott
947 285 23 21 af

214 317 259 30 språkundervisningens
496 319 125 28 utveckling
644 319 152 26 öfverhufvud,
818 322 50 18 utan
892 320 22 20 af
938 322 31 18 ett

213 351 106 22 kännbart
343 353 172 26 samhällsbehof,
541 352 106 22 beroende
673 353 23 21 af
720 353 227 28 språkförhållandena
962 355 6 19 i

214 386 48 21 vårt
277 386 68 21 land>.

284 420 111 23 Utskottet
410 421 39 22 har
461 421 35 22 vid
507 421 158 29 behandlingen
677 422 23 21 af
710 421 70 22 denna
791 421 59 29 fråga
862 422 18 28 ej
892 421 76 22 under-

214 454 48 22 låtit
284 458 31 18 att
329 456 56 21 fästa
401 456 101 21 afseende
519 456 36 22 vid
572 456 211 22 skolläraremötenas
800 456 40 22 och
856 457 111 27 kyrkomö-

214 492 42 18 tets
272 490 81 27 ganska
369 490 105 28 enhälliga
490 490 124 22 uttalanden
625 491 34 21 för
669 490 164 29 upphäfvandet
843 491 23 21 af
878 491 91 21 bestäm-

213 524 85 27 ningen,
318 527 31 18 att
368 527 79 19 tvenne
463 525 22 21 af
500 525 87 21 skolans
603 527 76 19 ämnen
696 525 50 21 böra
762 525 28 28 på
804 524 37 22 det
856 525 65 21 andra
936 526 32 20 in-

213 558 89 22 hemska
323 559 87 28 språket
433 560 131 26 undervisas,
588 560 40 20 och
650 560 39 20 har
708 561 18 27 ej
743 560 65 20 heller
824 560 98 20 förbisett
936 563 31 17 att

213 592 60 22 detta
288 593 41 21 kan
344 593 35 21 för
389 594 255 28 ämnesundervisningen
655 594 97 21 medföra
763 595 57 20 vissa
830 594 137 28 svårigheter.

213 627 53 21 Men
282 627 12 21 å
309 628 66 21 andra
390 628 61 21 sidan
466 628 38 21 har
519 628 114 22 Utskottet
648 632 71 18 ansett
733 629 33 27 sig
779 628 51 21 böra
842 630 7 19 i
862 628 41 28 hög
915 628 51 28 grad

214 661 78 21 beakta
311 656 186 35 Öfverstyrelsens
518 663 35 21 för
568 662 152 22 skolväsendet
735 662 115 26 utlåtande,
865 670 45 14 som
925 662 42 28 gif-

213 703 39 13 ver
274 696 35 21 vid
333 696 83 22 handen
439 700 31 18 att
493 692 175 33 Öfverstyrelsen
691 697 67 21 håller
780 696 41 22 den
845 697 121 21 nuvarande

213 730 146 28 anordningen
375 731 34 21 för
425 731 174 28 ändamålsenlig,
614 732 6 20 i
636 735 23 24 ty
675 734 31 18 att
718 731 23 21 af
753 731 121 21 densamma
887 732 80 20 elever-

213 772 39 13 nas
268 765 88 28 insigter
371 768 40 18 och
427 766 97 28 förmåga
536 766 6 21 i
556 765 37 21 det
605 765 66 21 andra
684 766 110 20 inhemska
807 765 87 28 språket
906 766 6 20 i
925 766 42 28 hög

212 798 53 28 grad
286 798 117 28 befordras,
425 802 50 18 utan
490 803 32 17 att
536 800 182 28 undervisningen
734 800 6 20 i
756 799 155 29 kyrkohistoria
926 800 40 21 och

212 832 104 22 Finlands
344 833 88 22 historia
455 835 6 19 i
482 834 118 21 nämnvärd
625 834 53 27 grad
706 834 41 21 blir
772 834 91 21 lidande.
892 828 73 27 Äfven

213 866 113 23 Utskottet
347 868 66 21 finner
435 872 31 18 att
484 869 110 21 elevernas
610 870 123 27 kunskaper
748 870 5 19 i
770 868 36 22 det
821 868 65 22 andra
902 868 23 22 af
939 868 27 22 de

212 901 111 22 inhemska
339 902 92 28 språken
447 903 67 21 måste
529 904 6 20 i
552 903 41 21 den
610 903 48 21 mån
675 903 113 28 befrämjas
800 910 77 20 genom
889 902 77 22 under-

213 936 124 28 visningens
353 937 140 21 meddelande
510 938 6 20 i
532 945 26 13 en
575 938 34 20 del
621 939 76 19 ämnen
711 937 28 29 på
751 937 91 21 nämnda
854 937 69 28 språk,
935 940 31 18 att

213 970 59 21 detta
295 973 110 26 uppväger
428 972 26 21 de
470 972 132 28 svårigheter
617 972 78 28 själfva
711 971 255 28 ämnesundervisningen

212 1004 63 22 däraf
296 1005 100 29 möjligen
418 1006 43 21 har.
490 1006 12 21 1
525 1006 73 28 hvarje
613 1006 39 21 fall
667 1006 126 21 förutsätter
808 1005 112 22 Utskottet
935 1009 31 17 att

211 1038 42 22 den
270 1040 106 28 egentliga
391 1040 284 28 religionsundervisningen
690 1040 48 22 icke
753 1047 77 21 genom
846 1040 68 21 denna
929 1040 37 21 be-

212 1074 107 28 stämning
334 1074 120 22 vidkännes
469 1074 65 28 några
550 1074 139 28 svårigheter,
701 1074 71 21 därest
785 1074 179 28 undervisningen

212 1107 106 22 anordnas
334 1108 28 28 på
377 1110 42 19 sätt
431 1103 175 34 Öfverstyrelsen
619 1110 6 20 i
638 1110 38 20 sitt
688 1108 157 22 ofvananförda
857 1108 108 21 uttalande

210 1141 117 28 föreslagit.
361 1142 77 21 Därtill
453 1143 95 21 kommer
563 1146 32 18 att
609 1143 75 27 frågan
701 1144 18 26 ej
737 1142 53 22 blott
806 1150 34 13 om
852 1142 37 21 det
900 1142 66 21 ända-

212 1176 123 28 målsenliga
357 1176 24 21 af
404 1180 32 18 att
451 1184 25 14 en
492 1177 34 21 del
542 1179 77 19 ämnen
634 1178 6 20 i
656 1177 75 21 skolan
747 1176 125 22 undervisas
887 1176 27 28 på
929 1176 37 22 det

211 1209 67 22 andra
293 1210 110 22 inhemska
419 1211 93 28 språket,
527 1214 51 18 utan
591 1211 65 21 äfven
672 1219 34 13 om
722 1211 72 21 hvilka
810 1212 75 20 ämnen
896 1210 70 21 härtill

212 1246 36 20 äro
272 1245 81 27 egnade
377 1246 55 21 visat
454 1247 32 27 sig
509 1254 50 13 vara
582 1249 31 18 ett
627 1249 77 25 ytterst
719 1246 92 21 svårlöst
826 1245 139 28 pedagogiskt

211 1279 111 28 spörsmål,
343 1279 89 22 hvarför
454 1280 113 22 Utskottet
589 1280 19 28 ej
631 1288 62 13 anser
712 1280 50 20 fullt
777 1280 101 28 lämpligt,
894 1282 30 18 att
939 1286 26 14 en

210 1312 63 29 fråga
288 1314 23 20 af
326 1313 70 22 denna
412 1317 33 18 art
460 1314 76 28 drages
552 1314 68 21 under
635 1314 131 21 Ständernas
781 1314 106 28 pröfning.

280 1347 112 22 Utskottet
414 1348 39 21 har
473 1348 123 28 ytterligare
618 1349 54 27 tagit
695 1349 6 20 i
722 1347 146 26 betraktande,
883 1350 31 18 att
929 1347 36 21 vid

210 1382 151 28 uppgörandet
384 1382 23 21 af
429 1382 109 28 lyceernas
561 1382 120 28 läroplaner
697 1390 26 13 en
739 1389 69 14 annan
824 1381 90 21 tendens
929 1382 32 21 be-

210 1415 105 22 träffande
339 1416 37 21 det
398 1416 66 22 andra
486 1416 112 22 inhemska
618 1416 99 28 språkets
733 1416 101 28 ställning
848 1415 28 29 på
891 1423 74 14 senare

208 1449 58 22 tider
288 1450 70 28 börjat
373 1452 51 26 göra
440 1452 32 26 sig
487 1450 106 28 gällande.
624 1450 37 22 Uti
677 1450 42 22 den
735 1450 23 21 år
774 1451 53 20 1891
844 1450 121 21 fastställda

277 1496 104 18 Allmänna
393 1496 184 18 Petitionsutskottets
590 1496 111 18 betänkande
714 1496 37 18 N:o
765 1496 17 18 6.
