1092 1731
810 166 12 19 3

93 229 44 19 från
156 229 129 25 vädjobanan.
316 229 46 20 Men
381 229 60 19 redan
456 235 27 13 nu
498 229 68 19 kunna
581 229 111 20 resultaten
708 229 45 20 med
767 229 84 25 ledning

93 258 20 19 af
128 257 70 20 talrika
213 257 92 26 exempel
320 257 134 20 öfverskådas.

163 292 38 19 Det
216 291 56 20 torde
288 291 49 20 dock
353 292 43 19 icke
412 298 46 13 vara
472 292 6 19 i
494 292 32 19 sin
542 292 85 25 ordning
641 293 30 18 att
687 292 44 19 med
746 292 105 25 exemplen

93 321 20 19 af
133 320 90 20 enskilda
246 320 194 25 regleringsförslags
460 321 50 19 öden
525 321 52 19 inför
591 321 34 19 det
640 321 111 24 Höglofliga
766 320 85 20 Ståndet

94 349 70 25 belysa
186 349 108 25 detaljerna
316 349 20 19 af
357 349 155 25 författningens
535 349 132 25 tillämpning,
691 349 36 19 och
750 349 54 19 detta
830 351 22 17 är

94 378 44 19 icke
157 377 63 20 heller
240 377 74 25 nödigt,
327 379 22 23 ty
365 379 99 23 systemet
478 379 21 18 är
514 377 83 20 allmänt
613 377 62 20 kändt
691 378 37 19 och
744 377 108 25 vidgånget

95 407 38 18 och
150 406 40 19 kan
208 406 33 19 vid
257 405 79 26 frågans
353 406 111 25 pröfning
456 401 14 34 i
480 406 77 19 utskott
573 406 45 19 med
633 406 72 19 lätthet
721 407 130 18 konstateras.

95 447 25 2 —
141 435 47 19 Icke
203 441 39 18 nog
258 435 44 18 med
318 436 28 17 att
362 435 6 19 i
384 436 29 18 ett
429 436 50 18 stort
494 435 53 19 antal
563 435 33 19 fall
612 435 118 19 häfdvunna
745 435 106 24 aflönings-

94 463 113 25 föreningar
231 463 99 24 frångåtts
356 463 37 19 och
420 469 46 13 man
489 463 43 20 sökt
555 463 25 25 på
607 463 60 20 basen
689 463 20 19 af
731 469 25 14 en
782 463 70 19 nutida

96 491 162 26 tvångsstatistik
278 491 138 26 återupprätta
438 492 52 20 1681
512 491 32 20 års
560 491 110 20 föråldrade
689 491 163 26 tiondestadgan-

95 521 39 19 den
152 520 46 20 med
220 522 22 23 ty
264 520 108 26 åtföljande
394 520 64 20 delvis
480 520 97 20 kolossala
598 520 135 26 förhöjningar
751 521 5 19 i
769 521 82 25 afgiften

95 550 31 18 för
141 549 153 25 fastigheterna;
313 555 45 13 man
375 549 35 19 har
425 550 59 18 äfven
499 549 34 19 vid
548 549 158 19 bestämmandet
721 550 19 18 af
755 550 38 18 den
809 555 43 19 per-

96 578 67 20 sonela
192 578 88 24 utskyld,
304 584 42 13 som
370 578 61 19 borde
457 578 55 19 träda
535 578 5 19 i
563 578 198 25 påskpenningarnas
787 584 25 13 m.
833 578 19 18 fl.

95 606 91 26 afgifters
207 606 63 24 ställe,
290 606 66 20 kastat
370 606 26 19 all
411 606 97 25 jemnvikt
528 606 85 20 emellan
634 606 34 20 det
683 606 116 20 nuvarande
815 606 37 20 och

96 635 33 19 det
151 635 101 19 blifvande
274 635 54 19 öfver
350 635 58 25 bord;
432 634 35 20 allt
490 635 44 19 med
557 635 38 19 den
617 634 76 26 påföljd
709 637 29 17 att
753 636 5 18 i
775 635 24 19 de
814 635 38 19 för-

96 664 114 24 samlingar,
226 663 35 19 där
276 663 136 25 regleringens
428 663 125 25 tillämpning
569 664 60 19 redan
646 664 85 24 vidtagit
746 664 50 19 eller
811 663 42 19 står

97 692 30 20 för
146 692 77 24 dörren,
243 692 112 24 aflöningen
376 692 29 19 till
424 692 149 25 presterskapet
591 692 6 19 i
613 692 90 25 betydlig
721 692 47 25 grad
790 692 61 25 stigit,

96 720 124 26 exempelvis
242 720 44 20 med
306 720 67 24 2,000,
394 721 67 24 3,000,
484 721 52 19 ända
556 720 29 20 till
607 721 60 24 5,000
684 721 55 19 mark
754 721 38 19 och
807 720 45 20 där-

97 749 78 19 utöfver
194 749 6 19 i
221 750 29 18 ett
265 749 51 19 enda
330 750 94 24 pastorat.
453 749 37 19 För
505 749 83 19 flertalet
601 749 139 25 församlingar
755 749 52 25 dölja
821 749 32 25 sig

96 777 111 20 emellertid
226 777 59 19 dessa
300 778 139 25 epokgörande
455 778 122 24 regleringar
591 780 60 22 ännu,
667 778 30 19 för
712 778 79 24 menige
806 784 46 12 man

96 806 83 24 okända,
195 806 28 19 uti
245 806 93 19 arkivens
358 808 94 22 gömmor,
473 806 29 19 för
516 808 29 18 att
559 806 39 20 den
613 806 39 24 dag
668 808 68 23 pastor
751 806 56 25 afgår
822 806 31 19 slå

97 834 39 20 ned
152 834 66 20 såsom
240 836 29 18 ett
284 834 126 26 irreparabile
426 834 55 20 öfver
496 834 179 20 efterkommandes
691 835 109 24 hufvuden,
816 835 37 19 och

96 863 6 19 i
126 869 76 13 samma
224 863 46 19 mån
289 869 43 14 som
354 863 39 19 den
415 863 126 19 kommunala
558 864 154 24 beskattningen
727 870 71 18 genom
817 864 35 18 sed

96 892 48 19 eller
165 891 33 25 lag
219 892 72 19 ordnas
315 892 50 19 efter
389 893 103 23 strängare
515 892 105 26 principer,
642 892 70 19 varder
734 892 59 20 äfven
815 892 37 19 den

96 920 120 25 presterliga
229 920 154 25 beskattningen
400 920 35 19 allt
452 926 52 14 mera
519 921 52 25 dryg
586 921 37 19 och
638 921 111 25 ödesdiger.

164 960 10 19 I
195 960 78 25 många,
295 961 77 19 kanske
392 961 84 19 flertalet
499 961 35 18 fall
557 967 62 18 synas
640 961 60 19 dessa
715 961 137 25 häpnadsväc-

96 989 64 19 kande
182 989 84 19 resultat
285 989 46 19 bero
352 989 26 25 på
393 995 25 13 en
434 995 42 14 mer
490 989 48 20 eller
554 989 76 20 mindre
646 990 24 19 fri
686 990 37 19 och
735 989 118 26 godtycklig

96 1017 92 25 tolkning
202 1018 20 19 af
236 1018 90 19 enskilda
342 1018 81 24 uttryck
438 1018 6 19 i
460 1018 143 25 författningen
619 1019 36 18 och
671 1019 93 18 särskildt
780 1018 47 19 dess
841 1019 10 19 7

97 1045 18 27 $,
132 1052 45 13 men
199 1046 6 19 i
221 1048 54 17 ännu
291 1047 51 24 flere,
358 1046 98 20 måhända
470 1047 40 18 alla
525 1047 34 18 fall
575 1047 106 24 föreligger
696 1049 29 17 ett
741 1047 112 25 uppenbart

96 1074 140 20 missförstånd
258 1075 5 19 i
285 1075 55 25 fråga
356 1081 31 13 om
404 1076 25 23 $$
446 1076 13 18 4
475 1075 36 19 och
529 1076 24 19 10
570 1077 51 18 samt
635 1077 30 18 ett
681 1075 172 26 undanskjutande

94 1103 20 19 af
133 1103 153 25 författningens
309 1103 162 26 hufvudprincip,
490 1104 6 19 i
516 1105 23 24 ty
557 1105 28 18 att
601 1104 106 25 afgifterna
721 1104 43 19 från
780 1110 72 19 person

96 1134 86 23 stegrats
202 1131 31 20 till
254 1132 71 25 belopp
346 1134 13 17 t.
381 1139 17 12 o.
414 1139 25 12 m.
455 1132 142 25 mångdubbelt
612 1133 146 24 öfverstigande
775 1133 24 19 de
815 1139 36 13 nu-

95 1160 87 20 varande
204 1161 104 24 personela
329 1161 164 25 prestationerna.
523 1161 30 19 Då
572 1167 46 13 man
633 1167 72 19 genom
721 1161 37 20 den
774 1162 6 18 i
798 1162 25 19 10
841 1163 10 22 &

95 1188 117 20 föreskrifna
227 1189 237 25 medeltalsberäkningen
480 1190 19 19 af
515 1190 92 25 beloppet
617 1189 162 26 påskpenningar
791 1197 24 12 m.
828 1197 24 12 m.

96 1217 64 20 under
181 1217 24 20 de
221 1219 81 18 senaste
317 1218 27 19 tio
360 1217 48 20 åren
424 1218 82 19 kommit
524 1219 27 18 till
569 1225 25 12 en
611 1219 41 18 viss
669 1219 59 24 siffra,
745 1219 22 19 så
782 1221 22 17 är
819 1219 34 20 det

95 1245 99 26 sjelffallet
208 1246 42 25 just
266 1246 64 19 denna
346 1247 54 18 siffra
415 1247 37 19 och
467 1247 60 25 ingen
542 1253 71 18 annan,
629 1247 88 20 hvarken
733 1247 60 25 högre
804 1247 48 20 eller

94 1275 61 24 lägre,
186 1280 43 14 som
259 1287 26 2 —
308 1275 82 20 alldeles
414 1276 110 19 oberoende
546 1276 19 19 af
585 1276 24 19 de
633 1276 123 25 möjligheter
775 1276 78 19 tionde-

94 1303 166 25 författningarna
281 1303 6 20 i
311 1304 89 24 förening
424 1304 44 19 med
489 1305 24 24 $$
537 1305 10 18 7
565 1305 36 18 och
617 1305 12 19 8
646 1305 66 18 kunde
727 1305 82 24 erbjuda
826 1316 25 2 —

95 1331 50 20 skall
166 1337 72 19 genom
262 1332 123 25 regleringen
408 1334 80 23 uttagas
514 1333 66 19 såsom
609 1333 131 25 personel
762 1333 89 24 utskyld,

94 1360 88 20 fördelad
201 1360 27 26 på
242 1361 167 25 fastighetsegare
424 1361 37 20 och
476 1361 63 25 öfriga
553 1361 94 20 invånare
661 1361 64 26 jemnt
739 1361 48 20 eller
802 1362 51 19 efter

94 1388 104 26 indelning
219 1390 6 18 i
246 1389 82 20 klasser.
359 1389 42 20 Och
416 1390 26 19 då
458 1390 233 25 regleringskomitéerna
706 1390 49 20 eller
770 1391 82 19 försam-

94 1417 102 25 lingarnas
219 1418 79 23 ombud,
322 1418 33 19 vid
378 1418 66 20 denna
464 1418 104 26 indelning
587 1419 5 19 i
611 1419 83 24 klasser,
711 1419 48 25 tagit
771 1419 80 24 hänsyn

95 1446 30 19 till
140 1446 25 19 de
180 1446 82 20 stående
278 1446 127 20 kommunala
420 1447 132 25 utskylderna
567 1447 38 19 och
621 1448 52 24 förty
689 1448 85 19 bestämt
787 1448 65 18 denna

94 1474 58 27 afgift
174 1474 30 21 till
227 1475 51 20 visst
297 1475 73 27 belopp
392 1476 31 20 för
444 1476 39 19 alla
502 1482 99 20 personer,
621 1482 42 14 som
679 1476 46 25 fyllt
741 1478 71 18 sexton
825 1476 26 24 år,
