1075 1753
295 316 245 36 Reservation
566 315 66 37 N:o
658 315 32 37 2.

188 398 75 21 Ehuru
280 405 50 14 ense
346 398 50 21 med
411 398 106 21 utskottet
533 398 75 21 därom
624 401 32 18 att
670 397 153 29 minderårigas
833 405 38 13 an-

118 433 113 23 vändande
254 433 70 22 såsom
345 433 110 29 betjening
477 433 13 22 å
505 433 113 27 värdshus,
634 433 38 22 där
688 433 145 29 utskänkning
849 433 22 22 af

119 469 127 29 rusdrycker
268 471 50 27 äger
340 477 53 18 rum,
415 469 66 22 borde
505 469 122 28 begränsas,
643 469 42 22 kan
700 471 36 28 jag
751 469 56 22 dock
822 470 49 21 icke

120 505 74 22 förena
217 506 43 28 mig
283 513 34 14 om
339 508 32 18 att
386 505 172 29 begränsningen
574 505 69 22 skulle
659 505 121 22 utsträckas
797 505 31 21 till
844 505 27 21 de

119 541 59 22 delar
194 541 22 22 af
231 541 142 26 värdshusen,
388 541 89 22 hvarest
493 541 66 22 sådan
576 542 109 28 servering
700 542 49 21 icke
764 541 107 22 förekom-

121 585 51 19 mer,
187 580 23 26 ty
234 570 76 28 annars
333 577 85 21 komme
434 577 103 22 förbudet
552 580 32 19 att
599 577 56 29 gälla
670 581 14 18 t.
701 585 32 14 ex.
749 577 122 28 köksbetje-

120 615 56 26 ning,
198 613 129 26 städerskor,
353 613 98 21 borstare
475 613 40 22 och
541 613 155 28 springpojkar,
719 613 67 21 ehuru
809 613 63 21 dessa

121 649 66 22 borde
203 649 73 21 kunna
291 649 105 21 likställas
412 649 50 21 med
473 649 136 28 betjeningen
620 649 28 28 på
658 649 213 28 nyckterhetsvärds-

120 685 73 27 husen,
215 685 74 21 hvilka
314 685 108 27 förbudet,
447 685 67 29 enligt
535 685 117 21 utskottets
676 685 86 28 förslag,
784 685 87 21 alldeles

120 720 47 22 icke
184 720 67 21 skulle
272 720 81 21 beröra.
385 720 26 27 Ej
426 720 69 22 häller
510 728 62 14 anser
587 721 36 28 jag
641 720 65 28 något
721 720 47 21 skäl
783 720 88 22 förefin-

119 764 39 13 nas
174 758 31 19 att
225 755 138 22 beträffande
385 756 146 22 värdshusens
550 756 110 28 betjening
674 758 52 26 göra
741 756 77 22 sådant
833 764 38 12 un-

120 792 78 28 dantag
220 792 48 21 från
292 792 128 28 stadgandet
441 793 8 20 i
464 792 161 29 näringslagens
648 793 28 21 28
693 793 12 27 $
721 792 68 29 tredje
804 800 68 18 mom,

120 830 32 19 att
166 828 64 21 äfven
254 827 47 27 den,
324 835 46 14 som
392 828 67 21 redan
483 828 50 29 fyllt
557 830 27 20 18
601 828 23 21 år
640 828 39 22 och
696 828 65 21 lifnär
776 829 32 27 sig
823 828 49 21 med

120 864 38 21 sitt
173 863 78 27 arbete,
272 863 73 22 ålades
369 863 102 22 anskaffa
498 864 32 28 sig
553 864 115 21 föräldrars
692 864 51 21 eller
758 864 113 22 målsmans

121 899 109 29 samtycke
245 899 35 21 för
295 902 32 18 att
349 900 66 21 vinna
430 900 130 28 anställning
575 900 29 28 på
618 900 112 21 värdshus.
760 900 42 28 Jag
817 899 56 22 tillå-

120 938 33 18 ter
167 936 43 28 mig
225 934 85 22 därföre
327 935 158 21 vördsammast
501 936 90 21 föreslå:

408 1003 33 19 att
456 1002 112 21 utskottets
583 1002 82 28 förslag
676 1002 67 28 blefve
755 1002 116 21 äterremit-

334 1037 69 20 teradt
418 1037 37 27 för
469 1038 166 21 slutklämmens
646 1038 157 27 omredigering
815 1038 10 20 i
833 1038 37 20 så-

334 1073 55 20 dant
404 1073 64 27 syfte,
480 1075 33 19 att
523 1073 100 28 förbudet
633 1074 82 21 komme
725 1075 33 20 att
766 1074 59 27 gälla
832 1080 38 14 en-

334 1109 49 20 dast
398 1109 25 20 de
438 1109 61 20 delar
515 1109 29 28 af
554 1109 142 27 värdshusen,
714 1110 41 21 där
764 1109 109 28 servering

334 1144 29 27 af
375 1145 132 26 rusdrycker
521 1147 51 26 äger
586 1152 58 19 rum,
660 1147 59 19 samt
733 1147 33 19 att
779 1145 92 21 slutmo-

337 1181 81 19 mentet
432 1181 81 20 stäldes
527 1181 10 20 i
553 1180 220 28 öfverensstämmelse
785 1181 49 20 med
843 1181 30 27 of-

335 1222 44 14 van
395 1215 120 28 åberopade
530 1217 117 27 stadgande
662 1217 10 19 i
686 1217 162 27 näringslagen.

192 1279 142 29 Helsingfors,
351 1280 42 21 den
410 1281 27 20 24
454 1281 64 28 April
535 1282 63 20 1897.

624 1347 59 22 P.A.
700 1347 101 23 Brofeldt.

193 1409 40 22 Uti
248 1410 137 22 förestäende
401 1412 133 20 reservation
551 1411 85 22 förenar
651 1412 40 28 sig:

599 1478 75 22 Albert
689 1483 40 17 von
745 1478 56 22 Julin.
