1050 1703
187 183 71 16 männa
275 181 31 19 väl
325 182 22 17 så
364 180 84 23 fordrar,
467 187 46 12 vare
531 181 31 24 sig
575 187 44 12 man
633 183 59 22 tager
704 181 78 23 hänsyn
796 181 32 17 till
841 180 98 24 fyllandet

187 211 22 18 af
219 211 95 24 religiösa
327 211 63 18 behof
402 212 48 17 eller
462 212 31 17 till
506 211 121 24 hygieniska
640 211 48 18 kraf.

258 241 70 18 Redan
345 241 34 18 vid
395 243 70 16 senast
481 241 67 18 hållna
565 241 119 23 kyrkomöte
705 241 82 18 väcktes
804 241 87 22 petition
905 247 31 11 om

187 272 30 16 att
235 271 119 24 förpligtiga
371 272 45 17 vårt
433 271 58 18 lands
505 277 29 12 ev.
548 271 105 18 lutherska
665 271 142 23 församlingar
821 272 30 16 att
863 271 74 17 inrätta

187 301 44 17 sina
248 301 75 23 kyrkor
337 301 22 17 så
372 303 31 16 att
415 301 24 17 de
452 301 67 18 kunna
532 303 126 21 uppvärmas.
685 301 136 23 Kyrkomötet
833 300 105 24 godkände

188 330 64 18 denna
270 331 85 23 petition
373 331 36 17 och
427 331 45 17 med
490 331 78 17 visshet
585 331 87 17 väntade
689 337 46 11 man
749 331 32 23 sig
793 332 31 16 att
837 331 100 23 styrelsen

188 361 25 22 på
231 360 66 24 grund
317 360 22 18 af
356 360 63 18 denna
439 361 38 17 den
495 361 92 23 kyrkliga
607 361 175 23 representionens
801 360 90 18 uttalade
905 363 32 15 ön-

187 390 50 18 skan
254 391 65 17 skulle
336 391 26 23 på
374 392 41 16 sätt
429 391 48 17 eller
491 392 60 16 annat
564 390 84 24 vidtaga
660 390 62 24 nödig
736 390 72 24 åtgärd
821 390 32 18 för
865 390 72 18 sakens

187 420 140 18 realiserande.

259 450 24 18 Så
300 450 37 18 har
354 450 61 18 likväl
431 450 18 24 ej
468 451 59 17 skett.
553 451 31 17 Då
597 450 83 18 ärendet
693 450 38 18 den
746 451 8 16 1
768 450 110 18 December
893 451 44 17 1893

187 480 91 24 företogs
297 480 31 18 till
348 480 70 24 slutlig
434 480 126 24 bohandling,
579 481 62 23 ansåg
662 480 91 20 Senaten,
772 480 52 18 efter
842 480 94 24 vidtagen

187 511 130 23 omröstning,
337 510 34 18 det
388 510 43 18 icke
448 510 64 24 enligt
528 510 109 18 bestående
650 510 34 24 lag
697 510 38 18 och
749 510 121 24 författning
883 510 54 24 ligga

187 540 53 17 inom
258 540 46 18 dess
321 540 122 24 befogenhet
457 542 30 16 att
500 542 48 16 utan
562 540 86 18 särskild
661 540 215 24 lagstiftningsåtgärd
889 542 49 22 göra

187 570 81 24 intrång
285 570 25 23 på
327 570 25 17 de
366 570 90 18 enskilda
469 570 179 24 församlingarnas
661 570 230 24 sjelfbestämningsrätt
904 576 32 17 ge-

187 605 45 12 nom
246 601 31 16 att
289 599 119 24 förpligtiga
421 600 44 18 dem
479 602 30 16 att
518 600 54 18 förse
582 600 43 18 sina
634 600 75 23 kyrkor
717 599 45 18 med
771 600 165 23 uppvärmnings-

187 632 89 20 apparat,
296 630 79 18 hvadan
395 630 61 18 saken
477 630 42 22 ,för
536 630 135 18 närvarande"
690 636 44 12 som
748 629 60 18 orden
822 630 48 23 lyda
884 630 52 21 ,icke

186 659 61 23 gifvit
261 659 108 24 anledning
381 659 32 18 till
426 660 69 18 vidare
509 659 72 24 åtgärd
590 662 8 7 *

257 689 39 18 Vid
315 689 77 18 sådant
405 689 125 18 förhållande
549 689 58 18 torde
627 689 34 18 det
680 695 49 12 vara
747 689 147 24 oundgängligt
907 691 29 16 att

186 718 71 24 bringa
270 719 31 17 till
315 719 59 18 stånd
388 721 29 15 ett
429 719 148 24 lagstadgande
590 719 6 18 i
609 719 154 24 ifrågavarande
773 719 40 20 sak,
824 725 31 12 om
865 719 20 18 vi
894 719 42 18 icke

187 748 48 23 vilja
248 749 65 17 lemna
327 749 24 17 de
364 749 52 17 kalla
429 749 101 24 kyrkorna
544 750 66 17 såsom
623 751 30 16 ett
666 749 49 24 föga
727 749 133 23 tacknämligt
873 749 32 17 arf
917 750 19 16 åt

187 778 118 18 kommande
319 779 84 23 slägten.

259 808 28 18 På
304 808 65 24 grund
388 809 21 17 af
420 809 53 18 hvad
484 809 36 23 jag
533 809 84 18 sålunda
629 809 44 18 haft
686 811 49 16 äran
748 809 70 17 anföra
831 809 36 17 och
881 815 54 12 anse-

187 838 50 17 ende
255 838 68 18 vidare
341 839 123 24 motivnring
481 839 104 23 obehöflig,
605 840 62 23 vågar
682 839 36 24 jag
736 838 114 24 ödmjukast
863 839 73 17 föreslå

186 869 31 16 att
235 867 34 18 det
286 868 133 24 Högvördiga
432 869 154 18 Presteståndet
597 869 63 23 jämte
674 869 24 17 de
711 868 67 24 öfriga
791 868 85 18 stånden
889 869 46 17 ville

186 898 49 23 ingå
248 898 45 17 med
307 904 24 11 en
344 898 125 24 underdånig
481 899 85 23 petition
581 899 72 18 derom,

474 943 27 16 att
519 941 57 18 Hans
595 941 106 23 Kejserliga
720 941 90 22 Majestät
827 941 68 18 täcktes
908 941 28 18 till

401 972 57 17 nästa
474 971 134 18 ständermötes
622 971 113 22 behandling
749 971 79 22 utfärda
841 977 21 12 en
875 971 60 23 nådig

397 1002 115 22 proposition
530 1001 28 18 till
574 1002 112 22 förordning
704 1002 69 20 derom,
787 1003 26 16 att
826 1002 21 17 de
860 1001 74 23 kyrkor,

400 1031 65 18 hvilka
479 1031 102 22 framdeles
598 1031 91 23 uppföras
705 1032 52 16 inom
773 1031 96 17 Finlands
881 1036 54 12 evan-

400 1060 163 23 gelisk-lutherska
583 1061 144 23 församlingar,
750 1060 45 18 böra
814 1061 60 22 förses
894 1061 41 17 med

399 1091 237 23 uppvärmningsapparat
653 1092 49 17 samt
719 1091 28 17 att
763 1090 41 18 alla
816 1091 60 17 redan
889 1096 45 18 upp-

397 1121 58 21 förda
476 1121 70 22 kyrkor
567 1122 50 16 inom
636 1121 99 22 fastställd
753 1121 32 21 tid,
805 1120 74 18 hvarest
897 1121 37 17 icke

399 1151 100 22 undantag
516 1152 6 16 i
538 1151 97 18 särskilda
646 1151 36 23 fall
692 1151 68 23 finnas
773 1150 94 23 behöfliga,
881 1151 53 22 äfven

399 1181 46 17 böra
462 1182 91 22 försättas
569 1182 7 17 i
589 1181 70 18 sådant
671 1181 52 18 skick
737 1182 27 16 att
777 1181 21 17 de
811 1181 66 17 kunna
890 1186 44 18 upp-

398 1212 80 17 värmas
499 1211 31 18 och
546 1211 73 22 jemväl
635 1212 59 22 förses
714 1211 43 17 med
775 1211 158 23 uppvärmnings-

399 1242 88 21 apparat.

256 1282 158 17 Förutsättande
432 1284 31 16 att
479 1283 34 17 det
530 1283 132 23 Högvördiga
680 1283 154 17 Presteständet
847 1282 85 23 godkän-

183 1316 35 12 ner
232 1310 88 22 afsigten
334 1311 46 17 med
393 1311 66 19 denna
471 1312 84 23 petition
565 1312 88 18 enhåller
660 1312 36 24 jag
705 1314 32 16 att
746 1312 38 17 den
793 1312 66 18 blefve
867 1312 66 17 remit-

182 1340 58 18 terad
254 1341 31 17 till
298 1340 94 24 behörigt
404 1342 81 18 utskott
498 1342 31 18 för
542 1344 30 16 att
585 1342 36 18 der
633 1342 115 18 behandlas.

255 1383 137 24 Helsingfors,
406 1384 38 17 den
459 1385 10 17 3
483 1384 87 18 februari
584 1385 50 17 1897.

489 1439 19 22 A.
525 1439 100 27 Bergroth.
