1073 1745
474 475 34 23 11.

186 537 186 22 Undertecknade
393 536 68 22 hafva
484 538 74 20 ansett
577 537 35 27 sig
627 538 54 20 utan
697 537 82 21 tvekan
795 537 75 21 kunna

116 572 90 23 förorda
229 579 27 16 en
280 572 163 23 vidsträcktare
466 574 47 20 rätt
534 573 35 21 för
592 573 96 22 kvinnor
709 574 33 20 att
756 573 9 21 i
781 573 49 21 män
847 571 25 22 af

116 609 106 28 förtjenst
242 609 85 21 erhälla
342 608 200 28 lärarebefattning
557 609 7 21 i
582 610 85 20 statens
684 609 81 27 skolor,
782 610 28 20 än
827 608 42 22 den

117 651 46 16 som
179 645 128 27 föreslagits
328 644 25 21 af
370 644 127 23 Utskottets
521 644 79 23 flertal
631 645 75 22 Under
730 645 27 21 de
781 646 88 20 senasto

116 682 56 21 åren
186 680 68 23 hafva
270 681 95 22 kvinnor
382 681 19 27 ej
417 681 72 21 sällan
504 681 36 21 till
555 681 143 27 Regeringen
714 681 106 21 inlemnat
832 686 37 15 an-

117 717 121 27 sökningar
259 723 34 15 om
313 718 47 20 rätt
376 718 32 20 att
423 716 29 27 pä
468 723 82 15 samma
565 716 74 22 vilkor
655 723 47 15 som
716 719 52 18 män
783 717 87 21 komma

117 753 8 22 i
140 753 82 21 åtanke
238 752 38 22 vid
291 752 130 22 besättande
440 752 25 21 af
486 752 151 27 skoltjänster,
661 759 45 15 som
730 753 70 26 enligt
823 752 53 27 gäl-

117 788 65 22 lande
194 787 158 28 författningar
361 789 54 20 böra
427 788 131 22 innehafvas
574 787 25 22 af
612 790 56 19 män.
692 788 82 27 Dylika
790 787 79 22 ansök-

117 825 80 26 ningar
220 823 67 23 hafva
308 824 7 21 i
338 824 79 27 mänga
439 823 41 22 fall
502 825 111 26 beviljats,
638 825 39 20 och
699 830 48 15 man
764 824 41 21 har
820 824 50 21 icko

117 861 85 21 kunnat
217 860 101 27 jakttaga
332 860 71 26 några
418 860 95 27 menliga
530 860 80 27 följder
634 859 24 21 af
680 860 60 21 detta
763 859 106 27 Regerin-

117 902 55 21 gens
189 895 185 27 tillvägagäende.
400 895 105 22 Tvärtom
520 895 41 21 har
576 895 121 22 detsamma
712 895 63 21 ländt
790 894 80 22 under-

117 931 118 27 visningen
252 931 34 21 till
302 930 97 22 fromma.
419 931 94 27 Platser,
530 931 36 21 till
582 931 78 22 hvilka
674 931 53 27 inga
742 930 52 22 fullt
809 931 61 21 kom-

118 970 90 25 petenta
224 968 96 27 manliga
336 967 97 22 sökande
449 968 84 21 anmält
556 967 41 28 sig,
622 967 67 22 hafva
712 967 85 22 besatts
821 967 49 22 med

118 1003 130 26 lärarinnor,
272 1003 40 22 och
334 1003 67 22 hafva
424 1003 66 22 dessa
513 1003 37 22 väl
566 1003 84 22 bestått
666 1003 95 28 profvet,
777 1002 94 23 framför

118 1039 41 22 allt
174 1039 29 27 pä
219 1039 270 27 spräkundervisningens
506 1039 95 22 omräde.

188 1075 186 22 Undertecknade
397 1074 66 23 hafva
487 1075 91 22 likvisst
600 1075 50 22 icke
674 1075 86 21 kunnat
782 1074 90 22 förorda

118 1113 46 19 rätt
187 1110 35 22 för
246 1111 95 21 kvinnor
364 1113 34 19 att
420 1111 95 21 bekläda
538 1111 78 22 hvilka
636 1111 170 27 läraretjänster
826 1117 46 15 som

118 1147 66 21 hälst.

188 1182 12 21 I
216 1188 27 15 en
259 1182 67 27 nädig
342 1181 129 28 förordning
487 1182 25 21 af
530 1182 43 22 den
595 1184 26 20 27
647 1188 48 16 nov.
722 1184 55 19 1885
801 1182 71 21 finnes

119 1217 109 28 stadgadt,
253 1219 33 20 att
308 1219 67 21 bland
399 1219 124 27 tjänsterna
546 1219 38 22 vid
608 1220 84 20 statens
712 1218 160 22 fruntimmers-

119 1253 75 22 skolor
210 1254 67 21 minst
293 1255 79 21 trenne
387 1255 54 20 böra
457 1255 100 21 besättas
568 1254 49 22 med
629 1254 101 27 kvinnor,
742 1254 41 21 och
795 1253 78 22 endast

119 1289 24 21 ät
159 1295 28 15 en
202 1289 85 22 kvinna
302 1289 36 21 fär
354 1290 79 26 högsta
448 1290 120 26 ledningen
584 1289 25 21 af
618 1296 27 15 en
656 1289 218 21 fruntimmersskola

119 1324 117 22 anförtros.
268 1324 72 22 Dessa
355 1325 138 27 stadganden
508 1325 61 22 hvila
592 1325 59 27 uppä
674 1325 42 21 den
740 1325 70 27 enligt
833 1324 41 22 vär

120 1360 151 28 ofvertygelse
295 1361 83 27 riktiga
401 1360 178 28 uppfattningen,
604 1363 34 19 att
658 1360 78 22 flickor
754 1360 50 22 icke
820 1360 54 21 böra

119 1396 128 26 uppfostras
270 1396 141 22 uteslutande
432 1396 25 22 af
470 1399 58 25 män,
546 1398 56 20 samt
617 1398 33 20 att
666 1396 28 22 de
709 1396 39 22 hos
764 1396 43 22 den
824 1402 49 20 per-

120 1438 46 21 son,
183 1438 46 15 som
245 1432 48 22 står
308 1432 7 21 i
332 1434 89 25 spetsen
437 1432 35 22 för
489 1432 84 28 skolan,
583 1432 54 22 böra
652 1431 68 23 hafva
730 1434 33 19 att
774 1432 100 26 påräkna

120 1467 108 28 moderlig
253 1468 141 23 omvårdnad,
425 1468 40 22 Ett
491 1468 109 22 likartadt
624 1468 184 22 betraktelsesätt
834 1467 40 22 bör
