1095 1742
231 152 12 18 2
459 150 215 22 Motionsbetänkande
690 149 34 23 N:o
740 149 19 22 2.

231 219 95 21 mynnar
348 213 38 21 det
408 213 70 21 andra
501 213 110 28 förslaget
626 213 32 22 uti
673 213 111 28 yrkandet
799 214 33 20 att
847 219 81 15 varans
943 212 43 22 för-

232 247 96 29 säljning
342 248 60 21 inom
417 248 136 22 kommunen
569 248 57 22 skall
641 248 67 28 göras
719 248 112 22 beroende
842 247 25 22 af
875 248 51 22 dess
938 248 49 21 der-

231 282 35 22 till
281 282 28 28 på
324 282 101 28 förhand,
441 283 7 21 i
464 289 85 15 samma
556 282 96 29 ordning
668 288 47 16 som
730 282 73 29 gäller
816 282 138 22 beträffande
965 282 22 22 öl

232 316 43 22 och
290 318 81 26 porter,
387 317 125 22 utverkade
527 317 70 22 bifall.

302 352 240 28 Förslagsställarenes
567 352 129 22 erfarenhet
718 353 33 21 att
773 352 126 28 hembrygd
924 352 63 21 malt-

234 386 78 28 dryck,
327 392 47 16 som
390 386 34 22 till
439 386 49 22 salu
511 386 74 23 hållits
607 387 60 22 inom
687 387 60 21 vissa
766 386 86 22 trakter
867 386 26 22 af
905 386 82 27 landet,

232 420 117 23 innehållit
364 427 28 16 en
407 421 182 29 alkoholmängd,
604 421 92 22 hvilken
711 422 59 28 gjort
785 422 33 20 att
829 421 106 28 drycken,
944 420 44 22 för-

234 456 50 21 tärd
299 456 7 21 i
321 456 72 22 större
416 456 117 28 qvantitet,
553 456 79 22 verkat
654 456 153 28 rusgifvande,
822 456 41 22 har
878 456 72 22 delats
965 456 25 21 af

233 490 71 29 några
317 491 69 22 bland
407 491 122 22 utskottets
549 491 130 27 ledamöter,
695 491 81 21 medan
791 490 48 22 åter
853 490 70 22 andra
937 490 50 22 icke

234 525 99 29 försport
354 526 75 28 någon
444 526 84 28 klagan
543 526 65 22 öfver
623 526 27 22 de
666 526 6 22 i
688 525 212 29 motionsförslagen
915 525 73 22 öfver-

233 560 97 28 klagade
346 560 231 23 missförhållandena.
603 561 50 22 Men
668 560 69 22 äfven
748 560 71 22 under
828 560 160 28 förutsättning

234 596 34 20 att
283 595 38 21 det
335 595 106 28 påvisade
457 596 58 22 onda
530 602 55 16 vore
600 596 145 27 allmännare,
760 596 44 21 kan
819 595 110 22 utskottet
938 595 50 22 icke

235 630 85 22 skänka
335 630 39 22 sitt
388 630 123 23 understöd
527 630 22 22 åt
565 631 43 22 den
623 630 94 22 afsedda
732 630 204 29 lagförändringen.

304 664 86 28 Sjelfva
405 665 64 22 ordet
483 666 158 28 ,svagdricka,
654 665 104 29 angifver
768 665 69 21 redan
848 664 141 28 oförtydbart

235 699 60 21 hvad
310 699 142 29 lagstiftaren
468 700 91 22 dermed
575 700 66 27 afser,
658 700 55 22 eller
724 706 28 16 en
763 700 77 28 dryck,
850 699 68 22 hvars
929 699 59 21 alko-

235 733 87 22 holhalt
337 734 25 22 är
377 734 24 22 så
416 735 71 29 ringa,
503 736 32 21 att
550 735 78 28 hvarje
644 734 116 29 möjlighet
775 734 34 22 till
819 734 122 28 berusning
951 733 38 22 vid

236 768 52 22 dess
303 768 129 23 förtärande
455 770 70 22 måste
545 776 55 16 vara
614 770 120 22 utesluten.
764 768 89 22 Verkar
867 774 69 16 varan
952 768 37 22 be-

235 803 104 27 rusande,
354 804 41 21 har
418 804 129 22 densamma
569 804 142 28 följaktligen
726 804 94 22 förlorat
835 803 34 22 sin
884 802 106 22 karaktär

236 837 26 21 af
274 838 135 27 svagdricka
431 839 41 21 och
495 838 71 22 måste
588 839 110 21 likställas
717 838 51 22 med
788 838 28 27 öl,
831 837 93 23 hvarför
938 837 51 27 den,

236 877 48 16 som
300 871 78 23 försålt
401 873 63 28 dylik
478 873 127 22 berusande
622 879 60 21 vara,
698 873 26 22 är
738 872 122 23 hemfallen
875 871 71 22 under
962 871 27 22 de

236 907 269 30 ansvarsbestämningar,
528 914 48 16 som
598 907 55 23 böra
675 908 112 27 tillämpas
807 907 38 22 vid
865 907 66 28 olaga
946 906 43 22 för-

236 941 97 28 säljning
343 942 56 22 eller
406 943 153 28 utskänkning
567 943 26 21 af
598 942 158 28 maltdrycker.
779 941 47 22 Och
835 941 73 22 denna
916 940 74 23 ständ-

235 976 73 28 punkt
329 977 34 21 till
386 977 79 28 frägan
480 977 41 22 har
536 977 173 28 lagskipningen
723 977 8 22 i
746 976 83 27 landet,
845 975 70 29 enligt
930 975 60 22 inom

236 1011 110 22 utskottet
368 1012 171 27 representerad
563 1012 135 26 erfarenhet,
713 1012 8 21 i
736 1011 79 28 regeln
829 1011 87 28 intagit.
946 1010 44 21 För

236 1045 121 28 stäfjandet
372 1046 26 21 af
406 1046 28 22 de
445 1046 162 29 öfverklagade
617 1046 142 23 missbruken
770 1045 103 28 erbjuder
884 1044 106 29 gällande

235 1080 39 28 lag
289 1079 94 24 sälunda
397 1082 33 21 ett
446 1081 51 22 fullt
511 1081 115 22 verksamt
640 1081 123 26 korrektiv,
779 1080 7 22 i
801 1080 39 22 det
849 1081 34 20 att
893 1080 97 21 domsto-

236 1115 38 22 len
296 1115 58 22 efter
376 1115 106 29 pröfning
497 1115 26 22 af
535 1115 133 29 åklagarens
687 1114 234 29 bevisningsmaterial
936 1115 54 20 utan

235 1149 84 22 tvekan
333 1149 45 22 kan
393 1149 29 29 pä
438 1150 43 22 den
495 1150 104 28 lagförde
614 1150 101 28 tillämpa
730 1150 38 21 det
778 1149 153 26 bötesansvar,
942 1154 48 16 som

235 1183 7 22 i
258 1184 13 27 $
288 1186 25 19 18
329 1184 26 22 af
367 1184 161 29 förordningen
551 1185 43 22 den
609 1187 13 19 2
637 1184 64 29 April
724 1185 63 25 1883,
810 1183 116 28 angående
945 1182 45 22 för-

236 1218 97 29 säljning
355 1219 42 22 och
419 1219 152 28 utskänkning
591 1219 26 22 af
636 1218 159 29 maltdrycker,
817 1218 72 21 finnes
913 1218 76 21 utsatt.

236 1253 48 22 Och
299 1253 59 22 hvad
374 1254 107 21 beträffar
502 1254 44 22 den
568 1254 70 27 dryck
653 1260 55 21 som,
723 1253 72 22 under
809 1259 67 15 namn
891 1251 26 22 af
931 1251 59 26 ,faa-

236 1287 115 28 rinkalja*,
370 1288 117 22 tillverkas
510 1288 48 22 dels
573 1288 28 29 pä
616 1295 85 15 samma
722 1288 46 22 sätt
783 1293 48 16 som
845 1287 70 22 andra
929 1286 61 22 hem-

235 1322 88 28 brygda
346 1323 159 27 maltdrycker,
529 1323 57 22 dock
608 1324 33 20 att
663 1322 214 28 alkoholprocenten
899 1321 25 21 är
938 1321 52 21 vida

235 1356 78 29 högre,
336 1357 49 21 dels
407 1363 83 22 genom
505 1359 33 20 att
553 1357 134 28 svagdricka
709 1356 106 22 försättes
831 1355 50 22 med
896 1355 94 22 bränvin

235 1391 57 21 eller
313 1397 74 16 annan
410 1391 133 28 spritdryck,
558 1391 44 22 kan
618 1391 52 22 dess
692 1390 134 29 försäljning
840 1389 84 22 beifras
939 1389 51 22 med

235 1425 51 22 stöd
301 1425 25 22 af
339 1426 26 26 $$
382 1428 26 19 18
425 1426 55 22 eller
497 1429 25 18 13
538 1426 7 22 i
560 1425 182 29 nyssäberopade
757 1424 137 28 förordning.

304 1459 39 22 Att
358 1460 38 21 vid
411 1467 31 14 nu
457 1460 94 22 anförda
573 1460 138 22 förhällande
730 1465 83 22 genom
829 1459 42 22 den
887 1457 103 29 äsyftade

303 1501 190 20 Ekonomiutskottets
508 1502 115 20 betänkande
637 1501 38 20 N:o
691 1502 18 19 5.
