1075 1756
200 165 14 19 4
404 164 239 24 Petitionsbetänkande
659 165 37 23 N:o
711 165 39 23 32.

200 236 61 28 gifva
277 235 123 23 densamma
416 244 27 14 en
458 236 81 29 kraftig
555 236 85 29 eggelse
655 236 41 22 och
712 236 90 22 sålunda
818 236 88 29 bidraga
921 236 33 22 till

200 271 43 23 den
266 272 46 21 lösa
336 272 164 29 befolkningens
522 272 91 22 tillväxt.
643 272 52 22 Men
711 272 29 22 då
756 280 51 14 vore
822 273 22 28 ju
860 272 37 22 det
912 280 43 21 nya

200 310 104 26 systemet
319 308 88 22 alldeles
423 308 108 22 förfeladt.

272 344 32 22 På
318 344 70 30 grund
403 345 23 21 af
445 344 38 22 här
499 344 90 23 anförda
605 345 46 21 skäl
667 345 38 22 har
721 344 107 23 utskottet
842 344 50 22 icke
902 344 52 22 kun-

200 383 38 19 nat
260 380 87 23 förorda
368 380 26 22 de
415 381 23 21 af
453 381 143 29 petitionären
612 381 120 29 föreslagna
748 380 206 30 tvångsåtgärderna

200 419 52 19 utan
268 416 33 22 får
317 416 109 24 vördsamt
441 416 80 23 föreslå

488 486 32 19 att
540 484 212 28 petitionsförslaget
774 484 44 20 icke
838 483 66 21 måtte
921 482 34 22 till

416 520 73 27 någon
510 520 78 28 åtgärd
611 520 53 28 från
685 520 130 21 ständernas
838 519 49 21 sida
906 518 46 26 för-

416 556 84 22 anleda.

274 640 138 28 Helsingfors
428 640 42 22 den
487 642 27 20 23
531 640 63 28 April
613 640 62 22 1897.

274 766 12 20 I
307 765 99 22 ärendets
423 765 131 29 behandling
566 766 65 21 hafva
647 765 101 29 deltagit:
765 764 143 23 ordföranden
925 764 29 22 H.

201 801 108 29 Räbergh,
330 802 145 22 ledamöterne
490 802 26 21 A.
539 809 42 14 von
603 802 65 27 Julin,
691 802 19 21 J.
733 801 129 26 Johansson,
886 800 17 22 I.
923 801 30 21 M.

201 838 108 28 Tallgren,
325 838 28 21 H.
369 838 25 21 E.
410 838 117 29 Wegelius,
542 838 29 21 K.
594 838 28 21 H.
638 837 107 28 Renlund,
761 838 24 21 P.
802 838 26 20 A.
848 836 105 28 Brofeldt,

200 874 20 21 J.
237 874 26 22 L.
283 874 96 26 Pentzin,
403 874 28 21 K.
448 874 34 22 W.
498 874 107 28 Hollm6n,
629 874 27 22 U.
672 874 89 22 Bremer
778 874 40 21 och
842 873 20 21 J.
880 872 75 22 Haan-

202 911 46 27 pää,
256 910 164 29 suppleanterne
429 910 138 22 Friherrarne
576 910 30 21 M.
615 910 113 22 Molander
736 910 42 22 och
789 910 29 21 K.
832 917 19 14 v.
863 908 91 22 Alfthan

202 948 56 20 samt
274 946 37 28 Hj.
327 946 74 22 Grahn
418 946 41 22 och
474 946 25 21 T.
515 946 112 28 Nykänen.

276 1501 182 18 Ekonomiutskottets
472 1501 108 19 betänkande
593 1501 34 18 N:o
640 1502 28 17 16.
