1073 1745
324 165 239 28 Petitionsbetänkande
580 166 35 24 N:o
630 166 32 23 19.

413 411 269 24 Ekonomiutskottets
713 412 162 25 betänkande

338 447 35 23 N:o
392 447 25 23 14
433 447 5 23 i
455 448 113 29 anledning
584 447 27 24 af
624 449 32 22 ett
672 448 54 23 inom
743 447 132 25 Bondestån-

338 483 35 23 det
392 483 125 24 framstäldt
539 484 184 28 petitionsförslag
744 485 34 22 att
796 485 79 28 styrel-

338 525 38 17 sen
397 518 67 25 måtte
485 521 19 28 ej
521 520 81 23 mindre
618 520 132 24 införskaffa
766 521 110 28 utredning

339 555 51 23 huru
407 556 88 23 allmänt
510 556 152 23 tuberkulosen
678 557 25 22 är
714 557 88 23 utbredd
814 556 62 23 bland

339 592 108 28 boskapen
469 592 6 23 i
497 592 73 23 landet
589 593 57 22 samt
662 593 6 22 i
685 593 54 22 hvad
756 599 47 17 mon
820 593 56 28 sjuk-

339 628 87 23 domens
447 628 109 29 spridning
578 629 40 22 kan
635 628 97 23 hämmas
748 634 75 23 genom
840 635 36 17 an-

340 664 103 28 vändning
460 664 27 23 af
501 664 126 28 tuberkulin,
644 665 27 22 än
683 664 97 24 derefter
790 665 87 28 vidtaga

341 700 25 22 de
386 699 109 29 åtgärder,
512 700 71 23 hvilka
599 701 39 22 den
655 707 69 16 vunna
740 701 137 28 utredningen

340 736 40 23 kan
397 735 100 24 befinnas
514 735 93 30 påkalla.

199 800 165 23 Ofvanberörda
379 801 191 30 petitionsförslag,
585 801 84 23 hvilket
684 801 70 23 såsom
764 802 72 30 bilaga
846 802 33 23 åt-

126 837 65 29 följer
206 837 59 22 detta
280 836 142 29 betänkande,
437 837 39 22 har
492 837 23 22 af
529 837 164 23 Bondeståndet
705 837 130 30 hänskjutits
846 838 33 22 till

128 873 220 27 Ekonomiutskottet,
362 874 8 20 i
386 873 102 23 afseende
504 873 13 22 å
531 873 157 23 förberedande
704 874 135 30 behandling.

201 999 71 22 Sedan
292 999 84 23 landets
397 1000 93 23 Ständer
505 1001 8 21 i
528 1000 115 29 anledning
659 1001 23 21 af
696 1000 38 23 två
748 1001 59 22 inom
822 1001 59 22 Bon-

128 1035 116 23 deståndet
263 1036 38 22 vid
322 1037 56 21 1891
395 1037 34 22 års
445 1036 104 29 landtdag
564 1037 82 29 ingifna
662 1037 219 29 petitionsmemorial,

129 1071 114 30 åsyftande
263 1073 94 21 revision
378 1073 22 22 af
421 1072 28 23 de
464 1073 35 21 för
519 1073 156 22 smittosamma
695 1073 187 30 kreaturssjukdo-

129 1115 57 14 mars
202 1108 176 23 förekommande
398 1109 41 22 och
455 1108 128 23 hämmande
598 1109 99 29 gällande
712 1109 170 30 lagstadganden

131 1147 56 18 samt
203 1151 34 14 om
254 1145 132 22 anställande
401 1145 23 22 af
440 1147 68 20 större
524 1145 58 22 antal
598 1146 136 26 veterinärer,
748 1146 70 29 ingått
833 1145 49 22 med

130 1179 134 30 underdånig
279 1181 99 22 anhållan
394 1183 31 20 att
440 1181 79 30 nådiga
535 1181 142 29 kungörelsen
692 1182 8 21 i
716 1183 72 21 ämnet
803 1182 23 22 af
841 1182 42 22 den

132 1217 12 20 6
164 1215 53 23 Juni
238 1217 64 26 1864,
327 1217 65 22 måtte
414 1217 142 22 underkastas
576 1217 66 30 nödig
661 1219 95 21 revision
776 1221 56 19 samt
852 1221 32 19 att

132 1251 120 23 Ständerna
267 1252 66 23 måtte
349 1253 102 22 försättas
466 1255 8 20 i
491 1253 84 22 tillfälle
591 1257 31 19 att
637 1254 8 21 i
660 1254 88 23 ärendet
764 1255 67 21 uttala
845 1255 39 28 sig,

131 1288 39 21 har
186 1296 26 14 en
228 1289 22 21 af
266 1289 105 29 styrelsen
387 1289 68 23 under
470 1289 105 23 Februari
590 1289 77 23 månad
686 1291 56 21 1892
758 1291 78 21 tillsatt
846 1290 38 22 ko-

132 1324 51 22 mité
199 1324 85 22 erhållit
298 1325 8 21 i
323 1325 96 29 uppdrag
435 1328 32 20 att
482 1329 50 26 taga
548 1326 88 22 ärendet
647 1326 67 22 under
724 1325 160 30 öfvervägande

132 1362 56 20 samt
204 1360 120 22 sedermera
340 1361 93 22 aflemna
448 1362 144 29 underdånigt
604 1362 136 22 betänkande
750 1362 42 22 och
804 1362 81 28 förslag

133 1395 51 23 deri.
215 1396 61 22 Efter
292 1396 37 23 det
344 1397 143 29 nyssberörda
501 1398 80 21 komité
596 1398 68 22 under
678 1398 45 21 Juli
738 1398 78 22 månad
828 1399 57 25 1893

132 1432 99 29 fullgjort
246 1432 140 24 omförmälda
401 1434 100 29 uppdrag
514 1434 42 22 och
575 1434 183 29 komitéförslaget
772 1434 114 29 granskats

134 1467 60 24 såväl
210 1468 22 22 af
248 1468 246 31 Landtbruksstyrelsen
510 1478 47 14 som
573 1470 22 22 af
608 1470 230 29 Medicinalstyrelsen,
848 1470 38 22 har

206 1511 182 19 Ekonomiutskottets
400 1512 111 19 betänkande
523 1512 35 19 N:o
571 1513 28 17 14.
