1092 1739
252 179 28 20 26
433 179 261 23 Motionsbetänkande
710 180 42 22 N:o
767 179 37 22 10.

223 246 35 21 för
284 247 196 22 landthandlande
502 249 43 20 och
569 249 116 26 löntagare
707 248 97 27 ytterligt
829 247 151 27 betungande.

224 281 46 20 Der
293 282 73 21 måste
386 283 44 20 den
453 283 120 27 personela
596 282 123 27 utskylden
743 282 121 21 stadfästas
891 282 91 27 mycket

224 315 45 26 hög
293 316 43 20 och
356 317 91 26 afgiften
464 317 54 20 efter
534 317 103 20 inkomst
652 317 80 20 likaså.
764 316 51 21 Och
830 316 29 21 då
875 316 106 21 industri-

225 350 34 19 ela
284 350 162 27 inrättningars
463 351 118 27 utskylder
597 351 73 21 skulle
689 351 69 26 enligt
774 351 208 26 motionsförslaget

223 390 56 14 vara
296 385 25 20 af
333 386 104 25 personel
454 388 68 18 natur
538 386 43 20 och
597 385 78 28 uppgå
691 385 6 20 i
713 385 28 20 de
756 385 120 27 personela
896 385 86 26 utskyl-

224 417 71 21 derna
312 419 43 20 och
371 419 66 21 dessa
454 419 151 26 inrättningar
621 419 98 21 sålunda
735 419 118 20 försvinna
865 419 76 21 såsom
953 425 27 13 en

224 452 99 20 särskild
347 453 101 27 kategori
472 453 177 27 skatteobjekter
664 454 7 20 i
687 453 71 21 bredd
781 453 52 20 med
853 453 129 26 jordlägen-

223 486 95 20 heterna
342 488 43 20 och
410 488 26 20 de
453 488 120 20 betalande
590 494 146 21 personerna,
752 488 73 20 blefve
841 487 93 27 följden,
950 489 32 18 att

224 520 88 21 sådana
328 521 163 27 inrättningars
507 528 64 20 egare
583 522 49 20 icke
644 522 77 20 kunde
736 524 94 23 taxeras,
841 528 38 14 om
893 521 27 21 de
931 521 50 21 icke

224 556 40 19 äro
287 555 151 21 medlemmar
453 556 7 20 i
476 556 169 26 församlingen,
655 558 36 18 än
708 556 89 20 mindre
813 556 65 20 deras
895 556 86 26 egande

225 588 157 28 inrättningar.
414 590 32 20 De
463 592 60 18 stora
539 590 109 26 bolagens
665 590 170 21 etablissement
851 590 72 20 skulle
939 590 42 20 till-

224 623 49 21 föra
289 624 167 28 presterskapet
472 625 126 20 inkomster
614 625 37 20 vid
668 625 75 20 denna
760 624 160 26 märkvärdiga
936 630 45 20 reg-

223 658 79 26 lering,
318 658 30 21 då
364 659 180 27 medelbeloppet
564 659 127 26 fastställes,
708 666 52 14 men
776 666 53 14 vore
845 659 135 25 oantastliga

224 692 30 26 på
270 692 199 27 uppbördsdagen.
501 693 8 20 1
526 693 60 21 vissa
600 693 39 21 fall
655 700 53 14 vore
724 693 131 26 visserligen
869 700 27 14 en
909 693 71 21 sådan

223 726 112 26 reglering
351 727 33 20 för
400 728 167 26 presterskapet
582 728 91 26 mycket
689 727 127 26 förmånlig.
839 727 34 27 Ty
885 728 25 19 är
920 727 60 20 detta

224 760 166 28 medelbelopp,
407 761 7 20 i
430 762 86 20 hvilket
532 762 67 20 äfven
616 762 133 20 industriela
769 761 163 26 inrättningars
948 763 33 18 ut-

224 794 95 26 skylder
331 794 74 22 blifvit
418 795 118 26 indragna,
552 802 28 14 en
603 796 59 26 gång
684 796 97 20 faststält
797 796 44 20 och
857 796 30 27 på
902 796 27 20 de
945 795 36 21 be-

225 828 92 20 talande
340 829 118 26 fördeladt,
480 830 25 20 sä
528 830 64 20 faller
614 829 128 21 detsamma
766 832 24 18 ut
818 830 33 20 till
875 830 51 20 dess
950 836 31 20 ny

224 863 110 26 reglering
359 864 109 26 företages
490 864 42 20 och
552 864 60 21 detta
629 864 94 21 oaktadt
735 864 80 27 dylika
830 864 151 26 inrättningar

224 903 29 20 på
276 900 64 18 orten
364 898 116 20 måhända
504 898 46 21 helt
572 899 44 20 och
633 898 69 21 hållet
718 898 91 26 nedlagt
831 898 35 20 sin
889 898 90 21 rörelse.

224 930 114 22 Utskottet
360 932 80 20 tänker
463 932 137 27 visserligen,
623 933 73 20 ehuru
716 932 109 21 utskottet
840 932 49 21 icke
905 932 76 21 veder-

224 965 67 26 vågat
308 965 5 20 i
330 965 155 21 betänkandet
501 967 70 20 uttala
595 967 76 20 denna
694 967 75 25 tanke,
786 969 32 18 att
833 966 37 21 det
885 966 96 21 ankom-

223 1005 49 14 mer
295 999 30 27 på
351 1000 161 26 församlingen
536 1003 31 18 att
589 1001 54 20 efter
666 1001 225 26 omständigheterna
907 1001 73 20 sänka

223 1033 173 26 ifrågavarande
419 1035 158 26 medelbelopp
601 1035 43 20 och
667 1035 95 20 derefter
784 1035 85 26 reglera
884 1035 96 20 taxerin-

222 1072 50 20 gen.
304 1067 52 21 Men
372 1068 59 20 detta
448 1069 26 20 är
489 1071 29 18 ett
534 1069 94 26 misstag
643 1069 34 20 till
693 1069 27 20 de
733 1069 84 26 många
831 1069 72 20 andra
916 1069 64 20 miss-

222 1103 75 24 tagen.
330 1102 173 27 Församlingen
526 1104 25 19 är
567 1103 114 26 nemligen
697 1103 50 21 icke
763 1103 97 26 befogad
875 1105 32 18 att
923 1103 57 26 sjelf-

222 1135 74 26 rådigt
319 1135 53 27 höja
396 1137 54 20 eller
471 1137 72 20 sänka
566 1137 27 20 de
609 1144 28 13 en
653 1137 59 26 gång
727 1137 118 21 faststälda
861 1137 119 26 afgifterna

222 1171 56 18 utan
295 1169 89 21 fordras
400 1170 73 21 dertill
490 1171 123 26 Kejserliga
629 1171 109 22 Senatens
754 1171 149 21 stadfästelse.
927 1171 52 20 Men

222 1203 29 20 dä
274 1203 72 21 kändt
368 1205 25 19 är
415 1207 32 18 att
467 1205 47 26 just
537 1205 173 26 ifrägavarande
728 1211 74 22 grupp
818 1206 25 20 af
857 1205 123 21 skattedra-

221 1237 74 26 gande
311 1239 25 19 är
352 1245 62 14 mera
430 1240 29 19 än
474 1239 71 20 andra
562 1239 154 21 underkastad
736 1240 124 25 vexlingar,
876 1241 25 18 är
921 1239 59 20 klart

221 1273 32 18 att
276 1272 192 27 församlingarna
490 1280 53 14 vore
567 1276 102 23 tvungna
687 1276 32 19 att
735 1274 57 21 söka
809 1274 22 20 fä
846 1274 64 26 billig
925 1273 55 21 änd-

221 1305 51 26 ring
288 1305 6 20 i
311 1306 49 20 sina
383 1307 275 26 taxeringsförhällanden
682 1309 44 19 och
750 1307 98 21 sålunda
869 1308 80 25 blefve,
973 1307 5 20 i

222 1340 74 20 stället
319 1340 35 21 för
375 1341 122 21 bestäende
521 1342 115 25 reglering,
660 1342 87 21 hvilket
770 1343 64 25 lagen
854 1342 72 26 afsett,
943 1341 37 21 det

221 1373 162 22 mödosamma
399 1375 44 20 och
459 1375 142 21 kostsamma
616 1376 209 27 regleringsarbetet
837 1378 141 25 permanent.

221 1407 79 21 Redan
324 1409 24 20 af
368 1408 61 21 detta
452 1409 50 20 skäl
525 1409 71 21 mäste
619 1410 208 26 motionsförslaget
842 1417 67 14 anses
924 1416 55 14 vara

220 1442 126 27 oantagligt
362 1443 44 20 och
421 1445 29 18 än
468 1450 61 14 mera
545 1444 25 20 af
583 1444 36 20 det
636 1445 49 20 skäl
702 1447 31 18 att
749 1444 136 26 detsamma,
901 1444 78 21 säsom

292 1486 48 22 Lag-
354 1487 30 17 och
400 1488 180 17 Ekonomiutskottets
593 1488 110 18 betänkande
716 1489 37 17 N:o
766 1489 27 17 16.
