1073 1745
187 205 82 20 läseårs
293 205 73 25 början
390 205 55 24 ägde
462 211 37 13 sex
515 205 84 20 klasser
615 205 38 19 och
671 205 50 19 dess
738 205 77 19 kurser
832 205 46 19 fullt
892 208 43 17 mot

188 235 90 19 svarade
301 235 103 19 kurserna
427 235 6 19 i
457 235 25 19 de
496 235 35 19 af
553 231 70 33 staten
641 235 145 20 underhållna
803 235 137 24 femklassiga

187 265 248 20 fruntimmersskolorna.

257 295 41 19 För
314 294 164 25 ifrågavarande
495 294 70 20 skolas
582 294 112 20 underhåll
710 295 39 19 har
764 295 128 24 visserligen
904 301 36 13 un-

188 325 37 19 der
241 325 26 19 de
283 324 36 20 två
340 326 86 18 senaste
443 325 51 19 åren
510 324 98 26 beviljats
625 325 132 24 statsbidrag
773 324 31 20 till
820 325 30 19 ett
865 325 75 24 belopp

188 355 24 18 af
225 354 75 20 inalles
319 356 77 21 11,333
413 355 65 22 mark,
496 354 51 19 eller
566 356 62 21 1,259
645 355 60 18 mark
724 354 82 25 årligen
825 355 33 18 för
868 354 72 25 hvarje

187 384 65 20 klass.
284 385 48 19 Men
356 384 27 19 då
406 385 142 19 kostnaderna
569 384 32 19 för
617 390 25 13 en
660 384 56 25 dylik
732 384 124 19 läroanstalt
871 385 69 18 natur-

188 414 72 24 ligtvis
284 414 104 24 betydligt
411 413 119 25 öfverstiga
554 415 58 18 detta
630 414 83 24 belopp,
731 414 39 19 har
785 414 74 19 skolan
875 414 66 19 under

188 444 25 19 de
230 445 86 18 senaste
341 443 51 20 åren
416 443 80 20 kunnat
511 443 125 25 uppehållas
653 443 76 20 endast
745 449 77 19 genom
839 444 29 19 ett
884 444 55 19 stän-

188 473 46 25 digt
258 473 104 26 vädjande
386 473 60 20 såväl
470 473 30 20 till
523 473 41 20 den
585 474 57 19 stora
666 473 154 20 allmänhetens
844 479 45 14 som
911 473 29 20 till

188 503 208 25 lärarepersonalens
413 504 35 19 vid
465 503 74 20 skolan
555 503 152 20 entusiastiska
723 503 155 24 offervillighet,
890 504 50 19 utan

188 534 31 19 att
234 533 64 20 likväl
315 533 35 20 det
373 533 63 20 svåra
458 533 137 20 ekonomiska
611 533 111 25 trångmål,
740 533 59 19 hvari
817 533 72 19 skolan
906 533 33 19 be-

187 563 69 20 finner
272 564 39 23 sig,
328 564 80 19 kunnat
424 564 114 24 aflägsnas.
566 563 33 20 Då
615 563 122 23 emellertid,
755 569 46 13 som
817 563 69 23 kändt,
904 563 35 19 all-

189 593 126 20 mänhetens
340 593 136 24 frikostighet
496 599 89 13 numera
608 593 45 20 ofta
676 594 61 24 tages
762 593 7 19 i
790 593 91 24 anspråk
908 593 32 19 för

188 623 66 19 andra
276 623 144 22 sträfvanden,
440 623 123 24 isynnerhet
581 623 81 20 sådana
679 629 46 13 som
745 623 46 19 afse
811 623 39 19 den
867 624 71 23 egent-

189 653 43 24 liga
249 653 207 24 folkupplysningen,
480 653 127 24 exempelvis
629 653 196 24 upprätthållandet
846 653 23 19 af
887 653 51 18 folk-

188 683 120 24 högskolor,
325 683 33 19 för
373 683 71 19 hvilka
460 683 130 24 statsbidrag
606 683 65 19 hittils
688 683 46 19 icke
750 683 81 19 kunnat
841 682 96 23 erhållas,

188 713 40 18 och
236 712 28 20 då
272 712 162 25 ifrågavarande
444 713 209 22 fruntimmersskola,
664 713 71 19 fastän
746 713 49 19 dess
808 712 80 20 tillvaro
899 713 40 18 och

188 743 85 19 framtid
283 742 115 25 ingalunda
408 743 82 20 kunnat
500 748 63 14 anses
575 748 51 14 vara
637 743 139 24 betryggade,
787 743 51 18 utan
850 743 88 18 tvärtom

187 773 77 24 ytterst
287 773 76 18 osäkra
386 772 40 19 och
442 778 48 13 man
506 773 72 18 vidare
594 773 55 19 varit
664 774 95 23 tvungen
776 773 31 19 att
822 772 61 19 ställa
898 773 39 18 ter-

188 803 171 24 minsafgifterna
375 803 34 18 vid
426 803 122 18 densamma
565 802 141 20 öfvermåttan
722 802 63 25 höga,
803 802 35 19 det
854 802 84 20 oaktadt

188 832 84 19 erhållit
295 833 30 18 ett
341 832 117 24 betydande
474 832 111 23 elevantal,
601 833 7 18 i
625 833 35 18 det
675 833 108 19 närmaste
801 834 41 17 100
862 832 74 22 elever,

186 861 57 25 våga
259 862 19 18 vi
295 862 53 24 hysa
364 862 40 19 den
421 862 170 24 förhoppningen
607 864 30 18 att
653 862 36 19 det
705 862 132 19 hedervärda
848 861 88 22 ståndet,

185 892 101 19 inseende
310 892 73 24 vigten
406 891 40 19 och
470 892 123 24 betydelsen
610 892 24 19 af
647 892 36 19 det
698 891 178 25 bildningsbehof,
892 897 45 13 som

185 921 38 19 här
235 922 25 18 är
270 922 5 18 i
285 921 67 24 fråga,
370 921 85 20 förenar
471 922 34 24 sig
520 927 34 13 om
571 922 92 24 följande
679 921 147 25 underdåniga
841 921 95 25 petition:

472 981 28 18 att
518 981 64 18 staten
599 980 44 19 ville
658 980 40 19 helt
711 980 36 19 och
760 978 62 21 hållet
835 980 101 24 öfvertaga

396 1007 84 23 privata
485 1006 68 26 finska
562 1007 61 24 högre
630 1006 218 26 fruntimmersskolan
857 1006 7 19 i
878 1006 58 24 Vasa,

400 1034 50 19 helst
463 1033 7 19 i
484 1034 44 19 dess
547 1034 122 19 nuvarande
683 1033 142 25 organisation
838 1038 44 15 som
896 1038 40 14 8ex-

399 1060 78 24 klassig
497 1060 51 24 eller,
570 1066 34 14 om
625 1061 53 19 detta
698 1060 18 25 ej
737 1061 25 19 är
783 1060 83 25 möjligt,
890 1060 48 25 efter

400 1088 44 18 dess
459 1087 127 25 ombildning
600 1088 29 18 till
641 1087 126 25 femklassig.

256 1144 141 24 Helsingfors,
415 1144 41 20 den
474 1146 10 18 5
502 1144 92 20 februari
614 1146 61 18 1897.

242 1208 50 22 Juha
308 1208 92 22 Koivisto.
461 1208 47 22 Juho
525 1208 84 28 Torppa.
671 1209 19 21 F.
706 1208 27 22 W.
751 1208 123 27 Lagerstedt.

244 1243 55 22 Matti
316 1244 64 21 Rossi.
459 1244 14 21 J.
490 1244 105 22 Riihimäki.
667 1243 50 22 Antti
735 1244 103 21 Kananen.

284 1467 110 18 Helsingissä,
404 1468 102 17 Osakeyhtiö
517 1468 61 14 Weilin
589 1469 12 13 &
611 1468 44 15 Göös
664 1468 108 17 Aktiebolag,
781 1469 41 14 1897.
