<?xml version="1.0" encoding="UTF-8"?>
<alto xmlns="http://www.loc.gov/standards/alto/ns-v3#" xmlns:xlink="http://www.w3.org/1999/xlink" xmlns:xsi="http://www.w3.org/2001/XMLSchema-instance" xsi:schemaLocation="http://www.loc.gov/standards/alto/ns-v3# http://www.loc.gov/alto/v3/alto-3-0.xsd">
	<Description>
		<MeasurementUnit>pixel</MeasurementUnit>
		<sourceImageInformation>
			<fileName>/tmp/tess_etp7b8ns_input.PNG</fileName>
		</sourceImageInformation>
		<OCRProcessing ID="OCR_0">
			<ocrProcessingStep>
				<processingSoftware>
					<softwareName>tesseract 5.3.4</softwareName>
				</processingSoftware>
			</ocrProcessingStep>
		</OCRProcessing>
	</Description>
	<Layout>
		<Page WIDTH="1031" HEIGHT="1678" PHYSICAL_IMG_NR="0" ID="page_0">
			<PrintSpace HPOS="0" VPOS="0" WIDTH="1031" HEIGHT="1678">
				<ComposedBlock ID="cblock_0" HPOS="803" VPOS="133" WIDTH="40" HEIGHT="21">
					<TextBlock ID="block_0" HPOS="803" VPOS="133" WIDTH="40" HEIGHT="21">
						<TextLine ID="line_0" HPOS="803" VPOS="133" WIDTH="40" HEIGHT="21">
							<String ID="string_0" HPOS="803" VPOS="133" WIDTH="40" HEIGHT="21" WC="0.81" CONTENT="VII"/>
						</TextLine>
					</TextBlock>
				</ComposedBlock>
				<ComposedBlock ID="cblock_1" HPOS="110" VPOS="195" WIDTH="764" HEIGHT="1163">
					<TextBlock ID="block_1" HPOS="110" VPOS="195" WIDTH="764" HEIGHT="372">
						<TextLine ID="line_1" HPOS="111" VPOS="195" WIDTH="763" HEIGHT="28">
							<String ID="string_1" HPOS="111" VPOS="197" WIDTH="118" HEIGHT="21" WC="0.91" CONTENT="utländska"/><SP WIDTH="22" VPOS="197" HPOS="229"/>
							<String ID="string_2" HPOS="251" VPOS="197" WIDTH="125" HEIGHT="26" WC="0.91" CONTENT="arkitekter,"/><SP WIDTH="17" VPOS="197" HPOS="376"/>
							<String ID="string_3" HPOS="393" VPOS="203" WIDTH="47" HEIGHT="15" WC="0.96" CONTENT="som"/><SP WIDTH="18" VPOS="203" HPOS="440"/>
							<String ID="string_4" HPOS="458" VPOS="197" WIDTH="28" HEIGHT="21" WC="0.93" CONTENT="dä"/><SP WIDTH="20" VPOS="197" HPOS="486"/>
							<String ID="string_5" HPOS="506" VPOS="197" WIDTH="55" HEIGHT="26" WC="0.92" CONTENT="egde"/><SP WIDTH="18" VPOS="197" HPOS="561"/>
							<String ID="string_6" HPOS="579" VPOS="203" WIDTH="49" HEIGHT="14" WC="0.96" CONTENT="rum"/><SP WIDTH="14" VPOS="203" HPOS="628"/>
							<String ID="string_7" HPOS="642" VPOS="195" WIDTH="34" HEIGHT="22" WC="0.93" CONTENT="för"/><SP WIDTH="16" VPOS="195" HPOS="676"/>
							<String ID="string_8" HPOS="692" VPOS="197" WIDTH="142" HEIGHT="26" WC="0.90" CONTENT="uppgörande"/><SP WIDTH="15" VPOS="197" HPOS="834"/>
							<String ID="string_9" HPOS="849" VPOS="195" WIDTH="25" HEIGHT="22" WC="0.96" CONTENT="af"/>
						</TextLine>
						<TextLine ID="line_2" HPOS="111" VPOS="229" WIDTH="758" HEIGHT="30">
							<String ID="string_10" HPOS="111" VPOS="231" WIDTH="108" HEIGHT="28" WC="0.95" CONTENT="ritningar"/><SP WIDTH="15" VPOS="231" HPOS="219"/>
							<String ID="string_11" HPOS="234" VPOS="231" WIDTH="33" HEIGHT="22" WC="0.93" CONTENT="till"/><SP WIDTH="16" VPOS="231" HPOS="267"/>
							<String ID="string_12" HPOS="283" VPOS="232" WIDTH="36" HEIGHT="21" WC="0.93" CONTENT="det"/><SP WIDTH="17" VPOS="232" HPOS="319"/>
							<String ID="string_13" HPOS="336" VPOS="231" WIDTH="113" HEIGHT="21" WC="0.92" CONTENT="tilltänkta"/><SP WIDTH="15" VPOS="231" HPOS="449"/>
							<String ID="string_14" HPOS="464" VPOS="230" WIDTH="154" HEIGHT="22" WC="0.92" CONTENT="ständerhuset"/><SP WIDTH="14" VPOS="230" HPOS="618"/>
							<String ID="string_15" HPOS="632" VPOS="230" WIDTH="8" HEIGHT="21" WC="0.93" CONTENT="i"/><SP WIDTH="15" VPOS="230" HPOS="640"/>
							<String ID="string_16" HPOS="655" VPOS="229" WIDTH="110" HEIGHT="23" WC="0.93" CONTENT="kvarteret"/><SP WIDTH="16" VPOS="229" HPOS="765"/>
							<String ID="string_17" HPOS="781" VPOS="230" WIDTH="88" HEIGHT="26" WC="0.84" CONTENT=",,Serva-"/>
						</TextLine>
						<TextLine ID="line_3" HPOS="110" VPOS="264" WIDTH="761" HEIGHT="29">
							<String ID="string_18" HPOS="110" VPOS="265" WIDTH="57" HEIGHT="22" WC="0.61" CONTENT="len&quot;."/><SP WIDTH="30" VPOS="265" HPOS="167"/>
							<String ID="string_19" HPOS="197" VPOS="265" WIDTH="50" HEIGHT="22" WC="0.96" CONTENT="Med"/><SP WIDTH="15" VPOS="265" HPOS="247"/>
							<String ID="string_20" HPOS="262" VPOS="265" WIDTH="89" HEIGHT="28" WC="0.95" CONTENT="ledning"/><SP WIDTH="14" VPOS="265" HPOS="351"/>
							<String ID="string_21" HPOS="365" VPOS="266" WIDTH="29" HEIGHT="25" WC="0.93" CONTENT="af,"/><SP WIDTH="20" VPOS="266" HPOS="394"/>
							<String ID="string_22" HPOS="414" VPOS="265" WIDTH="70" HEIGHT="22" WC="0.96" CONTENT="ehuru"/><SP WIDTH="17" VPOS="265" HPOS="484"/>
							<String ID="string_23" HPOS="501" VPOS="265" WIDTH="48" HEIGHT="21" WC="0.96" CONTENT="icke"/><SP WIDTH="15" VPOS="265" HPOS="549"/>
							<String ID="string_24" HPOS="564" VPOS="265" WIDTH="8" HEIGHT="20" WC="0.96" CONTENT="i"/><SP WIDTH="15" VPOS="265" HPOS="572"/>
							<String ID="string_25" HPOS="587" VPOS="264" WIDTH="40" HEIGHT="22" WC="0.93" CONTENT="full"/><SP WIDTH="20" VPOS="264" HPOS="627"/>
							<String ID="string_26" HPOS="647" VPOS="264" WIDTH="224" HEIGHT="23" WC="0.91" CONTENT="öfverensstämmelse"/>
						</TextLine>
						<TextLine ID="line_4" HPOS="111" VPOS="299" WIDTH="760" HEIGHT="28">
							<String ID="string_27" HPOS="111" VPOS="301" WIDTH="50" HEIGHT="20" WC="0.96" CONTENT="med"/><SP WIDTH="15" VPOS="301" HPOS="161"/>
							<String ID="string_28" HPOS="176" VPOS="301" WIDTH="37" HEIGHT="20" WC="0.92" CONTENT="det"/><SP WIDTH="15" VPOS="301" HPOS="213"/>
							<String ID="string_29" HPOS="228" VPOS="299" WIDTH="114" HEIGHT="22" WC="0.92" CONTENT="utlätande"/><SP WIDTH="15" VPOS="299" HPOS="342"/>
							<String ID="string_30" HPOS="357" VPOS="299" WIDTH="7" HEIGHT="22" WC="0.93" CONTENT="i"/><SP WIDTH="15" VPOS="299" HPOS="364"/>
							<String ID="string_31" HPOS="379" VPOS="301" WIDTH="81" HEIGHT="25" WC="0.91" CONTENT="ämnet,"/><SP WIDTH="11" VPOS="301" HPOS="460"/>
							<String ID="string_32" HPOS="471" VPOS="306" WIDTH="46" HEIGHT="15" WC="0.96" CONTENT="som"/><SP WIDTH="11" VPOS="306" HPOS="517"/>
							<String ID="string_33" HPOS="528" VPOS="299" WIDTH="25" HEIGHT="22" WC="0.93" CONTENT="af"/><SP WIDTH="9" VPOS="299" HPOS="553"/>
							<String ID="string_34" HPOS="562" VPOS="299" WIDTH="100" HEIGHT="21" WC="0.91" CONTENT="bemälda"/><SP WIDTH="10" VPOS="299" HPOS="662"/>
							<String ID="string_35" HPOS="672" VPOS="299" WIDTH="112" HEIGHT="27" WC="0.91" CONTENT="prisnämd"/><SP WIDTH="10" VPOS="299" HPOS="784"/>
							<String ID="string_36" HPOS="794" VPOS="299" WIDTH="77" HEIGHT="28" WC="0.92" CONTENT="afgafs,"/>
						</TextLine>
						<TextLine ID="line_5" HPOS="112" VPOS="333" WIDTH="761" HEIGHT="27">
							<String ID="string_37" HPOS="112" VPOS="334" WIDTH="69" HEIGHT="22" WC="0.93" CONTENT="beslöt"/><SP WIDTH="24" VPOS="334" HPOS="181"/>
							<String ID="string_38" HPOS="205" VPOS="334" WIDTH="162" HEIGHT="26" WC="0.90" CONTENT="delegationens"/><SP WIDTH="23" VPOS="334" HPOS="367"/>
							<String ID="string_39" HPOS="390" VPOS="333" WIDTH="114" HEIGHT="27" WC="0.92" CONTENT="pluralitet"/><SP WIDTH="20" VPOS="333" HPOS="504"/>
							<String ID="string_40" HPOS="524" VPOS="334" WIDTH="124" HEIGHT="20" WC="0.92" CONTENT="sedermera"/><SP WIDTH="15" VPOS="334" HPOS="648"/>
							<String ID="string_41" HPOS="663" VPOS="335" WIDTH="33" HEIGHT="19" WC="0.93" CONTENT="att"/><SP WIDTH="14" VPOS="335" HPOS="696"/>
							<String ID="string_42" HPOS="710" VPOS="335" WIDTH="81" HEIGHT="25" WC="0.92" CONTENT="antaga"/><SP WIDTH="16" VPOS="335" HPOS="791"/>
							<String ID="string_43" HPOS="807" VPOS="333" WIDTH="26" HEIGHT="21" WC="0.96" CONTENT="de"/><SP WIDTH="16" VPOS="333" HPOS="833"/>
							<String ID="string_44" HPOS="849" VPOS="333" WIDTH="24" HEIGHT="21" WC="0.97" CONTENT="af"/>
						</TextLine>
						<TextLine ID="line_6" HPOS="111" VPOS="367" WIDTH="759" HEIGHT="29">
							<String ID="string_45" HPOS="111" VPOS="368" WIDTH="125" HEIGHT="21" WC="0.92" CONTENT="arkitekten"/><SP WIDTH="15" VPOS="368" HPOS="236"/>
							<String ID="string_46" HPOS="251" VPOS="367" WIDTH="101" HEIGHT="29" WC="0.93" CONTENT="Nyström"/><SP WIDTH="15" VPOS="367" HPOS="352"/>
							<String ID="string_47" HPOS="367" VPOS="368" WIDTH="124" HEIGHT="21" WC="0.92" CONTENT="inlemnade"/><SP WIDTH="15" VPOS="368" HPOS="491"/>
							<String ID="string_48" HPOS="506" VPOS="368" WIDTH="143" HEIGHT="27" WC="0.92" CONTENT="ritningarne,"/><SP WIDTH="16" VPOS="368" HPOS="649"/>
							<String ID="string_49" HPOS="665" VPOS="367" WIDTH="73" HEIGHT="22" WC="0.93" CONTENT="hvilka"/><SP WIDTH="15" VPOS="367" HPOS="738"/>
							<String ID="string_50" HPOS="753" VPOS="367" WIDTH="56" HEIGHT="21" WC="0.96" CONTENT="dock"/><SP WIDTH="15" VPOS="367" HPOS="809"/>
							<String ID="string_51" HPOS="824" VPOS="367" WIDTH="46" HEIGHT="21" WC="0.96" CONTENT="före"/>
						</TextLine>
						<TextLine ID="line_7" HPOS="112" VPOS="402" WIDTH="759" HEIGHT="27">
							<String ID="string_52" HPOS="112" VPOS="402" WIDTH="37" HEIGHT="21" WC="0.93" CONTENT="sitt"/><SP WIDTH="16" VPOS="402" HPOS="149"/>
							<String ID="string_53" HPOS="165" VPOS="402" WIDTH="111" HEIGHT="21" WC="0.91" CONTENT="definitiva"/><SP WIDTH="15" VPOS="402" HPOS="276"/>
							<String ID="string_54" HPOS="291" VPOS="402" WIDTH="115" HEIGHT="21" WC="0.92" CONTENT="utförande"/><SP WIDTH="15" VPOS="402" HPOS="406"/>
							<String ID="string_55" HPOS="421" VPOS="402" WIDTH="67" HEIGHT="21" WC="0.93" CONTENT="borde"/><SP WIDTH="16" VPOS="402" HPOS="488"/>
							<String ID="string_56" HPOS="504" VPOS="402" WIDTH="98" HEIGHT="26" WC="0.92" CONTENT="undergä"/><SP WIDTH="14" VPOS="402" HPOS="602"/>
							<String ID="string_57" HPOS="616" VPOS="402" WIDTH="69" HEIGHT="27" WC="0.93" CONTENT="nägra"/><SP WIDTH="15" VPOS="402" HPOS="685"/>
							<String ID="string_58" HPOS="700" VPOS="402" WIDTH="25" HEIGHT="21" WC="0.93" CONTENT="af"/><SP WIDTH="13" VPOS="402" HPOS="725"/>
							<String ID="string_59" HPOS="738" VPOS="402" WIDTH="84" HEIGHT="26" WC="0.93" CONTENT="deleg:n"/><SP WIDTH="11" VPOS="402" HPOS="822"/>
							<String ID="string_60" HPOS="833" VPOS="402" WIDTH="38" HEIGHT="21" WC="0.93" CONTENT="nö-"/>
						</TextLine>
						<TextLine ID="line_8" HPOS="112" VPOS="435" WIDTH="759" HEIGHT="29">
							<String ID="string_61" HPOS="112" VPOS="436" WIDTH="134" HEIGHT="27" WC="0.89" CONTENT="digbefunna"/><SP WIDTH="22" VPOS="436" HPOS="246"/>
							<String ID="string_62" HPOS="268" VPOS="436" WIDTH="117" HEIGHT="28" WC="0.96" CONTENT="ändringar"/><SP WIDTH="22" VPOS="436" HPOS="385"/>
							<String ID="string_63" HPOS="407" VPOS="436" WIDTH="41" HEIGHT="21" WC="0.93" CONTENT="och"/><SP WIDTH="19" VPOS="436" HPOS="448"/>
							<String ID="string_64" HPOS="467" VPOS="435" WIDTH="182" HEIGHT="26" WC="0.89" CONTENT="modifikationer,"/><SP WIDTH="16" VPOS="435" HPOS="649"/>
							<String ID="string_65" HPOS="665" VPOS="435" WIDTH="88" HEIGHT="22" WC="0.96" CONTENT="särskilt"/><SP WIDTH="17" VPOS="435" HPOS="753"/>
							<String ID="string_66" HPOS="770" VPOS="436" WIDTH="7" HEIGHT="21" WC="0.93" CONTENT="i"/><SP WIDTH="16" VPOS="436" HPOS="777"/>
							<String ID="string_67" HPOS="793" VPOS="436" WIDTH="78" HEIGHT="21" WC="0.92" CONTENT="sädant"/>
						</TextLine>
						<TextLine ID="line_9" HPOS="112" VPOS="469" WIDTH="757" HEIGHT="29">
							<String ID="string_68" HPOS="112" VPOS="470" WIDTH="63" HEIGHT="28" WC="0.96" CONTENT="syfte,"/><SP WIDTH="16" VPOS="470" HPOS="175"/>
							<String ID="string_69" HPOS="191" VPOS="473" WIDTH="33" HEIGHT="19" WC="0.93" CONTENT="att"/><SP WIDTH="15" VPOS="473" HPOS="224"/>
							<String ID="string_70" HPOS="239" VPOS="470" WIDTH="213" HEIGHT="28" WC="0.92" CONTENT="kostnadsförslaget"/><SP WIDTH="15" VPOS="470" HPOS="452"/>
							<String ID="string_71" HPOS="467" VPOS="470" WIDTH="19" HEIGHT="28" WC="0.96" CONTENT="ej"/><SP WIDTH="17" VPOS="470" HPOS="486"/>
							<String ID="string_72" HPOS="503" VPOS="471" WIDTH="57" HEIGHT="26" WC="0.93" CONTENT="finge"/><SP WIDTH="16" VPOS="471" HPOS="560"/>
							<String ID="string_73" HPOS="576" VPOS="470" WIDTH="134" HEIGHT="22" WC="0.85" CONTENT="öfverskrida"/><SP WIDTH="15" VPOS="470" HPOS="710"/>
							<String ID="string_74" HPOS="725" VPOS="471" WIDTH="42" HEIGHT="20" WC="0.96" CONTENT="den"/><SP WIDTH="16" VPOS="471" HPOS="767"/>
							<String ID="string_75" HPOS="783" VPOS="469" WIDTH="34" HEIGHT="22" WC="0.93" CONTENT="för"/><SP WIDTH="14" VPOS="469" HPOS="817"/>
							<String ID="string_76" HPOS="831" VPOS="471" WIDTH="38" HEIGHT="20" WC="0.92" CONTENT="än-"/>
						</TextLine>
						<TextLine ID="line_10" HPOS="112" VPOS="505" WIDTH="758" HEIGHT="27">
							<String ID="string_77" HPOS="112" VPOS="505" WIDTH="96" HEIGHT="21" WC="0.92" CONTENT="damälet"/><SP WIDTH="23" VPOS="505" HPOS="208"/>
							<String ID="string_78" HPOS="231" VPOS="505" WIDTH="124" HEIGHT="27" WC="0.92" CONTENT="disponibla"/><SP WIDTH="19" VPOS="505" HPOS="355"/>
							<String ID="string_79" HPOS="374" VPOS="512" WIDTH="107" HEIGHT="20" WC="0.96" CONTENT="summan,"/><SP WIDTH="16" VPOS="512" HPOS="481"/>
							<String ID="string_80" HPOS="497" VPOS="512" WIDTH="46" HEIGHT="14" WC="0.93" CONTENT="som"/><SP WIDTH="15" VPOS="512" HPOS="543"/>
							<String ID="string_81" HPOS="558" VPOS="505" WIDTH="65" HEIGHT="22" WC="0.92" CONTENT="ofvan"/><SP WIDTH="16" VPOS="505" HPOS="623"/>
							<String ID="string_82" HPOS="639" VPOS="505" WIDTH="110" HEIGHT="27" WC="0.92" CONTENT="angifvits,"/><SP WIDTH="16" VPOS="505" HPOS="749"/>
							<String ID="string_83" HPOS="765" VPOS="505" WIDTH="24" HEIGHT="21" WC="0.93" CONTENT="af"/><SP WIDTH="18" VPOS="505" HPOS="789"/>
							<String ID="string_84" HPOS="807" VPOS="505" WIDTH="63" HEIGHT="27" WC="0.92" CONTENT="högst"/>
						</TextLine>
						<TextLine ID="line_11" HPOS="114" VPOS="535" WIDTH="633" HEIGHT="32">
							<String ID="string_85" HPOS="114" VPOS="541" WIDTH="10" HEIGHT="20" WC="0.96" CONTENT="1"/><SP WIDTH="17" VPOS="541" HPOS="124"/>
							<String ID="string_86" HPOS="141" VPOS="539" WIDTH="76" HEIGHT="28" WC="0.93" CONTENT="miljon"/><SP WIDTH="18" VPOS="539" HPOS="217"/>
							<String ID="string_87" HPOS="235" VPOS="540" WIDTH="90" HEIGHT="25" WC="0.92" CONTENT="100,000"/><SP WIDTH="15" VPOS="540" HPOS="325"/>
							<String ID="string_88" HPOS="340" VPOS="539" WIDTH="43" HEIGHT="22" WC="0.96" CONTENT="mk."/><SP WIDTH="9" VPOS="539" HPOS="383"/>
							<String ID="string_89" HPOS="392" VPOS="540" WIDTH="17" HEIGHT="26" WC="0.84" CONTENT="3)"/>
						</TextLine>
					</TextBlock>
					<TextBlock ID="block_2" HPOS="110" VPOS="573" WIDTH="763" HEIGHT="785">
						<TextLine ID="line_12" HPOS="182" VPOS="573" WIDTH="688" HEIGHT="29">
							<String ID="string_90" HPOS="182" VPOS="573" WIDTH="59" HEIGHT="22" WC="0.92" CONTENT="Enär"/><SP WIDTH="12" VPOS="573" HPOS="241"/>
							<String ID="string_91" HPOS="253" VPOS="573" WIDTH="124" HEIGHT="22" WC="0.91" CONTENT="arkitekten"/><SP WIDTH="10" VPOS="573" HPOS="377"/>
							<String ID="string_92" HPOS="387" VPOS="573" WIDTH="101" HEIGHT="28" WC="0.93" CONTENT="Nyström"/><SP WIDTH="11" VPOS="573" HPOS="488"/>
							<String ID="string_93" HPOS="499" VPOS="573" WIDTH="116" HEIGHT="22" WC="0.92" CONTENT="imellertid"/><SP WIDTH="11" VPOS="573" HPOS="615"/>
							<String ID="string_94" HPOS="626" VPOS="573" WIDTH="55" HEIGHT="22" WC="0.93" CONTENT="efter"/><SP WIDTH="10" VPOS="573" HPOS="681"/>
							<String ID="string_95" HPOS="691" VPOS="573" WIDTH="92" HEIGHT="29" WC="0.92" CONTENT="förnyad"/><SP WIDTH="11" VPOS="573" HPOS="783"/>
							<String ID="string_96" HPOS="794" VPOS="573" WIDTH="76" HEIGHT="22" WC="0.92" CONTENT="beräk-"/>
						</TextLine>
						<TextLine ID="line_13" HPOS="114" VPOS="608" WIDTH="757" HEIGHT="28">
							<String ID="string_97" HPOS="114" VPOS="609" WIDTH="53" HEIGHT="26" WC="0.96" CONTENT="ning"/><SP WIDTH="16" VPOS="609" HPOS="167"/>
							<String ID="string_98" HPOS="183" VPOS="608" WIDTH="26" HEIGHT="22" WC="0.96" CONTENT="af"/><SP WIDTH="13" VPOS="608" HPOS="209"/>
							<String ID="string_99" HPOS="222" VPOS="609" WIDTH="42" HEIGHT="20" WC="0.93" CONTENT="den"/><SP WIDTH="16" VPOS="609" HPOS="264"/>
							<String ID="string_100" HPOS="280" VPOS="608" WIDTH="113" HEIGHT="28" WC="0.91" CONTENT="antagliga"/><SP WIDTH="15" VPOS="608" HPOS="393"/>
							<String ID="string_101" HPOS="408" VPOS="608" WIDTH="221" HEIGHT="28" WC="0.93" CONTENT="bygnadskostnaden"/><SP WIDTH="15" VPOS="608" HPOS="629"/>
							<String ID="string_102" HPOS="644" VPOS="608" WIDTH="34" HEIGHT="21" WC="0.96" CONTENT="för"/><SP WIDTH="14" VPOS="608" HPOS="678"/>
							<String ID="string_103" HPOS="692" VPOS="610" WIDTH="32" HEIGHT="19" WC="0.93" CONTENT="ett"/><SP WIDTH="10" VPOS="610" HPOS="724"/>
							<String ID="string_104" HPOS="734" VPOS="608" WIDTH="137" HEIGHT="25" WC="0.91" CONTENT="ständerhus,"/>
						</TextLine>
						<TextLine ID="line_14" HPOS="113" VPOS="642" WIDTH="757" HEIGHT="28">
							<String ID="string_105" HPOS="113" VPOS="642" WIDTH="105" HEIGHT="28" WC="0.92" CONTENT="uppfördt"/><SP WIDTH="15" VPOS="642" HPOS="218"/>
							<String ID="string_106" HPOS="233" VPOS="643" WIDTH="7" HEIGHT="20" WC="0.96" CONTENT="i"/><SP WIDTH="16" VPOS="643" HPOS="240"/>
							<String ID="string_107" HPOS="256" VPOS="643" WIDTH="110" HEIGHT="21" WC="0.91" CONTENT="närmaste"/><SP WIDTH="19" VPOS="643" HPOS="366"/>
							<String ID="string_108" HPOS="385" VPOS="642" WIDTH="225" HEIGHT="23" WC="0.91" CONTENT="öfverensstämmelse"/><SP WIDTH="22" VPOS="642" HPOS="610"/>
							<String ID="string_109" HPOS="632" VPOS="643" WIDTH="49" HEIGHT="21" WC="0.96" CONTENT="med"/><SP WIDTH="21" VPOS="643" HPOS="681"/>
							<String ID="string_110" HPOS="702" VPOS="644" WIDTH="26" HEIGHT="20" WC="0.95" CONTENT="de"/><SP WIDTH="20" VPOS="644" HPOS="728"/>
							<String ID="string_111" HPOS="748" VPOS="642" WIDTH="25" HEIGHT="22" WC="0.95" CONTENT="af"/><SP WIDTH="17" VPOS="642" HPOS="773"/>
							<String ID="string_112" HPOS="790" VPOS="642" WIDTH="80" HEIGHT="21" WC="0.96" CONTENT="honom"/>
						</TextLine>
						<TextLine ID="line_15" HPOS="114" VPOS="676" WIDTH="757" HEIGHT="29">
							<String ID="string_113" HPOS="114" VPOS="677" WIDTH="129" HEIGHT="28" WC="0.91" CONTENT="inlemnade,"/><SP WIDTH="16" VPOS="677" HPOS="243"/>
							<String ID="string_114" HPOS="259" VPOS="676" WIDTH="163" HEIGHT="22" WC="0.91" CONTENT="ofvannämnda"/><SP WIDTH="15" VPOS="676" HPOS="422"/>
							<String ID="string_115" HPOS="437" VPOS="677" WIDTH="141" HEIGHT="27" WC="0.92" CONTENT="ritningarne,"/><SP WIDTH="16" VPOS="677" HPOS="578"/>
							<String ID="string_116" HPOS="594" VPOS="676" WIDTH="91" HEIGHT="22" WC="0.96" CONTENT="kommit"/><SP WIDTH="16" VPOS="676" HPOS="685"/>
							<String ID="string_117" HPOS="701" VPOS="677" WIDTH="32" HEIGHT="21" WC="0.97" CONTENT="till"/><SP WIDTH="16" VPOS="677" HPOS="733"/>
							<String ID="string_118" HPOS="749" VPOS="678" WIDTH="42" HEIGHT="20" WC="0.93" CONTENT="den"/><SP WIDTH="11" VPOS="678" HPOS="791"/>
							<String ID="string_119" HPOS="802" VPOS="676" WIDTH="69" HEIGHT="23" WC="0.90" CONTENT="öfver-"/>
						</TextLine>
						<TextLine ID="line_16" HPOS="112" VPOS="711" WIDTH="759" HEIGHT="29">
							<String ID="string_120" HPOS="112" VPOS="712" WIDTH="89" HEIGHT="28" WC="0.92" CONTENT="tygelse,"/><SP WIDTH="16" VPOS="712" HPOS="201"/>
							<String ID="string_121" HPOS="217" VPOS="714" WIDTH="33" HEIGHT="19" WC="0.93" CONTENT="att"/><SP WIDTH="15" VPOS="714" HPOS="250"/>
							<String ID="string_122" HPOS="265" VPOS="712" WIDTH="64" HEIGHT="21" WC="0.93" CONTENT="huset"/><SP WIDTH="14" VPOS="712" HPOS="329"/>
							<String ID="string_123" HPOS="343" VPOS="711" WIDTH="49" HEIGHT="22" WC="0.92" CONTENT="icke"/><SP WIDTH="15" VPOS="711" HPOS="392"/>
							<String ID="string_124" HPOS="407" VPOS="711" WIDTH="73" HEIGHT="21" WC="0.93" CONTENT="kunde"/><SP WIDTH="16" VPOS="711" HPOS="480"/>
							<String ID="string_125" HPOS="496" VPOS="711" WIDTH="83" HEIGHT="22" WC="0.92" CONTENT="utföras"/><SP WIDTH="15" VPOS="711" HPOS="579"/>
							<String ID="string_126" HPOS="594" VPOS="711" WIDTH="35" HEIGHT="21" WC="0.96" CONTENT="för"/><SP WIDTH="15" VPOS="711" HPOS="629"/>
							<String ID="string_127" HPOS="644" VPOS="712" WIDTH="41" HEIGHT="20" WC="0.93" CONTENT="den"/><SP WIDTH="17" VPOS="712" HPOS="685"/>
							<String ID="string_128" HPOS="702" VPOS="711" WIDTH="123" HEIGHT="27" WC="0.88" CONTENT="disponibla"/><SP WIDTH="10" VPOS="711" HPOS="825"/>
							<String ID="string_129" HPOS="835" VPOS="718" WIDTH="36" HEIGHT="15" WC="0.93" CONTENT="an-"/>
						</TextLine>
						<TextLine ID="line_17" HPOS="114" VPOS="746" WIDTH="757" HEIGHT="28">
							<String ID="string_130" HPOS="114" VPOS="746" WIDTH="163" HEIGHT="27" WC="0.92" CONTENT="slagssumman,"/><SP WIDTH="17" VPOS="746" HPOS="277"/>
							<String ID="string_131" HPOS="294" VPOS="748" WIDTH="53" HEIGHT="19" WC="0.96" CONTENT="utan"/><SP WIDTH="16" VPOS="748" HPOS="347"/>
							<String ID="string_132" HPOS="363" VPOS="747" WIDTH="73" HEIGHT="20" WC="0.93" CONTENT="denna"/><SP WIDTH="16" VPOS="747" HPOS="436"/>
							<String ID="string_133" HPOS="452" VPOS="747" WIDTH="94" HEIGHT="20" WC="0.92" CONTENT="tvärtom"/><SP WIDTH="15" VPOS="747" HPOS="546"/>
							<String ID="string_134" HPOS="561" VPOS="746" WIDTH="70" HEIGHT="21" WC="0.96" CONTENT="skulle"/><SP WIDTH="15" VPOS="746" HPOS="631"/>
							<String ID="string_135" HPOS="646" VPOS="746" WIDTH="87" HEIGHT="21" WC="0.96" CONTENT="komma"/><SP WIDTH="15" VPOS="746" HPOS="733"/>
							<String ID="string_136" HPOS="748" VPOS="748" WIDTH="33" HEIGHT="19" WC="0.93" CONTENT="att"/><SP WIDTH="16" VPOS="748" HPOS="781"/>
							<String ID="string_137" HPOS="797" VPOS="746" WIDTH="74" HEIGHT="28" WC="0.89" CONTENT="betyd-"/>
						</TextLine>
						<TextLine ID="line_18" HPOS="113" VPOS="780" WIDTH="758" HEIGHT="28">
							<String ID="string_138" HPOS="113" VPOS="780" WIDTH="40" HEIGHT="28" WC="0.92" CONTENT="ligt"/><SP WIDTH="15" VPOS="780" HPOS="153"/>
							<String ID="string_139" HPOS="168" VPOS="780" WIDTH="152" HEIGHT="26" WC="0.92" CONTENT="öfverskridas,"/><SP WIDTH="15" VPOS="780" HPOS="320"/>
							<String ID="string_140" HPOS="335" VPOS="780" WIDTH="41" HEIGHT="22" WC="0.97" CONTENT="och"/><SP WIDTH="16" VPOS="780" HPOS="376"/>
							<String ID="string_141" HPOS="392" VPOS="781" WIDTH="68" HEIGHT="20" WC="0.93" CONTENT="sedan"/><SP WIDTH="15" VPOS="781" HPOS="460"/>
							<String ID="string_142" HPOS="475" VPOS="780" WIDTH="153" HEIGHT="28" WC="0.92" CONTENT="delegationen"/><SP WIDTH="14" VPOS="780" HPOS="628"/>
							<String ID="string_143" HPOS="642" VPOS="780" WIDTH="8" HEIGHT="21" WC="0.96" CONTENT="i"/><SP WIDTH="15" VPOS="780" HPOS="650"/>
							<String ID="string_144" HPOS="665" VPOS="780" WIDTH="93" HEIGHT="22" WC="0.93" CONTENT="särskild"/><SP WIDTH="15" VPOS="780" HPOS="758"/>
							<String ID="string_145" HPOS="773" VPOS="780" WIDTH="98" HEIGHT="22" WC="0.92" CONTENT="skrifvel-"/>
						</TextLine>
						<TextLine ID="line_19" HPOS="113" VPOS="814" WIDTH="758" HEIGHT="28">
							<String ID="string_146" HPOS="113" VPOS="822" WIDTH="23" HEIGHT="14" WC="0.82" CONTENT="se"/><SP WIDTH="9" VPOS="822" HPOS="136"/>
							<String ID="string_147" HPOS="145" VPOS="815" WIDTH="18" HEIGHT="27" WC="0.81" CONTENT="*)"/><SP WIDTH="11" VPOS="815" HPOS="163"/>
							<String ID="string_148" HPOS="174" VPOS="814" WIDTH="25" HEIGHT="22" WC="0.96" CONTENT="af"/><SP WIDTH="12" VPOS="814" HPOS="199"/>
							<String ID="string_149" HPOS="211" VPOS="814" WIDTH="80" HEIGHT="22" WC="0.93" CONTENT="honom"/><SP WIDTH="16" VPOS="814" HPOS="291"/>
							<String ID="string_150" HPOS="307" VPOS="814" WIDTH="70" HEIGHT="22" WC="0.95" CONTENT="blifvit"/><SP WIDTH="15" VPOS="814" HPOS="377"/>
							<String ID="string_151" HPOS="392" VPOS="814" WIDTH="75" HEIGHT="22" WC="0.96" CONTENT="härom"/><SP WIDTH="11" VPOS="814" HPOS="467"/>
							<String ID="string_152" HPOS="478" VPOS="816" WIDTH="150" HEIGHT="24" WC="0.96" CONTENT="underrättad,"/><SP WIDTH="11" VPOS="816" HPOS="628"/>
							<String ID="string_153" HPOS="639" VPOS="814" WIDTH="70" HEIGHT="22" WC="0.93" CONTENT="beslöt"/><SP WIDTH="10" VPOS="814" HPOS="709"/>
							<String ID="string_154" HPOS="719" VPOS="814" WIDTH="152" HEIGHT="28" WC="0.96" CONTENT="delegationen"/>
						</TextLine>
						<TextLine ID="line_20" HPOS="114" VPOS="849" WIDTH="757" HEIGHT="26">
							<String ID="string_155" HPOS="114" VPOS="852" WIDTH="33" HEIGHT="18" WC="0.93" CONTENT="att"/><SP WIDTH="14" VPOS="852" HPOS="147"/>
							<String ID="string_156" HPOS="161" VPOS="851" WIDTH="48" HEIGHT="19" WC="0.92" CONTENT="utse"/><SP WIDTH="16" VPOS="851" HPOS="209"/>
							<String ID="string_157" HPOS="225" VPOS="856" WIDTH="27" HEIGHT="14" WC="0.96" CONTENT="en"/><SP WIDTH="15" VPOS="856" HPOS="252"/>
							<String ID="string_158" HPOS="267" VPOS="849" WIDTH="119" HEIGHT="21" WC="0.96" CONTENT="komission"/><SP WIDTH="16" VPOS="849" HPOS="386"/>
							<String ID="string_159" HPOS="402" VPOS="849" WIDTH="25" HEIGHT="22" WC="0.96" CONTENT="af"/><SP WIDTH="18" VPOS="849" HPOS="427"/>
							<String ID="string_160" HPOS="445" VPOS="852" WIDTH="33" HEIGHT="18" WC="0.96" CONTENT="tre"/><SP WIDTH="16" VPOS="852" HPOS="478"/>
							<String ID="string_161" HPOS="494" VPOS="849" WIDTH="148" HEIGHT="26" WC="0.95" CONTENT="medlemmar,"/><SP WIDTH="17" VPOS="849" HPOS="642"/>
							<String ID="string_162" HPOS="659" VPOS="856" WIDTH="46" HEIGHT="14" WC="0.96" CONTENT="som"/><SP WIDTH="23" VPOS="856" HPOS="705"/>
							<String ID="string_163" HPOS="728" VPOS="849" WIDTH="143" HEIGHT="22" WC="0.96" CONTENT="tillsammans"/>
						</TextLine>
						<TextLine ID="line_21" HPOS="113" VPOS="883" WIDTH="758" HEIGHT="28">
							<String ID="string_164" HPOS="113" VPOS="885" WIDTH="50" HEIGHT="20" WC="0.91" CONTENT="med"/><SP WIDTH="15" VPOS="885" HPOS="163"/>
							<String ID="string_165" HPOS="178" VPOS="883" WIDTH="123" HEIGHT="22" WC="0.92" CONTENT="arkitekten"/><SP WIDTH="16" VPOS="883" HPOS="301"/>
							<String ID="string_166" HPOS="317" VPOS="884" WIDTH="101" HEIGHT="27" WC="0.96" CONTENT="Nyström"/><SP WIDTH="15" VPOS="884" HPOS="418"/>
							<String ID="string_167" HPOS="433" VPOS="884" WIDTH="57" HEIGHT="21" WC="0.96" CONTENT="hade"/><SP WIDTH="15" VPOS="884" HPOS="490"/>
							<String ID="string_168" HPOS="505" VPOS="886" WIDTH="33" HEIGHT="19" WC="0.96" CONTENT="att"/><SP WIDTH="18" VPOS="886" HPOS="538"/>
							<String ID="string_169" HPOS="556" VPOS="884" WIDTH="59" HEIGHT="20" WC="0.93" CONTENT="inom"/><SP WIDTH="15" VPOS="884" HPOS="615"/>
							<String ID="string_170" HPOS="630" VPOS="883" WIDTH="85" HEIGHT="22" WC="0.92" CONTENT="kortast"/><SP WIDTH="19" VPOS="883" HPOS="715"/>
							<String ID="string_171" HPOS="734" VPOS="883" WIDTH="89" HEIGHT="28" WC="0.92" CONTENT="möjliga"/><SP WIDTH="16" VPOS="883" HPOS="823"/>
							<String ID="string_172" HPOS="839" VPOS="884" WIDTH="32" HEIGHT="21" WC="0.96" CONTENT="tid"/>
						</TextLine>
						<TextLine ID="line_22" HPOS="113" VPOS="918" WIDTH="759" HEIGHT="28">
							<String ID="string_173" HPOS="113" VPOS="918" WIDTH="101" HEIGHT="22" WC="0.95" CONTENT="utarbeta"/><SP WIDTH="15" VPOS="918" HPOS="214"/>
							<String ID="string_174" HPOS="229" VPOS="920" WIDTH="31" HEIGHT="19" WC="0.96" CONTENT="ett"/><SP WIDTH="15" VPOS="920" HPOS="260"/>
							<String ID="string_175" HPOS="275" VPOS="920" WIDTH="48" HEIGHT="26" WC="0.96" CONTENT="nytt"/><SP WIDTH="15" VPOS="920" HPOS="323"/>
							<String ID="string_176" HPOS="338" VPOS="918" WIDTH="81" HEIGHT="28" WC="0.93" CONTENT="förslag"/><SP WIDTH="9" VPOS="918" HPOS="419"/>
							<String ID="string_177" HPOS="428" VPOS="918" WIDTH="83" HEIGHT="22" WC="0.92" CONTENT="hvilket"/><SP WIDTH="12" VPOS="918" HPOS="511"/>
							<String ID="string_178" HPOS="523" VPOS="918" WIDTH="135" HEIGHT="22" WC="0.93" CONTENT="beträffande"/><SP WIDTH="11" VPOS="918" HPOS="658"/>
							<String ID="string_179" HPOS="669" VPOS="918" WIDTH="18" HEIGHT="28" WC="0.93" CONTENT="ej"/><SP WIDTH="12" VPOS="918" HPOS="687"/>
							<String ID="string_180" HPOS="699" VPOS="918" WIDTH="84" HEIGHT="22" WC="0.93" CONTENT="mindre"/><SP WIDTH="10" VPOS="918" HPOS="783"/>
							<String ID="string_181" HPOS="793" VPOS="918" WIDTH="79" HEIGHT="28" WC="0.93" CONTENT="själfva"/>
						</TextLine>
						<TextLine ID="line_23" HPOS="113" VPOS="952" WIDTH="757" HEIGHT="28">
							<String ID="string_182" HPOS="113" VPOS="952" WIDTH="74" HEIGHT="22" WC="0.93" CONTENT="husets"/><SP WIDTH="16" VPOS="952" HPOS="187"/>
							<String ID="string_183" HPOS="203" VPOS="952" WIDTH="142" HEIGHT="28" WC="0.91" CONTENT="förläggande"/><SP WIDTH="16" VPOS="952" HPOS="345"/>
							<String ID="string_184" HPOS="361" VPOS="953" WIDTH="12" HEIGHT="21" WC="0.92" CONTENT="å"/><SP WIDTH="16" VPOS="953" HPOS="373"/>
							<String ID="string_185" HPOS="389" VPOS="955" WIDTH="83" HEIGHT="19" WC="0.96" CONTENT="tomten"/><SP WIDTH="16" VPOS="955" HPOS="472"/>
							<String ID="string_186" HPOS="488" VPOS="954" WIDTH="29" HEIGHT="20" WC="0.96" CONTENT="än"/><SP WIDTH="16" VPOS="954" HPOS="517"/>
							<String ID="string_187" HPOS="533" VPOS="954" WIDTH="26" HEIGHT="20" WC="0.92" CONTENT="de"/><SP WIDTH="16" VPOS="954" HPOS="559"/>
							<String ID="string_188" HPOS="575" VPOS="952" WIDTH="71" HEIGHT="22" WC="0.93" CONTENT="skilda"/><SP WIDTH="16" VPOS="952" HPOS="646"/>
							<String ID="string_189" HPOS="662" VPOS="952" WIDTH="122" HEIGHT="22" WC="0.91" CONTENT="lokalernas"/><SP WIDTH="16" VPOS="952" HPOS="784"/>
							<String ID="string_190" HPOS="800" VPOS="952" WIDTH="70" HEIGHT="28" WC="0.92" CONTENT="place-"/>
						</TextLine>
						<TextLine ID="line_24" HPOS="113" VPOS="986" WIDTH="759" HEIGHT="29">
							<String ID="string_191" HPOS="113" VPOS="988" WIDTH="68" HEIGHT="20" WC="0.92" CONTENT="rande"/><SP WIDTH="15" VPOS="988" HPOS="181"/>
							<String ID="string_192" HPOS="196" VPOS="987" WIDTH="7" HEIGHT="21" WC="0.96" CONTENT="i"/><SP WIDTH="16" VPOS="987" HPOS="203"/>
							<String ID="string_193" HPOS="219" VPOS="988" WIDTH="27" HEIGHT="20" WC="0.96" CONTENT="de"/><SP WIDTH="15" VPOS="988" HPOS="246"/>
							<String ID="string_194" HPOS="261" VPOS="986" WIDTH="58" HEIGHT="22" WC="0.93" CONTENT="olika"/><SP WIDTH="16" VPOS="986" HPOS="319"/>
							<String ID="string_195" HPOS="335" VPOS="987" WIDTH="135" HEIGHT="27" WC="0.92" CONTENT="väningarna"/><SP WIDTH="15" VPOS="987" HPOS="470"/>
							<String ID="string_196" HPOS="485" VPOS="987" WIDTH="112" HEIGHT="22" WC="0.92" CONTENT="äfvensom"/><SP WIDTH="15" VPOS="987" HPOS="597"/>
							<String ID="string_197" HPOS="612" VPOS="988" WIDTH="71" HEIGHT="20" WC="0.96" CONTENT="andra"/><SP WIDTH="14" VPOS="988" HPOS="683"/>
							<String ID="string_198" HPOS="697" VPOS="990" WIDTH="56" HEIGHT="25" WC="0.96" CONTENT="yttre"/><SP WIDTH="16" VPOS="990" HPOS="753"/>
							<String ID="string_199" HPOS="769" VPOS="987" WIDTH="41" HEIGHT="21" WC="0.93" CONTENT="och"/><SP WIDTH="15" VPOS="987" HPOS="810"/>
							<String ID="string_200" HPOS="825" VPOS="987" WIDTH="47" HEIGHT="21" WC="0.90" CONTENT="inre"/>
						</TextLine>
						<TextLine ID="line_25" HPOS="113" VPOS="1021" WIDTH="758" HEIGHT="28">
							<String ID="string_201" HPOS="113" VPOS="1021" WIDTH="148" HEIGHT="28" WC="0.92" CONTENT="anordningar"/><SP WIDTH="23" VPOS="1021" HPOS="261"/>
							<String ID="string_202" HPOS="284" VPOS="1021" WIDTH="71" HEIGHT="21" WC="0.95" CONTENT="skulle"/><SP WIDTH="18" VPOS="1021" HPOS="355"/>
							<String ID="string_203" HPOS="373" VPOS="1021" WIDTH="7" HEIGHT="21" WC="0.96" CONTENT="i"/><SP WIDTH="18" VPOS="1021" HPOS="380"/>
							<String ID="string_204" HPOS="398" VPOS="1021" WIDTH="25" HEIGHT="21" WC="0.92" CONTENT="sä"/><SP WIDTH="18" VPOS="1021" HPOS="423"/>
							<String ID="string_205" HPOS="441" VPOS="1021" WIDTH="68" HEIGHT="21" WC="0.90" CONTENT="mätto"/><SP WIDTH="23" VPOS="1021" HPOS="509"/>
							<String ID="string_206" HPOS="532" VPOS="1021" WIDTH="117" HEIGHT="26" WC="0.90" CONTENT="förenklas,"/><SP WIDTH="16" VPOS="1021" HPOS="649"/>
							<String ID="string_207" HPOS="665" VPOS="1024" WIDTH="32" HEIGHT="19" WC="0.93" CONTENT="att"/><SP WIDTH="23" VPOS="1024" HPOS="697"/>
							<String ID="string_208" HPOS="720" VPOS="1021" WIDTH="151" HEIGHT="27" WC="0.88" CONTENT="delegationen"/>
						</TextLine>
						<TextLine ID="line_26" HPOS="113" VPOS="1055" WIDTH="760" HEIGHT="27">
							<String ID="string_209" HPOS="113" VPOS="1055" WIDTH="73" HEIGHT="22" WC="0.93" CONTENT="kunde"/><SP WIDTH="17" VPOS="1055" HPOS="186"/>
							<String ID="string_210" HPOS="203" VPOS="1055" WIDTH="65" HEIGHT="22" WC="0.91" CONTENT="blifva"/><SP WIDTH="15" VPOS="1055" HPOS="268"/>
							<String ID="string_211" HPOS="283" VPOS="1055" WIDTH="50" HEIGHT="21" WC="0.91" CONTENT="fullt"/><SP WIDTH="14" VPOS="1055" HPOS="333"/>
							<String ID="string_212" HPOS="347" VPOS="1055" WIDTH="113" HEIGHT="26" WC="0.92" CONTENT="förvissad,"/><SP WIDTH="17" VPOS="1055" HPOS="460"/>
							<String ID="string_213" HPOS="477" VPOS="1058" WIDTH="33" HEIGHT="19" WC="0.93" CONTENT="att"/><SP WIDTH="15" VPOS="1058" HPOS="510"/>
							<String ID="string_214" HPOS="525" VPOS="1055" WIDTH="63" HEIGHT="23" WC="0.93" CONTENT="huset"/><SP WIDTH="16" VPOS="1055" HPOS="588"/>
							<String ID="string_215" HPOS="604" VPOS="1063" WIDTH="38" HEIGHT="14" WC="0.94" CONTENT="var"/><SP WIDTH="11" VPOS="1063" HPOS="642"/>
							<String ID="string_216" HPOS="653" VPOS="1055" WIDTH="32" HEIGHT="22" WC="0.94" CONTENT="för"/><SP WIDTH="11" VPOS="1055" HPOS="685"/>
							<String ID="string_217" HPOS="696" VPOS="1057" WIDTH="42" HEIGHT="20" WC="0.93" CONTENT="den"/><SP WIDTH="11" VPOS="1057" HPOS="738"/>
							<String ID="string_218" HPOS="749" VPOS="1055" WIDTH="124" HEIGHT="27" WC="0.91" CONTENT="disponibla"/>
						</TextLine>
						<TextLine ID="line_27" HPOS="113" VPOS="1089" WIDTH="759" HEIGHT="28">
							<String ID="string_219" HPOS="113" VPOS="1090" WIDTH="188" HEIGHT="27" WC="0.91" CONTENT="anslagssumman"/><SP WIDTH="18" VPOS="1090" HPOS="301"/>
							<String ID="string_220" HPOS="319" VPOS="1089" WIDTH="114" HEIGHT="22" WC="0.92" CONTENT="utförbart."/><SP WIDTH="25" VPOS="1089" HPOS="433"/>
							<String ID="string_221" HPOS="458" VPOS="1090" WIDTH="72" HEIGHT="21" WC="0.96" CONTENT="Sedan"/><SP WIDTH="11" VPOS="1090" HPOS="530"/>
							<String ID="string_222" HPOS="541" VPOS="1091" WIDTH="73" HEIGHT="20" WC="0.93" CONTENT="denna"/><SP WIDTH="10" VPOS="1091" HPOS="614"/>
							<String ID="string_223" HPOS="624" VPOS="1090" WIDTH="139" HEIGHT="21" WC="0.92" CONTENT="kommission"/><SP WIDTH="11" VPOS="1090" HPOS="763"/>
							<String ID="string_224" HPOS="774" VPOS="1089" WIDTH="98" HEIGHT="28" WC="0.89" CONTENT="fullgjort"/>
						</TextLine>
						<TextLine ID="line_28" HPOS="114" VPOS="1124" WIDTH="757" HEIGHT="28">
							<String ID="string_225" HPOS="114" VPOS="1125" WIDTH="37" HEIGHT="21" WC="0.93" CONTENT="sitt"/><SP WIDTH="16" VPOS="1125" HPOS="151"/>
							<String ID="string_226" HPOS="167" VPOS="1125" WIDTH="106" HEIGHT="27" WC="0.89" CONTENT="uppdrag,"/><SP WIDTH="16" VPOS="1125" HPOS="273"/>
							<String ID="string_227" HPOS="289" VPOS="1124" WIDTH="68" HEIGHT="21" WC="0.91" CONTENT="erhöll"/><SP WIDTH="20" VPOS="1124" HPOS="357"/>
							<String ID="string_228" HPOS="377" VPOS="1125" WIDTH="152" HEIGHT="27" WC="0.92" CONTENT="delegationen"/><SP WIDTH="16" VPOS="1125" HPOS="529"/>
							<String ID="string_229" HPOS="545" VPOS="1125" WIDTH="37" HEIGHT="21" WC="0.91" CONTENT="vid"/><SP WIDTH="20" VPOS="1125" HPOS="582"/>
							<String ID="string_230" HPOS="602" VPOS="1125" WIDTH="147" HEIGHT="27" WC="0.91" CONTENT="nästföljande"/><SP WIDTH="15" VPOS="1125" HPOS="749"/>
							<String ID="string_231" HPOS="764" VPOS="1131" WIDTH="107" HEIGHT="15" WC="0.89" CONTENT="samman-"/>
						</TextLine>
						<TextLine ID="line_29" HPOS="114" VPOS="1159" WIDTH="757" HEIGHT="26">
							<String ID="string_232" HPOS="114" VPOS="1160" WIDTH="62" HEIGHT="21" WC="0.96" CONTENT="träde"/><SP WIDTH="26" VPOS="1160" HPOS="176"/>
							<String ID="string_233" HPOS="202" VPOS="1159" WIDTH="35" HEIGHT="22" WC="0.96" CONTENT="del"/><SP WIDTH="28" VPOS="1159" HPOS="237"/>
							<String ID="string_234" HPOS="265" VPOS="1159" WIDTH="24" HEIGHT="22" WC="0.96" CONTENT="af"/><SP WIDTH="28" VPOS="1159" HPOS="289"/>
							<String ID="string_235" HPOS="317" VPOS="1160" WIDTH="37" HEIGHT="21" WC="0.96" CONTENT="det"/><SP WIDTH="22" VPOS="1160" HPOS="354"/>
							<String ID="string_236" HPOS="376" VPOS="1159" WIDTH="98" HEIGHT="26" WC="0.93" CONTENT="resultat,"/><SP WIDTH="24" VPOS="1159" HPOS="474"/>
							<String ID="string_237" HPOS="498" VPOS="1159" WIDTH="88" HEIGHT="22" WC="0.92" CONTENT="hvartill"/><SP WIDTH="22" VPOS="1159" HPOS="586"/>
							<String ID="string_238" HPOS="608" VPOS="1159" WIDTH="146" HEIGHT="22" WC="0.92" CONTENT="komissionen"/><SP WIDTH="21" VPOS="1159" HPOS="754"/>
							<String ID="string_239" HPOS="775" VPOS="1159" WIDTH="96" HEIGHT="25" WC="0.96" CONTENT="kommit,"/>
						</TextLine>
						<TextLine ID="line_30" HPOS="110" VPOS="1192" WIDTH="762" HEIGHT="29">
							<String ID="string_240" HPOS="110" VPOS="1194" WIDTH="72" HEIGHT="27" WC="0.96" CONTENT="jämte"/><SP WIDTH="22" VPOS="1194" HPOS="182"/>
							<String ID="string_241" HPOS="204" VPOS="1201" WIDTH="43" HEIGHT="20" WC="0.92" CONTENT="nya"/><SP WIDTH="22" VPOS="1201" HPOS="247"/>
							<String ID="string_242" HPOS="269" VPOS="1193" WIDTH="198" HEIGHT="28" WC="0.79" CONTENT="eskissteckningar"/><SP WIDTH="15" VPOS="1193" HPOS="467"/>
							<String ID="string_243" HPOS="482" VPOS="1193" WIDTH="25" HEIGHT="22" WC="0.93" CONTENT="af"/><SP WIDTH="12" VPOS="1193" HPOS="507"/>
							<String ID="string_244" HPOS="519" VPOS="1193" WIDTH="124" HEIGHT="22" WC="0.96" CONTENT="arkitekten"/><SP WIDTH="18" VPOS="1193" HPOS="643"/>
							<String ID="string_245" HPOS="661" VPOS="1193" WIDTH="100" HEIGHT="28" WC="0.93" CONTENT="Nyström"/><SP WIDTH="19" VPOS="1193" HPOS="761"/>
							<String ID="string_246" HPOS="780" VPOS="1192" WIDTH="92" HEIGHT="29" WC="0.91" CONTENT="ätföljda"/>
						</TextLine>
						<TextLine ID="line_31" HPOS="113" VPOS="1227" WIDTH="758" HEIGHT="29">
							<String ID="string_247" HPOS="113" VPOS="1228" WIDTH="25" HEIGHT="22" WC="0.96" CONTENT="af"/><SP WIDTH="13" VPOS="1228" HPOS="138"/>
							<String ID="string_248" HPOS="151" VPOS="1235" WIDTH="27" HEIGHT="14" WC="0.93" CONTENT="en"/><SP WIDTH="8" VPOS="1235" HPOS="178"/>
							<String ID="string_249" HPOS="186" VPOS="1228" WIDTH="118" HEIGHT="26" WC="0.92" CONTENT="skrifvelse,"/><SP WIDTH="9" VPOS="1228" HPOS="304"/>
							<String ID="string_250" HPOS="313" VPOS="1230" WIDTH="32" HEIGHT="19" WC="0.93" CONTENT="ett"/><SP WIDTH="10" VPOS="1230" HPOS="345"/>
							<String ID="string_251" HPOS="355" VPOS="1228" WIDTH="24" HEIGHT="21" WC="0.96" CONTENT="af"/><SP WIDTH="9" VPOS="1228" HPOS="379"/>
							<String ID="string_252" HPOS="388" VPOS="1228" WIDTH="80" HEIGHT="21" WC="0.93" CONTENT="honom"/><SP WIDTH="11" VPOS="1228" HPOS="468"/>
							<String ID="string_253" HPOS="479" VPOS="1229" WIDTH="130" HEIGHT="27" WC="0.92" CONTENT="upprättadt"/><SP WIDTH="11" VPOS="1229" HPOS="609"/>
							<String ID="string_254" HPOS="620" VPOS="1230" WIDTH="48" HEIGHT="25" WC="0.93" CONTENT="nytt"/><SP WIDTH="10" VPOS="1230" HPOS="668"/>
							<String ID="string_255" HPOS="678" VPOS="1227" WIDTH="193" HEIGHT="27" WC="0.91" CONTENT="kostnadsförslag,"/>
						</TextLine>
						<TextLine ID="line_32" HPOS="112" VPOS="1262" WIDTH="761" HEIGHT="28">
							<String ID="string_256" HPOS="112" VPOS="1262" WIDTH="103" HEIGHT="22" WC="0.93" CONTENT="slutande"/><SP WIDTH="14" VPOS="1262" HPOS="215"/>
							<String ID="string_257" HPOS="229" VPOS="1262" WIDTH="32" HEIGHT="28" WC="0.93" CONTENT="sig"/><SP WIDTH="16" VPOS="1262" HPOS="261"/>
							<String ID="string_258" HPOS="277" VPOS="1263" WIDTH="13" HEIGHT="20" WC="0.89" CONTENT="ä"/><SP WIDTH="15" VPOS="1263" HPOS="290"/>
							<String ID="string_259" HPOS="305" VPOS="1263" WIDTH="114" HEIGHT="27" WC="0.91" CONTENT="1,050,000"/><SP WIDTH="16" VPOS="1263" HPOS="419"/>
							<String ID="string_260" HPOS="435" VPOS="1263" WIDTH="67" HEIGHT="27" WC="0.96" CONTENT="mark,"/><SP WIDTH="17" VPOS="1263" HPOS="502"/>
							<String ID="string_261" HPOS="519" VPOS="1263" WIDTH="41" HEIGHT="21" WC="0.96" CONTENT="och"/><SP WIDTH="14" VPOS="1263" HPOS="560"/>
							<String ID="string_262" HPOS="574" VPOS="1265" WIDTH="30" HEIGHT="19" WC="0.96" CONTENT="ett"/><SP WIDTH="10" VPOS="1265" HPOS="604"/>
							<String ID="string_263" HPOS="614" VPOS="1262" WIDTH="26" HEIGHT="22" WC="0.93" CONTENT="af"/><SP WIDTH="8" VPOS="1262" HPOS="640"/>
							<String ID="string_264" HPOS="648" VPOS="1262" WIDTH="225" HEIGHT="28" WC="0.88" CONTENT="byggnadsentrepre-"/>
						</TextLine>
						<TextLine ID="line_33" HPOS="113" VPOS="1296" WIDTH="758" HEIGHT="28">
							<String ID="string_265" HPOS="113" VPOS="1298" WIDTH="67" HEIGHT="20" WC="0.92" CONTENT="nören"/><SP WIDTH="16" VPOS="1298" HPOS="180"/>
							<String ID="string_266" HPOS="196" VPOS="1297" WIDTH="99" HEIGHT="22" WC="0.91" CONTENT="Sivenius"/><SP WIDTH="16" VPOS="1297" HPOS="295"/>
							<String ID="string_267" HPOS="311" VPOS="1297" WIDTH="122" HEIGHT="22" WC="0.92" CONTENT="inlemnadt"/><SP WIDTH="15" VPOS="1297" HPOS="433"/>
							<String ID="string_268" HPOS="448" VPOS="1297" WIDTH="104" HEIGHT="27" WC="0.92" CONTENT="skriftligt"/><SP WIDTH="16" VPOS="1297" HPOS="552"/>
							<String ID="string_269" HPOS="568" VPOS="1297" WIDTH="80" HEIGHT="25" WC="0.95" CONTENT="anbud,"/><SP WIDTH="17" VPOS="1297" HPOS="648"/>
							<String ID="string_270" HPOS="665" VPOS="1297" WIDTH="8" HEIGHT="21" WC="0.93" CONTENT="i"/><SP WIDTH="15" VPOS="1297" HPOS="673"/>
							<String ID="string_271" HPOS="688" VPOS="1297" WIDTH="82" HEIGHT="22" WC="0.93" CONTENT="hvilket"/><SP WIDTH="15" VPOS="1297" HPOS="770"/>
							<String ID="string_272" HPOS="785" VPOS="1296" WIDTH="44" HEIGHT="22" WC="0.93" CONTENT="han"/><SP WIDTH="11" VPOS="1296" HPOS="829"/>
							<String ID="string_273" HPOS="840" VPOS="1303" WIDTH="31" HEIGHT="14" WC="0.91" CONTENT="er-"/>
						</TextLine>
						<TextLine ID="line_34" HPOS="113" VPOS="1330" WIDTH="759" HEIGHT="28">
							<String ID="string_274" HPOS="113" VPOS="1331" WIDTH="78" HEIGHT="27" WC="0.96" CONTENT="bjuder"/><SP WIDTH="14" VPOS="1331" HPOS="191"/>
							<String ID="string_275" HPOS="205" VPOS="1331" WIDTH="32" HEIGHT="27" WC="0.96" CONTENT="sig"/><SP WIDTH="15" VPOS="1331" HPOS="237"/>
							<String ID="string_276" HPOS="252" VPOS="1333" WIDTH="33" HEIGHT="19" WC="0.96" CONTENT="att"/><SP WIDTH="16" VPOS="1333" HPOS="285"/>
							<String ID="string_277" HPOS="301" VPOS="1331" WIDTH="73" HEIGHT="21" WC="0.93" CONTENT="utföra"/><SP WIDTH="22" VPOS="1331" HPOS="374"/>
							<String ID="string_278" HPOS="396" VPOS="1331" WIDTH="64" HEIGHT="21" WC="0.96" CONTENT="huset"/><SP WIDTH="24" VPOS="1331" HPOS="460"/>
							<String ID="string_279" HPOS="484" VPOS="1331" WIDTH="34" HEIGHT="21" WC="0.96" CONTENT="för"/><SP WIDTH="22" VPOS="1331" HPOS="518"/>
							<String ID="string_280" HPOS="540" VPOS="1332" WIDTH="42" HEIGHT="20" WC="0.82" CONTENT="den"/><SP WIDTH="16" VPOS="1332" HPOS="582"/>
							<String ID="string_281" HPOS="598" VPOS="1331" WIDTH="8" HEIGHT="21" WC="0.82" CONTENT="i"/><SP WIDTH="14" VPOS="1331" HPOS="606"/>
							<String ID="string_282" HPOS="620" VPOS="1331" WIDTH="104" HEIGHT="27" WC="0.95" CONTENT="förslaget"/><SP WIDTH="23" VPOS="1331" HPOS="724"/>
							<String ID="string_283" HPOS="747" VPOS="1330" WIDTH="125" HEIGHT="22" WC="0.96" CONTENT="beräknade"/>
						</TextLine>
					</TextBlock>
				</ComposedBlock>
				<ComposedBlock ID="cblock_2" HPOS="181" VPOS="1405" WIDTH="259" HEIGHT="51">
					<TextBlock ID="block_3" HPOS="181" VPOS="1405" WIDTH="259" HEIGHT="51">
						<TextLine ID="line_35" HPOS="181" VPOS="1405" WIDTH="259" HEIGHT="22">
							<String ID="string_284" HPOS="181" VPOS="1405" WIDTH="14" HEIGHT="22" WC="0.89" CONTENT="3)"/><SP WIDTH="12" VPOS="1405" HPOS="195"/>
							<String ID="string_285" HPOS="207" VPOS="1405" WIDTH="23" HEIGHT="18" WC="0.96" CONTENT="Se"/><SP WIDTH="12" VPOS="1405" HPOS="230"/>
							<String ID="string_286" HPOS="242" VPOS="1406" WIDTH="47" HEIGHT="21" WC="0.96" CONTENT="prot."/><SP WIDTH="13" VPOS="1406" HPOS="289"/>
							<String ID="string_287" HPOS="302" VPOS="1406" WIDTH="22" HEIGHT="17" WC="0.95" CONTENT="10"/><SP WIDTH="12" VPOS="1406" HPOS="324"/>
							<String ID="string_288" HPOS="336" VPOS="1410" WIDTH="40" HEIGHT="13" WC="0.96" CONTENT="nov."/><SP WIDTH="15" VPOS="1410" HPOS="376"/>
							<String ID="string_289" HPOS="391" VPOS="1405" WIDTH="49" HEIGHT="19" WC="0.96" CONTENT="1887."/>
						</TextLine>
						<TextLine ID="line_36" HPOS="181" VPOS="1434" WIDTH="245" HEIGHT="22">
							<String ID="string_290" HPOS="181" VPOS="1434" WIDTH="14" HEIGHT="22" WC="0.76" CONTENT="+)"/><SP WIDTH="12" VPOS="1434" HPOS="195"/>
							<String ID="string_291" HPOS="207" VPOS="1434" WIDTH="23" HEIGHT="18" WC="0.96" CONTENT="Se"/><SP WIDTH="12" VPOS="1434" HPOS="230"/>
							<String ID="string_292" HPOS="242" VPOS="1435" WIDTH="47" HEIGHT="21" WC="0.93" CONTENT="prot."/><SP WIDTH="13" VPOS="1435" HPOS="289"/>
							<String ID="string_293" HPOS="302" VPOS="1434" WIDTH="17" HEIGHT="17" WC="0.91" CONTENT="d."/><SP WIDTH="13" VPOS="1434" HPOS="319"/>
							<String ID="string_294" HPOS="332" VPOS="1434" WIDTH="31" HEIGHT="22" WC="0.67" CONTENT="%/,"/><SP WIDTH="11" VPOS="1434" HPOS="363"/>
							<String ID="string_295" HPOS="374" VPOS="1434" WIDTH="52" HEIGHT="18" WC="0.95" CONTENT="1888."/>
						</TextLine>
					</TextBlock>
				</ComposedBlock>
			</PrintSpace>
		</Page>
	</Layout>
</alto>
