1031 1678
252 135 25 20 18
595 136 10 20 I

221 202 91 27 tidigare
327 203 143 26 uppkommen
486 203 60 28 fråga
562 210 34 15 om
612 204 189 21 åstadkommande
817 205 22 20 af
853 205 77 26 nödiga
946 205 35 20 de-

221 237 199 27 taljbestämningar
442 238 108 27 angående
570 245 102 20 grannars
691 239 127 26 rättigheter
835 239 38 21 och
889 239 92 27 skyldig-

222 271 61 21 heter
302 271 33 21 till
354 272 119 21 hvarandra
492 273 48 20 med
556 273 99 20 afseende
671 273 12 20 å
697 273 123 27 byggnader
835 274 39 20 har
889 274 92 21 Senaten

222 306 139 21 öfverlemnat
385 307 21 21 åt
430 313 25 15 en
478 307 149 21 tillförordnad
651 308 80 20 komité
751 310 32 19 att
798 310 50 25 taga
863 309 7 20 i
886 308 95 21 öfvervä-

221 339 68 27 gande
305 342 55 19 samt
376 340 92 21 derefter
484 341 32 21 till
532 341 92 21 Senaten
639 341 80 27 afgifva
734 342 98 26 yttrande
849 342 38 21 och
901 342 79 27 förslag

220 375 6 20 i
242 376 78 19 ämnet.
351 374 99 21 Komitén
467 375 39 21 har
521 375 46 21 icke
583 377 55 19 ännu
654 376 86 20 slutfört
757 376 36 21 sitt
809 377 82 20 arbete:

291 410 54 19 30:0.
366 409 10 20 I
392 408 219 21 öfverensstämmelse
627 409 49 20 med
692 409 129 22 Ständernas
836 410 69 20 beslut
922 410 6 20 i
944 417 35 14 an-

219 442 85 27 ledning
328 442 23 21 af
371 443 77 27 nädiga
471 444 159 26 propositionen
650 444 108 26 angäende
775 444 113 27 ändringar
903 443 23 21 af
941 444 39 21 och

220 478 75 26 tillägg
310 478 34 21 till
360 479 104 20 särskilda
480 479 131 26 studganden
626 479 7 20 i
649 479 199 27 värnepligtslagen,
865 479 38 20 har
920 479 59 21 Hans

219 512 120 27 Kejserliga
361 513 100 26 Majestät
485 513 47 21 lätit
556 513 40 20 den
619 515 25 19 25
668 513 87 21 Januari
781 515 54 20 1886
855 513 85 21 utfärda
955 514 23 27 a)

219 547 123 27 förordning
365 548 109 27 angående
497 548 80 21 ändrad
596 549 80 26 lydelse
692 548 23 21 af
728 549 23 26 $$
768 551 19 23 7,
804 551 33 24 36,
854 550 25 19 42
897 549 39 20 och
951 551 27 19 44

218 582 7 20 i
241 581 41 21 den
297 581 34 21 för
347 581 205 22 Storfurstendömet
567 583 89 20 Finland
671 583 98 26 gällande
780 583 166 26 värnepligtslag
957 583 23 20 af

219 616 40 21 den
283 618 25 19 27
332 617 117 20 December
474 619 61 24 1878,
556 620 54 18 samt
627 617 21 27 b)
664 617 127 27 kungörelse
807 618 6 20 i
830 617 112 26 anledning
957 617 23 22 af

219 651 39 20 den
282 651 99 20 befrielse
405 651 46 21 från
474 651 117 27 utgörande
614 651 23 21 af
653 652 126 26 värnepligt,
795 658 46 14 som
857 651 121 27 medgifvits

218 684 127 22 invänarene
360 685 6 20 i
382 685 124 27 Kuolajärvi
522 686 100 21 kommun
638 686 23 20 af
675 686 62 20 Kemi
753 686 73 20 härad.

288 722 54 18 31:0.
373 720 61 20 Efter
453 720 35 21 det
504 720 124 27 Ständerna,
645 720 70 21 såsom
731 726 48 15 svar
795 720 27 26 pä
837 720 77 27 nådiga
928 726 49 20 pro-

218 754 121 27 positionen
361 760 34 15 om
418 755 118 27 antagande
556 755 23 21 af
597 755 98 27 strafflag
710 755 33 21 för
758 754 69 22 finska
842 755 112 26 militären,
971 756 6 20 i

217 788 132 27 underdänig
365 789 111 21 skrifvelse
491 789 23 21 af
528 790 39 20 den
584 791 24 19 31
625 790 58 20 Mars
701 790 54 21 1885
771 790 86 25 anmält,
872 791 32 19 att
916 790 61 20 Stän-

219 823 64 21 derna
306 823 95 26 godkänt
424 823 40 21 den
486 823 76 27 nådiga
584 824 159 26 propositionen
762 825 51 19 utan
828 823 94 27 ändring,
938 824 39 20 har

217 858 58 20 Hans
297 857 120 27 Kejserliga
438 858 100 26 Majestät
561 858 47 21 lätit
632 858 41 20 den
697 860 25 19 16
745 858 45 21 Juli
815 860 53 19 1886
891 857 86 22 utfärda

217 892 64 26 sagde
297 892 41 26 lag,
355 891 108 22 äfvensom
484 898 80 15 samma
585 892 41 27 dag
641 892 96 22 faststält
753 892 175 27 ordningsstadga
943 892 33 21 till

217 926 127 21 efterlefnad
359 926 33 21 för
407 926 69 21 finska
490 927 114 21 militären.

287 962 54 20 32:0.
372 960 70 22 Sedan
465 961 117 21 Ständerna
600 961 7 20 i
626 960 132 27 underdänig
773 960 111 21 skrifvelse
899 960 23 20 af
936 961 40 21 den

217 997 25 18 22
266 995 43 26 Maj
335 996 53 20 1885
412 996 86 25 anmält,
522 997 31 19 att
577 995 118 21 Ständerna
712 996 6 19 i
734 995 113 26 anledning
863 994 22 21 af
899 994 77 27 nädiga

216 1029 159 27 propositionen
399 1035 33 15 om
455 1029 143 26 bankrörelse,
623 1035 44 15 som
689 1029 22 20 af
729 1029 65 26 bolag
810 1029 66 26 idkas,
893 1029 83 27 antagit

216 1065 30 20 ett
262 1064 7 20 i
285 1063 187 22 svarsskrifvelsen
487 1064 80 27 intaget
582 1063 81 27 förslag
682 1064 34 21 till
734 1063 126 27 författning
875 1063 6 21 i
897 1065 77 25 ämnet,

216 1098 39 21 har
270 1098 59 20 Hans
344 1098 119 27 Kejserliga
479 1098 99 27 Majestät
593 1097 49 22 lätit
657 1098 41 21 den
717 1100 24 19 10
757 1098 42 27 Maj
817 1099 55 20 1886
887 1098 6 20 i
910 1098 65 27 enlig-

215 1133 36 20 het
275 1132 49 21 med
347 1132 66 27 sagda
428 1132 80 27 förslag
522 1132 85 22 utfärda
621 1132 124 27 förordning
760 1132 109 27 angäende
883 1132 91 21 bankrö-

215 1167 62 26 relse,
294 1173 45 15 som
356 1167 23 20 af
392 1167 64 27 bolag
467 1167 66 26 idkas,
545 1167 90 26 lydande
646 1167 70 20 säsom
728 1166 119 21 Ständerna
858 1166 116 27 föreslagit.

286 1203 55 20 33:0.
372 1201 9 21 I
405 1202 93 27 enlighet
517 1201 48 21 med
583 1201 130 21 Ständernas
729 1207 48 15 svar
792 1200 27 27 pä
833 1200 78 27 nådiga
926 1207 48 20 pro-

215 1236 122 27 positionen
352 1235 108 27 angäende
476 1236 154 27 tingsgästning
641 1235 39 22 och
691 1235 164 26 häradsnämnd,
866 1235 39 20 har
915 1235 59 21 Hans

213 1271 121 26 Kejserliga
350 1270 102 26 Majestät
468 1270 48 21 lätit
532 1270 40 21 den
588 1271 26 20 25
630 1270 89 21 Januari
737 1271 53 20 1886
802 1269 85 21 utfärda
897 1271 77 19 tvenne

213 1305 156 26 förordningar,
394 1305 39 20 den
457 1311 39 14 ena
518 1304 107 27 angående
647 1305 93 26 lindring
760 1305 6 20 i
782 1304 192 27 tingsgästningens

213 1339 119 27 utgörande
351 1339 39 21 och
410 1339 61 21 deraf
484 1339 124 21 föranledda
624 1339 101 26 ätgärder
739 1338 133 22 beträffande
886 1338 88 21 härads-

212 1376 107 18 rätternas
343 1373 116 27 aflönande,
483 1374 38 20 och
544 1373 40 21 den
604 1373 65 21 andra
685 1372 110 28 angäende
809 1372 164 21 häradsnämnd.

281 1408 51 21 Med
347 1407 151 22 föranledande
514 1408 24 20 af
552 1407 129 21 Ständernas
697 1408 6 20 i
715 1407 153 26 sammanhang
878 1407 49 20 med
937 1407 36 21 be-

209 1442 116 22 svarandet
348 1442 23 21 af
393 1442 40 22 den
455 1442 77 27 nädiga
554 1442 159 27 propositionen
733 1442 74 26 gjorda
827 1441 146 27 underdäniga
