1031 1678
213 105 13 20 2
436 105 19 24 U.
472 105 20 23 B.
506 112 29 9 —
550 105 147 24 Ständerhuset.

183 166 142 29 försäljning
341 166 26 22 af
380 167 45 21 den
440 167 8 21 i
463 168 159 28 nyssnämnda
637 170 94 26 qvarter
746 167 141 22 öfverblifna
901 167 43 22 och

183 201 38 21 till
236 203 88 19 tvänne
339 201 209 29 byggnadstomter
562 202 113 29 lämpliga
684 202 97 29 platsen,
793 202 69 22 hvars
873 202 71 21 värde

184 235 66 22 torde
266 235 57 22 böra
341 236 137 28 uppskattas
494 236 37 21 till
546 237 72 21 minst
634 239 91 25 100,000
740 236 73 22 mark.
842 237 12 20 I
869 235 75 22 likhet

184 269 53 22 med
253 269 309 30 Ständerhusdelegationen
579 271 43 21 och
636 271 31 28 på
682 271 28 21 de
726 270 27 21 af
760 271 134 21 densamma
904 278 39 14 an-

183 303 68 22 förda
273 304 51 21 skäl
346 304 75 21 håller
442 305 122 21 Utskottet
582 305 74 22 likväl
671 305 56 25 före,
743 307 35 19 att
793 305 74 21 denna
881 305 61 28 plats

183 338 72 21 borde
275 338 49 21 tills
339 338 81 22 vidare
435 346 135 18 reserveras,
586 339 61 21 helst
662 339 51 21 dess
729 338 70 22 värde
815 338 128 30 ingalunda

183 372 47 21 kan
261 379 67 15 anses
358 372 92 22 komma
480 375 36 19 att
544 373 78 29 nedgä
651 373 43 21 och
724 373 131 21 Ständerna
879 373 63 28 förty

183 406 80 21 kunna
287 406 105 29 päräkna
417 409 41 25 att,
484 407 76 22 derest
586 407 83 22 sädant
693 407 78 22 blefve
796 407 26 22 af
842 409 100 20 omstän-

184 440 139 29 digheterna
345 441 127 28 päkalladt,
496 449 84 20 genom
602 444 127 19 tomternas
752 441 139 29 försäljning
909 449 32 14 er-

183 474 64 22 hålla
269 475 149 29 godtgörelse
440 475 36 22 för
499 475 39 22 det
561 476 87 29 anslag,
671 475 69 22 hvars
763 475 131 29 beviljande
909 483 32 14 nu

182 511 69 26 utgör
267 506 34 25 ett
317 509 77 22 vilkor
408 509 36 22 för
459 509 102 29 platsens
576 509 169 22 bibehällande.

251 571 123 23 Utskottet
389 572 36 21 fär
441 572 77 22 derför
532 572 119 22 vördsamt
666 572 127 28 tillstyrka:

391 661 33 17 att
447 657 123 22 Ständerna
594 659 56 25 ville,
663 657 42 26 för
719 657 138 28 uppförande
873 658 28 26 af
913 661 28 18 ett

322 692 130 33 ständerhus
474 693 9 20 i
506 695 105 25 yvarteret
632 692 133 27 ,Bäfvern*,
789 691 84 23 utöfver
890 692 50 21 här-

321 726 109 26 förinnan
445 727 108 27 anslagna
568 728 117 24 1,500,000
701 726 68 28 mark,
784 727 67 21 ställa
867 729 28 19 ett
909 729 32 25 yt-

323 762 103 27 terligare
448 762 79 27 anslag
549 761 29 27 af
597 763 95 25 100,000
709 765 63 17 mark
787 762 35 20 till
839 761 101 21 Ständer-

321 796 201 27 husdelegationens
532 796 145 28 förfogande.

251 904 71 22 Hvad
337 904 50 21 äter
401 904 144 22 vidkommer
561 903 318 29 Ständerhusdelegationens
894 903 46 22 för-

182 938 51 30 slag
250 946 37 14 om
310 934 174 26 ständerhusets
499 938 129 29 möblering
644 938 44 22 och
703 938 124 28 inredning
841 938 42 21 har
898 938 42 22 Ut-

181 972 90 22 skottet
295 972 78 22 funnit
398 972 128 22 detsamma
549 972 151 28 motiveradt;
726 972 43 22 och
791 972 30 22 dä
844 972 96 22 Utskot-

181 1009 36 19 tet
247 1007 20 28 ej
297 1006 73 22 heller
400 1006 50 23 haft
475 1007 50 21 skäl
545 1007 37 21 till
607 1006 154 29 anmärkning
786 1008 62 20 emot
872 1006 67 21 Dele-

182 1041 124 29 gationens
321 1041 130 28 beräkning
466 1041 27 22 af
504 1041 80 22 härtill
599 1041 87 29 nödiga
701 1041 130 27 kostnader,
847 1040 35 22 fär
897 1040 42 23 Ut-

182 1075 88 22 skottet
285 1079 56 18 äran
357 1075 97 22 föreslä:

390 1165 31 18 att
444 1162 124 21 Ständerna
590 1162 56 25 ville,
669 1161 37 26 för
721 1161 159 21 ständerhusets
895 1163 43 19 mö-

321 1197 83 28 blering
427 1197 38 21 och
487 1197 125 27 inredning,
628 1197 66 20 ställa
717 1197 94 24 100,000
826 1195 62 22 mark
904 1196 35 21 till

322 1231 295 28 Ständerhusdelegutionens
632 1231 136 26 disposition.

251 1436 159 18 Statsutskottets
423 1435 120 19 betänkande
555 1435 35 17 N:o
604 1435 27 18 14.
