1031 1678
781 129 27 22 15

78 192 129 27 detaljeradt
225 191 185 27 kostnadsförslag
424 191 13 21 å
452 192 80 25 40,000
548 191 68 26 mark,
635 191 64 22 hafva
718 191 119 22 Ständerna

79 225 53 27 åter,
147 226 69 21 under
231 225 154 27 förutsättning
400 227 32 20 att
447 227 78 20 tvenne
540 225 209 27 plantryckspressar
763 225 74 21 visade

78 260 32 26 sig
133 260 136 26 nödvändiga
292 260 39 21 och
353 260 49 21 med
425 259 83 27 hänsyn
531 259 62 21 äfven
616 259 33 22 till
667 259 67 22 andra
751 260 86 27 möjliga

78 293 71 27 behof,
172 294 99 27 upptagit
293 295 32 20 ett
347 294 77 27 belopp
448 293 23 22 af
488 294 63 26 högst
568 294 80 26 55,000
662 294 67 26 mark,
745 294 70 21 såsom
830 294 7 20 i

78 327 75 27 hvarje
175 328 101 21 händelse
298 328 126 26 tillräckligt
445 328 34 20 för
498 327 189 22 åstadkommande
707 328 22 20 af
747 334 26 14 en
787 328 50 21 fullt

79 362 168 26 ändamålsenlig
261 362 112 26 inredning
388 361 23 21 af
424 362 123 26 tryckeriet.

148 402 136 21 Beträffande
299 402 75 25 frågan
390 407 34 14 om
439 401 91 20 Banken
548 402 68 20 borde
630 402 33 20 för
678 407 53 21 egen
746 402 91 25 räkning

79 435 80 27 inköpa
179 435 26 21 de
224 435 77 26 nödiga
319 435 139 20 maskinerna
477 435 52 20 eller
547 441 34 15 om
597 435 62 21 dessa
674 435 69 21 skulle
757 435 80 21 inlösas

80 469 23 21 af
116 469 48 26 den,
177 475 45 15 som
235 469 109 26 öfvertoge
359 469 206 27 sedeltryckningen,
581 469 64 21 hafva
661 469 120 21 Ständerna
791 467 46 23 icke

79 503 65 21 fattat
162 503 65 26 något
246 503 107 21 bestämdt
372 503 78 26 beslut,
470 505 54 19 utan
547 503 140 21 öfverlemnat
710 503 59 21 detta
784 503 53 21 lika-

80 544 46 15 som
141 537 141 21 öfverhufvud
297 537 42 21 alla
354 539 98 19 närmare
468 537 91 26 detaljer
575 538 38 20 och
630 538 157 26 bestämningar
803 544 34 15 om

80 571 186 27 sedeltryckeriets
281 571 121 21 inrättande
419 571 32 21 till
468 571 177 27 Bankstyrelsens
661 571 123 26 afgörande.

149 612 10 21 I
179 612 114 26 anledning
313 611 22 21 af
353 611 131 22 Ständernas
504 612 21 21 åt
542 612 195 26 Bankfullmäktige
756 613 7 20 i
781 612 56 21 före-

80 646 88 21 stående
186 647 67 20 måtto
272 646 98 21 lemnade
389 646 99 27 uppdrag
503 646 120 21 anmodade
639 646 142 26 Fullmäktige
796 646 41 21 den

80 680 27 21 28
125 680 44 27 Maj
191 680 55 22 1885
261 680 197 21 Bankdirektionen
474 682 33 18 att
522 680 108 21 inkomma
645 680 48 21 med
708 680 80 26 förslag
803 686 35 15 om

80 714 26 21 de
129 714 105 26 åtgärder,
257 720 45 14 som
324 714 7 20 i
353 713 77 22 sådant
453 714 55 26 syfte
530 716 94 19 närmast
646 714 67 21 borde
734 714 103 27 vidtagas.

80 748 31 21 På
133 748 208 21 Bankdirektionens
363 748 73 21 derom
458 748 76 27 gjorda
551 748 162 27 framställning,
733 748 104 27 beviljade

80 782 196 26 Bankfullmäktige
292 782 41 21 den
348 783 13 21 5
376 782 51 21 Juni
443 788 81 15 samma
539 783 23 20 år
577 789 26 14 ur
619 783 97 21 Bankens
727 782 69 22 medel
807 784 31 19 ett

80 816 75 26 anslag
170 816 23 21 af
207 817 63 25 1,500
285 817 66 25 mark,
367 816 34 21 för
416 816 123 22 beredande
554 817 24 21 af
587 817 84 21 tillfälle
681 817 22 21 åt
713 816 124 27 Litografen

81 851 112 26 Tilgmann
212 852 32 19 att
263 850 12 21 å
293 851 82 21 utrikes
395 852 33 20 ort
444 851 96 21 inhemta
555 853 98 19 närmare
667 851 120 21 kännedom
803 857 34 14 om

81 885 236 26 sedeltillverkningens
333 885 139 27 ståndpunkt.
503 886 109 26 Derjemte
627 885 83 21 beslöto
729 884 109 22 Fullmäk-

80 920 44 25 tige
139 920 32 20 att
186 919 49 21 med
249 919 73 21 vidare
337 919 143 26 tillgöranden
496 920 7 20 i
519 920 89 20 ärendet
623 920 68 20 skulle
707 919 66 25 anstå,
783 918 55 22 intill

81 954 48 20 dess
145 953 56 21 Herr
215 954 112 26 Tilgmann
343 954 113 20 återvändt
472 954 46 20 från
534 953 139 21 förenämnda
688 960 48 14 resa
752 953 40 21 och
808 953 30 21 af-

80 988 81 20 lemnat
176 988 135 25 redogörelse
326 987 33 21 för
374 987 108 21 derunder
497 988 75 26 gjorda
587 988 144 25 iakttagelser.

150 1032 10 21 I
179 1033 33 20 sin
231 1032 58 21 öfver
309 1032 156 23 ofvannämnda
484 1039 48 14 resa
546 1033 33 20 till
594 1033 197 20 Bankdirektionen
807 1032 29 21 af-

80 1067 98 20 lemnade
197 1066 116 21 berättelse
331 1067 93 26 föreslog
443 1067 55 20 Herr
517 1067 111 26 Tilgmann
644 1068 33 19 att
692 1067 31 20 uti
739 1066 99 21 Bankens

81 1100 114 21 tillernade
213 1101 151 26 sedeltryckeri
383 1101 72 20 utföra
475 1101 84 20 sedelns
578 1101 104 20 hvardera
697 1101 46 20 sida
758 1100 80 21 medels

80 1134 145 27 koppartryck
248 1135 7 20 i
278 1136 57 19 svart
359 1135 39 20 och
422 1135 94 20 derefter
539 1135 104 26 anbringa
665 1134 144 27 grundfärgen
831 1134 7 20 i

81 1168 112 27 boktryck,
216 1169 81 20 hvilket
319 1169 123 20 förfarande
460 1175 53 15 vore
528 1169 201 26 ändamålsenligast
744 1169 48 20 med
808 1168 31 21 af-

81 1203 77 20 seende
177 1202 12 21 å
208 1203 58 20 såväl
285 1203 83 20 sedelns
383 1203 149 26 konstnärliga
546 1203 64 21 värde
626 1209 45 15 som
687 1203 40 20 och
742 1203 48 20 dess
806 1204 33 19 sä-

81 1237 76 21 kerhet
171 1239 45 19 mot
231 1237 140 26 förfalskning
387 1237 40 21 och
443 1237 49 21 dess
507 1237 142 26 varaktighet.

151 1278 177 26 Öfverlemnande
348 1283 70 20 denna
436 1283 158 26 framställning
612 1283 33 20 till
661 1281 178 22 Bankfullmäkti-

80 1322 36 21 ges
135 1317 122 26 afgörande,
277 1317 113 20 förordade
409 1317 198 21 Bankdirektionen
628 1317 31 20 uti
677 1316 110 21 skrifvelse
806 1315 33 21 för

81 1350 40 21 den
137 1350 13 21 5
167 1350 96 21 Oktober
279 1350 55 22 1885
353 1350 148 27 ifrågakomna
516 1351 157 25 förfaringssätt
687 1350 36 21 vid
738 1349 101 21 Bankens

80 1384 197 26 sedeltillverkning
300 1387 55 19 samt
377 1385 127 21 meddelade
527 1385 102 26 derjemte
648 1386 38 24 att,
702 1384 65 21 sedan
783 1383 56 21 Herr

80 1419 112 25 Tilgmann
214 1418 54 22 efter
290 1419 32 20 sin
345 1418 118 22 återkomst
484 1418 48 22 från
555 1419 102 25 utlandet,
677 1418 28 27 på
723 1417 115 26 tillfrågan,

80 1452 105 22 förklarat
203 1454 33 20 att
254 1453 42 20 han
311 1452 133 22 fortfarande
460 1453 66 26 ansåg
542 1460 25 14 en
583 1453 64 25 lokal,
664 1452 91 27 uppförd
772 1452 67 26 enligt
