1031 1678
470 119 11 21 I
801 120 26 20 33

96 191 95 19 närmast
206 189 122 21 erfordrade
344 194 27 15 en
385 187 66 28 utgift
467 188 23 21 af
504 189 78 26 58,605
601 188 68 26 mark,
685 189 39 20 och
739 190 52 19 enär
805 195 53 20 upp-

96 223 194 27 rensningsarbetet
312 223 77 26 kunde,
413 224 52 19 utan
488 223 102 20 särskildt
613 223 80 26 anslag,
713 223 82 21 utföras
810 222 49 21 med

96 257 108 22 anlitande
220 257 22 21 af
257 257 25 21 de
298 257 12 21 å
325 259 43 19 stat
384 257 34 21 till
434 257 72 26 dylika
522 257 88 21 arbeten
621 257 101 26 anslagna
733 257 74 26 medel,
819 258 40 21 har

98 292 92 22 Senaten
208 292 67 21 under
295 291 40 21 den
354 293 26 19 24
397 291 121 21 November
535 293 54 19 1887
606 291 94 21 anbefalt
715 291 91 21 nämnde
823 288 36 25 Öf-

97 326 127 26 verstyrelse
247 328 32 18 att
303 325 71 21 skrida
390 325 34 21 till
440 325 59 21 detta
514 325 195 27 rensningsarbetes
725 325 112 21 utförande
852 327 7 20 i

97 360 42 21 den
162 359 127 27 omfattning
311 359 76 21 sådant
411 361 81 19 ansetts
508 360 33 20 till
557 366 26 14 en
598 359 75 27 början
688 366 51 14 vara
754 360 105 21 erforder-

97 395 40 26 ligt
153 395 38 20 och
210 394 95 26 sålunda,
324 396 32 19 att
375 394 132 20 arbetstiden
523 394 121 21 fördelades
659 394 28 27 på
701 394 36 21 två
753 394 12 21 å
780 397 33 18 tre
829 395 30 21 år.

167 429 40 21 Om
224 428 40 21 den
279 428 100 27 vidtagna
395 427 103 27 åtgärden
514 428 40 21 har
570 428 91 21 Senaten
675 429 38 20 hos
724 429 59 21 Hans
794 429 65 27 Maje-

98 465 44 20 stät
158 464 6 20 i
179 462 168 27 underdånighet
364 462 87 21 anmält.

169 499 53 19 19:0.
252 497 11 20 I
286 497 113 26 anledning
419 496 23 21 af
458 497 128 21 Ständernas
602 496 143 27 underdäniga
761 497 99 22 anhållan

100 537 34 16 om
150 531 63 27 nådig
229 531 131 27 proposition
377 531 109 26 angående
502 531 65 20 sådan
583 530 89 27 ändring
687 531 24 20 af
725 533 26 20 25
762 532 11 27 $
785 531 6 21 i
802 532 57 27 lego-

98 565 90 27 stadgan
211 565 32 21 för
266 565 121 21 husbönder
411 565 39 21 och
473 565 129 27 tjenstehjon
625 565 23 21 af
670 565 40 21 den
729 567 26 20 30
771 566 89 21 Januari

101 601 61 25 1865,
186 602 31 19 att
240 600 58 21 tiden
317 599 33 21 för
368 599 111 27 städjande
498 599 22 22 af
534 599 128 28 tjenstehjon
677 600 70 21 blefve
761 602 99 20 närmare

98 635 34 21 till
147 634 168 27 flyttningstiden
333 634 148 27 framskjuten,
502 636 24 19 är
541 634 63 27 nådig
619 635 132 26 proposition
766 635 7 21 i
789 637 71 20 ämnet

100 669 119 21 Ständerna
234 669 34 21 vid
285 669 67 20 denna
367 669 104 26 landtdag
486 669 102 26 förelagd.

171 705 54 19 20:0.
256 703 36 21 Uti
315 702 111 22 skrifvelse
447 702 23 21 af
488 702 41 21 den
547 705 23 19 11
588 703 42 26 Maj
649 704 54 20 1885
719 703 63 21 hafva
799 704 60 20 Stän-

100 738 66 20 derna
188 738 7 20 i
218 737 167 27 underdänighet
406 736 96 27 anhållit,
519 737 36 21 det
570 738 83 20 täcktes
667 738 59 20 Hans
741 738 120 27 Kejserliga

99 772 102 26 Majestät
217 772 108 26 förelägga
342 771 119 21 Ständerna
476 771 36 21 vid
528 771 68 21 denna
612 772 102 26 landtdag
724 772 77 26 nädiga
811 779 49 20 pro-

99 807 120 27 positioner
233 806 91 21 rörande
340 806 17 26 ej
378 806 82 20 mindre
479 806 95 20 vilkoren
590 805 32 21 för
637 806 120 26 beviljande
772 806 23 21 af
808 806 52 22 kon-

100 841 83 21 cession
198 840 12 21 å
223 840 233 27 jernvägsanläggning,
473 842 27 18 än
515 840 39 20 ock
570 840 121 27 inteckning
706 841 7 20 i
726 840 95 27 jernväg.

169 875 83 27 Nädiga
267 875 156 26 propositioner
438 874 7 21 i
462 874 62 21 dessa
539 876 77 19 ämnen
632 874 65 21 hafva
713 874 71 21 blifvit
798 876 61 20 Stän-

100 910 66 21 derna
181 910 35 20 vid
231 916 28 14 nu
274 909 108 27 pägäende
398 908 102 27 landtdag
516 908 117 27 förelagda.

171 946 54 19 21:0.
255 944 10 20 I
288 944 112 26 anledning
424 943 22 21 af
466 943 130 21 Ständernas
611 943 144 27 underdäniga
770 944 91 26 petition

100 984 36 16 om
151 978 63 27 nådig
229 978 132 26 proposition
376 977 109 27 angående
501 978 65 20 sådan
582 978 89 27 ändring
686 978 23 21 af
722 980 28 19 44
765 978 11 27 $
794 978 7 21 i
819 978 41 27 sjö-

100 1013 68 26 lagen,
185 1014 32 19 att
233 1012 174 27 sjöförklaringar
422 1011 56 27 finge
493 1012 101 21 aflemnas
608 1012 79 27 jemvä]
702 1013 34 20 till
751 1012 110 27 ordnings-

100 1049 51 24 rätt,
168 1047 38 20 har
220 1047 59 20 Hans
295 1047 119 26 Kejserliga
429 1047 101 26 Majestät
546 1047 68 20 aflätit
629 1047 132 26 proposition
771 1047 7 20 i
789 1048 72 19 ämnet

100 1081 34 21 till
150 1081 118 21 Ständerna
284 1081 35 21 vid
334 1081 68 20 denna
418 1081 109 26 landtdag.

171 1117 54 19 22:0.
255 1115 48 21 Med
320 1115 100 21 afseende
436 1115 13 20 &
465 1115 131 21 Ständernas
610 1115 145 27 underdäniga
770 1115 91 27 petition

100 1151 33 20 att
157 1156 24 14 en
201 1149 81 22 mindre
298 1149 180 27 jordbruksskola
492 1149 70 21 blefve
578 1149 94 22 inrättad
687 1150 38 21 hos
740 1149 70 27 nägon
825 1156 36 14 en-

101 1184 56 21 skild
173 1184 253 27 egendomsinnehafvare
441 1183 28 28 pä
484 1178 69 27 Äland
565 1187 55 18 samt
631 1184 48 21 med
689 1184 172 21 statsunderstöd

101 1218 166 27 upprätthällen,
291 1219 39 20 har
352 1219 60 20 Hans
427 1218 120 27 Kejserliga
561 1218 101 27 Majestät
677 1218 34 21 för
725 1217 136 22 bestridande

101 1253 24 20 af
147 1253 26 20 de
196 1253 48 20 med
266 1259 26 14 en
310 1252 58 27 dylik
383 1253 72 20 skolas
472 1253 144 26 organisation
631 1252 100 21 förenade
747 1252 115 21 kostnader

101 1289 56 19 samt
173 1287 33 20 för
220 1287 112 21 underhäll
347 1287 23 20 af
385 1287 123 20 densamma
524 1287 23 20 af
561 1287 106 20 allmänna
686 1286 124 21 statsmedel
825 1293 36 14 an-

102 1321 63 27 slagit
189 1328 25 14 en
237 1327 82 15 summa
337 1321 23 21 af
377 1324 102 19 sextusen
502 1321 61 21 mark
586 1321 81 27 ärligen
690 1321 6 21 i
720 1321 30 21 tio
770 1320 35 21 ärs
823 1321 38 25 tid,

101 1355 92 21 räknadt
208 1355 46 21 frän
271 1356 38 20 och
325 1355 48 21 med
389 1355 24 21 är
430 1357 64 24 1888;
511 1355 39 21 och
562 1361 46 15 som
618 1355 141 21 arrendatorn
770 1354 23 21 af
801 1355 62 26 Haga

101 1390 122 26 kungsgärd
245 1390 8 20 i
271 1390 82 22 Saltvik
369 1390 79 21 socken
462 1389 106 22 förklarat
584 1390 32 26 sig
631 1390 59 26 villig
706 1392 32 18 att
753 1391 110 25 emottaga

101 1424 41 22 och
164 1424 126 22 underhälla
313 1431 25 15 en
361 1424 59 27 dylik
440 1424 184 27 jordbruksskola,
649 1424 39 21 har
707 1424 92 22 Senaten
814 1422 49 22 med

794 1468 11 17 3
