1031 1678
833 121 25 20 71

486 185 48 26 84

197 231 43 22 Till
256 231 134 28 granskning
401 230 95 27 företogs
508 232 30 19 ett
549 229 25 22 af
582 229 130 22 Arkitekten
723 229 99 28 Nyström
833 230 56 27 änyo

128 267 137 22 omarbetadt
275 265 87 28 projekt
372 265 34 22 till
416 265 131 21 ständerhus
556 265 69 27 jämte
636 265 121 20 detsamma
768 263 120 28 åtföljande

128 304 47 25 nytt
199 300 194 27 kostnadsförslag,
417 307 46 14 som
482 300 8 20 i
508 300 48 21 sina
574 299 144 22 hufvuddelar
737 299 24 21 af
777 299 61 20 Ordf.
859 306 30 14 nu

131 335 112 28 upplästes
266 335 40 21 och
326 334 92 22 befanns
434 340 90 15 numera
539 335 71 19 säsom
626 333 149 21 totalkostnad
791 335 98 25 upptaga

129 370 37 21 det
181 369 105 28 betydligt
302 369 132 21 reducerade
449 368 103 28 beloppet
568 368 25 21 af
607 368 114 27 1,050,000
736 367 42 21 mk.
808 368 10 20 I
834 374 55 14 sam-

129 404 112 26 manhang
256 404 90 20 härmed
362 403 102 27 uppläste
480 402 59 21 Ordf.
556 409 26 14 en
598 402 49 21 frän
663 402 25 21 hr
703 402 100 27 Nyström
819 401 70 21 tillika

128 438 126 21 inkommen
271 437 119 26 skrifvelse,
407 438 24 21 sä
446 437 103 28 lydande:

328 563 12 9 »
345 546 44 21 Till
404 545 293 27 Ständerhusdelegationen.

200 605 92 20 Härmed
300 604 39 21 har
345 604 39 27 jag
395 605 53 20 äran
459 603 32 22 till
501 602 287 27 Ständerhusdelegationen
796 602 93 21 insända

133 638 138 21 omarbetadt
287 639 87 26 projekt
390 638 34 21 till
439 638 165 21 Ständerhuset.

200 672 41 21 Vid
257 673 153 27 uppgörandet
425 672 24 21 af
463 673 121 20 detsamma
599 672 39 20 har
652 672 38 27 jag
705 672 7 20 i
727 671 92 21 främsta
834 678 57 14 rum-

132 709 43 19 met
196 707 49 21 sökt
259 707 90 27 vidtaga
364 708 84 20 sådana
464 706 148 28 anordningar
627 713 46 14 som
688 706 56 22 varit
759 707 84 26 egnade
859 708 32 19 att

132 741 119 27 nedbringa
268 741 205 21 kostnadssumman
495 741 58 21 inom
569 742 27 20 de
612 740 24 22 af
650 740 121 22 Ständerna
786 740 106 28 beviljade

132 776 91 20 medlen.
261 776 102 21 Deremot
382 776 40 20 har
435 776 39 26 jag
488 776 48 20 icke
552 775 58 21 velat
626 776 105 20 reducera
746 774 83 22 antalet
844 781 47 14 rum

132 811 7 20 i
154 810 137 27 byggnaden,
307 812 53 18 utan
376 810 7 21 i
399 810 74 21 stället
488 810 49 21 sökt
552 810 59 27 gifva
627 810 72 27 deruti
714 808 177 22 förekommande

132 844 342 27 sammanbindningskorridorer
490 844 40 22 och
545 846 69 20 andra
625 844 84 21 mindre
721 844 83 27 nyttiga
814 843 78 21 lokali-

133 881 56 19 teter
204 886 27 14 en
243 880 24 19 så
277 878 52 21 liten
341 878 153 28 utsträckning
507 886 45 14 som
562 878 90 28 möjligt.
682 873 70 27 Äfven
761 878 40 21 har
809 878 42 20 den
859 877 33 21 uti

133 914 36 20 det
189 913 131 27 föregående
338 913 111 27 projektet
465 915 113 25 upptagna
593 913 82 27 gården
691 912 148 26 bortlemnats,
863 912 28 20 då

133 948 137 20 densammas
295 947 218 27 omfattningsmurar
538 954 51 14 voro
614 947 87 28 mycket
725 946 104 22 kostbara
851 946 40 21 och

133 982 124 21 ändamålet
280 982 49 20 med
352 982 82 26 gården
456 984 34 18 att
509 982 80 21 bereda
610 982 119 27 dagsljuset
749 980 96 22 tillträde
860 980 34 21 till

133 1015 142 30 byggnadens
290 1016 47 21 inre
352 1016 61 21 delar
428 1015 85 22 kunnat
529 1016 29 27 på
573 1018 31 19 ett
621 1029 25 3 —
663 1015 68 27 enligt
746 1015 44 20 min
806 1014 88 27 mening

134 1063 27 3 —
177 1050 182 27 ändamålsenligt
375 1050 41 21 och
432 1050 90 21 vackert
537 1051 43 20 sätt
596 1049 109 28 uppfyllas
720 1056 78 21 genom
813 1049 78 21 anord-

133 1085 83 21 nandet
232 1084 24 21 af
269 1091 27 14 en
312 1086 45 19 stor
372 1084 108 27 takdager
495 1084 59 22 öfver
569 1084 185 27 hufvudtrappan.

203 1119 106 27 Följande
325 1118 154 27 förändringar
494 1119 24 21 af
530 1119 141 27 byggnadens
686 1119 47 20 inre
747 1117 66 22 hafva
829 1117 7 20 i
846 1117 48 21 huf-

133 1153 114 27 vudsaklig
263 1155 53 25 grad
332 1153 101 21 inverkat
448 1154 30 26 på
493 1153 141 28 möjligheten
650 1155 33 19 att
698 1152 69 21 sänka
782 1151 113 21 kostnads-

135 1187 108 27 förslaget.

204 1221 222 28 Stenografkansliet,
450 1229 46 14 som
516 1223 57 20 förut
589 1221 81 22 befann
685 1221 32 26 sig
732 1221 7 20 i
755 1220 139 28 byggnadens

135 1256 170 27 hufvudvåning,
322 1255 40 22 har
378 1263 90 14 numera
484 1256 70 21 blifvit
569 1256 113 27 placeradt
697 1256 7 20 i
716 1257 54 19 1:sta
780 1254 115 27 våningen.

135 1291 133 27 Härigenom
283 1291 40 20 har
340 1291 141 27 byggnadens
496 1290 69 21 totala
580 1290 91 27 planyta
686 1290 83 20 kunnat
779 1289 116 20 reduceras

135 1325 56 21 ifrån
215 1325 78 25 26,500
313 1331 34 20 qv.
368 1326 32 19 fot
420 1325 33 20 till
474 1325 78 25 22,200
568 1331 32 20 qv.
617 1325 32 20 fot
665 1325 18 19 d.
699 1331 19 13 v.
735 1330 14 15 s.
765 1323 50 21 med
830 1323 66 26 något

136 1365 45 15 mer
196 1360 28 20 än
241 1365 26 14 en
283 1359 65 27 sjette
363 1358 42 22 del.
435 1358 81 22 Denna
531 1360 59 20 stora
601 1357 158 27 förminskning
770 1356 24 22 af
802 1356 95 28 byggna-

137 1394 52 20 dens
205 1400 51 14 area
267 1393 73 27 spelar
350 1392 141 28 naturligtvis
502 1400 26 14 en
539 1392 116 21 hufvudrol
665 1392 8 21 i
684 1393 35 20 det
730 1398 42 21 nya
782 1391 115 21 kostnads-

137 1427 109 27 förslaget,
259 1427 40 21 och
310 1428 69 20 måste
391 1427 85 21 således
488 1426 217 28 stenografkansliets
715 1424 133 29 förflyttning
859 1432 37 14 an-

818 1460 10 16 6
