1031 1678
775 148 26 19 73

70 215 56 21 utlät
143 215 33 26 sig
193 214 219 22 Guvernörsembetet
428 214 32 21 uti
477 213 40 22 den
534 215 27 20 24
576 213 45 22 Juli
638 215 53 20 1877
709 211 123 23 meddeladt

69 249 94 27 utslag
157 243 15 37 i
183 249 79 22 saken:
285 251 34 19 att
342 248 141 22 alldenstund
506 248 95 27 köparen
626 247 22 22 af
668 247 163 27 ifrågavarande

69 283 168 22 hemmanshälft
251 277 138 28 Bonden
361 273 30 42 W.
405 283 49 21 icke
475 283 41 21 den
534 285 26 18 14
580 283 58 20 Mars
664 283 53 20 1877
739 281 94 28 erbjudit

70 318 32 26 sig
118 320 33 18 att
167 320 58 19 emot
240 317 123 22 erhållande
379 317 23 21 af
416 317 184 26 bördeskillingen
621 316 84 21 afträda
720 315 71 22 halfva
805 315 25 22 B.

68 352 101 21 hemman
189 352 32 21 till
237 352 26 21 K.
280 352 41 21 och
335 352 32 25 B.,
383 350 24 22 af
420 351 74 21 hvilka
515 351 40 21 den
570 350 155 26 förstnämnde,
747 350 27 21 då
789 350 42 20 han

69 386 39 21 hos
124 386 154 30 Kronofogden
293 386 25 21 N.
335 385 89 21 anhållit
440 392 34 14 om
495 385 166 26 verkställighet
676 385 13 20 å
703 384 128 22 Hofrättens

69 421 122 21 ännämnde
211 420 56 26 dom,
287 419 82 27 bifogat
384 419 183 27 bördeskillingen
586 421 62 24 1,500
664 419 66 26 mark,
745 418 85 22 förden-

70 455 56 21 skull
143 455 40 22 och
200 461 46 15 som
263 455 26 20 de
305 454 22 21 af
340 454 217 21 Kronolänsmannen
572 454 22 21 P.
611 454 122 26 åberopade
748 453 83 27 lagrum

68 489 35 22 vid
120 489 79 22 sådant
213 489 136 21 förbållande
365 489 18 27 ej
400 495 52 15 vore
469 489 13 20 å
497 489 141 21 förevarande
649 487 36 22 fall
697 488 133 27 tillämpliga,

68 525 68 26 ansåg
152 523 220 22 Guvernörsembetet
387 523 24 21 P.
427 523 49 22 icke
492 523 64 21 hafva
570 523 47 21 haft
631 523 72 26 någon
717 522 114 27 anledning

68 558 33 22 för
116 559 33 20 sin
165 560 81 25 vägran
262 560 32 19 att
308 558 33 21 till
356 558 168 27 verkställighet
546 557 100 22 befordra
666 558 82 25 domen,
768 557 62 20 hvar-

68 593 46 21 före
130 593 220 21 Guvernörsembetet
360 593 106 26 pröfvade
476 593 88 21 rättvist
575 593 77 26 ålägga
663 592 22 21 P.
696 592 34 21 vid
741 592 90 27 tjenste-

68 633 78 16 ansvar
161 629 33 19 att
209 627 158 27 ofördröjligen,
383 628 69 21 sedan
468 627 43 21 han
528 627 54 27 ånyo
598 633 77 20 genom
691 627 37 21 K:s
747 626 84 27 försorg

68 663 42 20 fått
125 664 111 24 emottaga
256 661 137 21 oftaberörde
410 662 49 20 dom
476 662 41 20 och
532 661 184 27 bördeskillingen
731 661 33 21 till
779 661 50 22 dess

67 696 53 22 fulla
135 697 86 26 belopp,
238 695 101 22 befordra
349 696 78 20 domen
438 696 34 20 till
482 696 94 26 lagenlig
587 696 169 26 verkställighet,
768 696 63 21 hvar-

68 731 39 21 hos
123 732 23 20 P.
166 730 83 22 kändes
273 730 84 27 skyldig
379 732 34 19 att
436 732 85 19 ersätta
541 730 25 21 K.
586 730 80 21 dennes
690 730 117 22 kostnader
824 730 6 21 i

67 766 74 21 saken.
164 764 105 27 Derefter,
287 765 39 21 den
344 766 25 20 16
387 764 99 22 Oktober
504 766 60 25 1877,
582 764 84 28 afhyste
676 764 154 27 Kronofogden

67 800 26 21 N.
110 800 50 27 sjelf
174 800 32 20 W.
223 799 46 21 från
285 799 136 27 lägenheten.

137 834 10 21 I
163 834 114 26 anledning
300 833 61 22 häraf
382 834 88 21 utförde
486 834 33 21 W.
536 834 123 21 sedermera
678 834 36 21 vid
733 834 96 21 Härads-

68 870 72 20 rätten
155 869 7 21 i
177 869 17 21 I.
211 868 91 22 sockens
319 868 94 27 tingslag
424 868 66 26 talan,
507 870 33 19 att
554 868 152 27 Kronofogden
722 868 25 21 N.
761 869 68 26 jemte

66 903 24 21 B.
108 903 40 21 och
165 904 26 20 K.
207 903 67 21 måtte
293 902 167 27 skyldigkännas
482 905 33 19 att
530 902 32 22 till
578 903 32 21 W.
626 902 82 28 utgifva
723 902 107 22 särskilda

66 938 146 26 ersättningar
233 937 32 21 för
284 937 40 21 den
340 937 37 26 tid,
395 938 33 20 W.
444 938 57 20 varit
521 937 72 27 afhyst
610 937 47 21 från
673 937 157 21 ofvannämnda

66 972 72 21 halfva
152 972 25 22 B.
194 972 99 21 hemman
309 972 52 21 eller
377 972 33 20 till
427 972 43 21 den
486 974 27 19 22
523 972 61 27 April
596 973 61 25 1880,
670 972 27 21 då
708 972 41 20 han
760 972 7 20 i
779 971 50 21 dess

66 1006 131 27 förvaltning
213 1006 47 21 åter
275 1006 83 25 insatts,
371 1006 112 21 äfvensom
494 1007 107 26 godtgöra
611 1007 32 20 W.
655 1006 32 21 för
698 1006 53 21 hans
762 1007 67 20 rätte-

66 1040 168 27 gångskostnad.
267 1040 35 21 Uti
318 1041 79 26 utslag,
414 1040 122 21 afkunnadt
553 1041 41 20 den
611 1042 24 19 13
653 1040 97 21 Oktober
767 1042 62 25 1882,

64 1074 51 21 faon
139 1075 52 20 derå
210 1074 158 22 Häradsrätten
389 1075 76 21 utredt
480 1081 52 15 vara
547 1077 39 23 att,
603 1075 68 21 ehuru
686 1075 26 21 K.
728 1075 48 21 icke
795 1081 35 15 se-

65 1111 50 19 nast
130 1109 117 21 midfastan
267 1111 61 24 1877,
349 1109 27 27 på
392 1111 47 20 sätt
454 1109 80 22 honom
550 1109 67 27 enligt
632 1109 125 21 Hofrättens
773 1109 56 21 före-

65 1143 94 22 nämnda
171 1143 94 22 domslut
276 1143 77 26 ålegat,
366 1143 96 28 erbjudit
473 1143 33 22 W.
515 1143 183 26 bördeskillingen
709 1143 32 22 för
751 1143 80 27 ifråga-

66 1178 95 22 varande
184 1177 166 22 hemmanshälft
368 1179 40 20 och
429 1179 43 20 den
489 1185 70 14 vunna
573 1179 81 20 börden
671 1184 75 21 genom
763 1177 68 27 sagda

66 1213 150 21 försummelse
236 1213 56 20 varit
311 1213 123 25 törverkad,
453 1212 154 27 Kronofogden
622 1213 27 20 N.
665 1212 64 21 likväl
745 1212 41 21 den
804 1213 25 20 16

66 1247 97 21 Oktober
187 1249 62 24 1877,
273 1247 28 21 då
322 1247 188 27 bördeskillingen
532 1247 68 22 tillika
620 1247 23 21 åt
661 1247 32 21 W.
710 1246 119 32 aflemnats,

66 1281 73 28 afhyst
154 1281 79 22 honom
252 1281 49 22 från
321 1281 204 28 hemmanshälften,
542 1283 6 20 i
564 1282 107 21 anseende
688 1280 84 23 hvartill
789 1280 41 22 och

66 1316 28 21 då
108 1316 51 25 icke
176 1315 116 22 förnekadt
311 1316 77 25 blifvit,
408 1318 34 19 att
462 1317 46 21 W:s
524 1316 98 27 flyttning
637 1316 47 21 från
699 1315 131 28 lägenheten

66 1350 32 21 till
114 1356 72 15 annan
201 1350 79 21 bostad
299 1350 107 27 medtagit
424 1350 24 22 af
462 1350 80 22 honom
561 1350 114 27 uppgifven
691 1350 94 21 kostnad
802 1351 27 19 30

65 1384 60 22 mark
142 1384 39 21 och
197 1386 33 19 att
245 1384 36 21 vid
296 1384 53 22 hans
366 1384 121 28 afhysande
507 1385 46 21 från
568 1385 130 26 lägenheten
715 1385 38 21 der
768 1390 62 21 gvar-

65 1418 70 22 blifvit
149 1418 80 22 honom
245 1418 128 22 tillhörande
390 1420 70 26 gröda
476 1419 41 22 och
533 1418 157 28 boskapsfoder
701 1418 32 22 till
745 1419 37 21 det
792 1418 37 22 be-

66 1452 51 28 lopp
141 1453 42 21 han
205 1453 106 27 upptagit,
335 1454 169 26 Häradsrätten,
524 1454 48 21 med
590 1453 138 22 förkastande
747 1453 24 21 af
784 1453 46 21 W:s
