1031 1678
770 133 37 19 121

79 195 184 28 undergräfvande
287 196 128 27 osedlighet,
436 197 43 21 kan
496 197 37 21 det
548 196 140 22 omförmälda
707 196 132 22 förfarandet

80 230 84 22 således
179 231 111 26 rimligtvis
306 231 49 21 icke
370 230 120 28 uppfattas.

148 265 169 22 Vidkommande
339 265 67 22 sedan
425 265 115 28 yrkandet,
560 267 33 20 att
606 265 147 22 Prokuratorn
770 265 69 22 måtte

79 299 88 27 vidtaga
182 299 77 28 åtgärd
275 299 88 27 derhän,
379 301 34 20 att
424 300 26 21 de
460 300 163 27 prostituerade
632 299 69 22 blefve
712 299 127 22 befordrade

78 333 33 21 till
126 334 7 20 i
148 333 35 27 lag
199 335 69 20 utsatt
282 340 79 14 ansvar
375 333 33 22 för
424 334 26 21 de
469 334 266 27 sedlighetsförbrytelser,
751 333 87 22 hvartill

79 367 27 21 de
121 369 52 25 göra
189 368 32 26 sig
237 368 104 27 skyldiga,
357 368 39 21 har
409 368 38 27 jag
462 368 69 22 redan
546 368 59 22 förut
620 368 86 27 erinrat,
721 368 48 21 icke
786 368 52 21 alle-

78 403 50 20 nast
147 404 32 19 att
198 402 26 21 de
239 402 8 21 i
263 404 25 19 57
305 402 49 27 kap.
373 402 29 21 M.
416 402 25 21 B.
461 402 99 27 åsyftade
583 402 108 27 koppleri-
714 402 40 21 och
777 402 61 21 skör-

78 435 171 22 lefnadsbrotten
265 436 49 21 med
330 436 27 21 all
373 436 115 27 stränghet
503 436 90 22 beifrats
610 437 38 20 der
664 437 25 20 de
702 436 137 22 förekommit

78 482 28 3 —
120 469 100 23 hvarföre
238 471 38 26 jag
296 477 28 14 nu
345 476 64 15 anser
424 471 43 26 mig
483 471 73 20 kunna
571 471 71 21 lemna
657 470 74 27 frågan
745 471 8 20 i
769 471 70 21 denna

79 505 35 20 del
129 505 14 20 å
158 505 46 20 sido
221 516 27 3 —
264 506 52 19 utan
332 505 47 26 ock,
396 506 33 20 att
445 505 41 21 den
503 505 195 26 omständigheten,
715 507 32 19 att
761 504 77 27 ifråga-

78 539 94 21 varande
187 539 89 26 qvinnor
290 539 39 21 hos
340 539 84 27 polisen
439 539 121 22 inskrifvits
576 539 34 22 för
624 539 120 27 periodiskt
759 539 78 21 under-

79 573 84 26 gående
178 573 23 21 af
214 573 127 27 besigtning,
353 573 47 22 icke
412 573 6 21 i
430 573 40 22 och
480 573 34 22 för
525 573 33 27 sig
569 575 64 26 utgör
642 573 115 27 tillräcklig
768 573 69 27 grund

78 607 34 22 för
129 607 63 22 deras
207 607 93 22 fällande
316 607 32 22 till
359 614 78 15 ansvar
446 607 34 22 för
491 608 133 26 lönskaläge.
650 608 42 21 För
703 608 59 21 detta
773 607 66 22 ända-

78 643 43 21 mål
137 643 70 22 måste
223 643 94 22 särskild
332 644 49 27 laga
396 643 118 27 utredning
524 646 110 25 presteras
646 649 34 16 om
691 643 40 21 den
742 642 95 22 faktiska

78 676 187 23 förhandenvaron
282 678 22 21 af
318 678 57 27 dylik
393 677 129 28 förbrytelse
543 677 47 21 från
606 678 53 21 hvar
674 677 39 21 och
729 683 38 15 ens
783 676 54 22 sida.

78 711 73 27 Något
174 712 106 27 åtagande
299 714 32 19 att
351 712 149 21 åstadkomma
519 712 69 21 sådan
603 712 114 26 utredning
732 710 64 22 hafva
811 711 26 21 de

78 752 109 22 personer,
203 747 72 21 hvilka
289 747 40 21 hos
345 747 44 27 mig
402 746 118 22 framställt
534 746 110 28 yrkanden
659 747 8 20 i
681 746 62 22 ofvan
759 745 78 22 omför-

78 780 71 22 mälda
169 780 62 28 syfte,
253 781 54 21 dock
325 781 48 21 icke
388 781 69 21 iklädt
472 781 44 27 sig;
540 781 40 22 och
596 781 65 21 redan
678 780 22 22 af
714 780 61 22 detta
790 780 47 21 skäl

79 817 56 19 samt
151 816 27 20 då
198 815 37 21 det
247 816 24 26 ju
287 816 55 20 varit
360 816 41 21 och
419 815 105 22 förblifvit
540 816 48 21 dem
603 816 101 26 obetaget
719 816 33 20 att
766 815 8 21 i
788 815 49 26 laga

79 850 90 26 ordning
184 850 33 21 till
233 850 44 22 åtal
292 850 85 27 angifva
393 851 26 21 de
434 851 117 26 brottsliga
566 853 56 19 samt
638 850 73 22 dervid
726 849 23 22 af
762 849 75 22 veder-

78 884 95 22 börande
189 885 102 26 åklagare
306 885 87 27 påkalla
408 885 28 21 all
452 885 42 21 den
510 885 83 27 åtgärd,
612 885 53 21 hans
681 884 134 28 tjenstepligt
830 884 7 20 i

78 920 22 25 ty
116 918 36 22 fall
169 919 88 27 ålägger
274 919 84 27 honom,
373 920 39 20 har
420 920 38 26 jag
469 921 74 19 ansett
553 920 43 26 mig
606 919 47 21 icke
665 926 39 20 ega
715 918 120 26 anledning,

78 955 27 19 än
120 953 82 21 mindre
218 954 123 26 skyldighet
357 956 39 25 att,
418 954 80 21 endast
510 954 33 21 till
558 954 53 26 följd
627 953 23 22 af
663 953 125 22 förberörda
802 959 35 21 yr-

77 987 92 26 kanden,
185 987 103 22 förordna
303 988 32 21 till
351 988 56 21 slika
423 988 57 21 åtals
496 988 141 21 anställande.

146 1021 79 22 Vidare
241 1022 38 21 har
294 1023 31 20 uti
342 1029 25 14 en
379 1022 22 21 af
409 1022 52 21 flere
473 1021 84 22 aktade
565 1022 140 26 medborgare
715 1021 7 21 i
732 1021 104 21 Tavaste-

77 1055 41 21 hus
134 1056 167 25 undertecknad,
318 1056 33 21 till
367 1057 243 21 Prokuratorsembetet
624 1055 92 28 ingifven
727 1055 63 22 skrift
800 1061 35 15 an-

77 1089 81 26 hållits,
179 1091 33 20 att
231 1090 144 21 Prokuratorn
396 1091 74 26 måtte,
489 1091 68 26 jemte
573 1090 37 21 det
625 1090 43 21 han
683 1089 112 22 anbefalde
811 1089 26 22 de

77 1123 80 22 honom
173 1124 160 28 underlydande
349 1125 177 21 stadsfiskalerne
542 1127 33 19 att
584 1125 50 21 med
645 1126 68 20 större
725 1124 112 27 stränghet

78 1159 27 20 än
125 1158 106 22 härintills
255 1159 67 22 beifra
342 1159 59 22 brott
416 1161 45 20 mot
478 1161 26 19 57
521 1159 49 27 kap.
586 1159 28 21 M.
631 1159 32 26 B.,
678 1159 100 21 befordra
793 1158 42 21 alla

76 1193 160 26 prostituerade
252 1194 32 21 till
300 1194 36 21 det
351 1195 7 20 i
369 1194 121 27 Kejserliga
506 1193 151 28 förordningen
668 1194 23 21 af
699 1194 40 21 den
751 1195 12 19 2
774 1192 61 27 April

79 1229 53 19 1883
149 1227 33 22 för
192 1228 184 27 kringstrykande,
389 1229 115 26 sysslolöst
515 1229 40 21 och
567 1229 93 26 osedligt
670 1228 94 21 lefverne
775 1227 60 21 stad-

76 1261 55 26 gade
148 1268 82 15 ansvar.
253 1262 56 27 Men,
318 1262 92 22 förutom
427 1263 37 21 det
480 1265 33 19 att
522 1263 42 27 jag,
576 1263 34 21 vid
621 1262 108 22 ofvanföre
741 1262 94 27 antydda

76 1295 139 26 förhällande,
238 1296 69 22 funnit
327 1297 116 26 anledning
462 1297 49 22 icke
530 1297 132 22 förekomma
684 1299 33 19 att
732 1296 104 21 särskildt

76 1336 109 20 uppmana
207 1331 160 21 vederbörande
388 1331 103 27 åklagare
512 1333 32 19 att
559 1331 91 26 fullgöra
665 1331 33 21 sin
713 1331 54 27 pligt
782 1331 7 20 i
805 1331 30 21 af-

76 1364 81 21 seende
173 1364 12 21 ä
201 1364 55 22 ätals
272 1365 110 21 väckande
398 1368 45 18 mot
459 1365 56 27 dem,
532 1372 45 15 som
588 1366 73 20 kunna
671 1366 52 26 göra
733 1365 34 26 sig
778 1364 57 28 skyl-

76 1398 50 27 diga
141 1398 33 22 till
190 1399 26 21 de
232 1399 6 21 i
255 1399 121 27 äberopade
392 1400 49 26 kap.
457 1399 91 22 afsedda
562 1400 94 26 brotten,
667 1400 38 21 har
713 1400 38 26 jag
763 1401 72 19 ansett

76 1432 37 21 det
135 1432 48 22 icke
205 1434 112 20 ankomma
333 1434 12 20 ä
360 1434 148 21 Prokuratorn
531 1436 33 19 att
586 1434 85 27 vidtaga
692 1434 40 21 den
747 1433 7 21 i
771 1433 64 27 öfrigt
