1031 1678
199 133 27 21 66

171 195 46 22 står
231 194 86 27 ganska
333 195 54 20 nära
403 194 69 21 under
488 195 141 27 terrängytan
644 194 30 28 på
689 195 95 20 tomtens
794 193 60 28 lägre
865 193 67 24 delar,

170 229 69 21 Dessa
259 229 37 21 två
314 228 186 27 omständigheter
518 229 88 21 komma
624 228 143 27 ovilkorligen
788 230 33 19 att
835 227 97 22 försvåra

172 262 300 29 grundläggningsarbetena,
483 263 7 20 i
501 263 119 27 synnerhet
630 270 46 15 som
683 263 80 28 jorden
774 263 25 21 är
809 263 24 21 så
843 263 39 24 lös,
898 264 33 19 att

170 297 181 28 uppstyltningen
369 296 26 22 af
416 297 25 21 de
460 297 82 22 ställvis
562 298 28 21 25
606 297 31 22 fot
653 297 68 28 djupa
736 297 196 27 grundgrafvarnes

171 333 82 25 väggar
267 331 43 21 blir
325 331 87 27 mycket
427 331 97 21 kostsam
539 331 41 21 och
595 333 30 26 på
640 332 93 21 förhand
749 332 78 20 nästan
843 330 89 28 omöjlig

171 368 33 19 att
220 367 123 25 noggrannt
357 365 104 22 beräkna.

241 400 33 20 En
296 406 74 15 annan
386 399 151 28 betydelsefull
554 400 169 27 omständighet,
745 406 46 15 som
807 399 125 22 medverkat

171 433 33 22 till
221 434 221 27 kostnadsförslagets
458 434 97 27 höjning,
572 435 24 20 är
612 435 49 25 den,
677 437 34 19 att
725 434 108 22 material-
849 433 40 22 och
899 441 33 14 ar-

171 468 123 27 betsprisen
313 468 34 22 för
365 469 37 20 det
421 469 135 21 närvarande
576 470 38 20 äro
634 470 78 20 stadda
731 469 8 20 i
754 468 59 22 stark
829 468 103 27 stigning.

172 503 42 26 Jag
229 503 70 21 måste
315 503 24 21 af
353 504 68 20 sådan
436 503 119 27 anledning
570 503 117 22 framhålla
703 503 153 28 omöjligheten
868 503 24 21 af
900 504 32 20 att

172 538 70 20 under
258 538 24 21 så
297 539 47 20 små
359 537 151 22 förhållanden
527 545 46 14 som
588 539 54 20 våra
657 539 29 26 på
695 537 95 22 förhand
801 539 48 20 med
859 537 73 22 säker-

170 573 37 21 het
228 572 99 22 beräkna
344 572 124 26 kostnader,
484 572 74 22 hvilka
576 574 38 20 äro
633 573 108 21 beroende
761 573 24 21 af
803 573 41 20 den
860 574 69 19 större

172 607 52 22 eller
238 607 85 21 mindre
339 607 256 28 byggnadsverksamhet,
611 614 46 14 som
668 607 34 22 för
712 606 95 22 tillfället
819 607 63 21 råder
892 606 41 21 och

172 648 46 15 som
233 641 49 22 icke
297 641 44 22 kan
349 641 95 22 förutses
456 648 38 15 ens
504 641 34 22 för
549 642 37 21 det
596 643 98 20 närmast
705 641 96 28 följande
812 641 121 28 byggnads-

173 676 53 21 året.
243 688 28 3 —
286 676 32 21 De
333 676 71 26 priser
419 682 45 15 som
478 676 38 28 jag
531 676 8 20 i
550 676 49 21 mitt
610 675 187 27 kostnadsförslag
809 675 24 21 af
841 675 92 27 Augusti

174 710 54 22 1887
244 710 79 27 intagit
339 717 52 15 voro
407 711 117 25 desamma,
540 717 46 15 som
600 710 80 27 erlagts
695 710 37 21 vid
750 710 145 27 uppförandet
911 709 24 21 af

173 744 158 23 Statsarkivets
342 745 130 27 nybyggnad
484 746 28 27 (d.
524 752 19 14 v.
556 752 16 14 s.
583 746 42 20 den
637 745 35 21 del
683 744 68 26 deraf,
762 745 89 21 hvarom
863 746 69 19 entre-

172 778 214 28 prenadkontrakter
402 780 28 20 då
440 786 51 15 voro
502 780 134 27 uppgjorda)
648 780 41 20 och
699 780 69 20 måste
779 780 110 20 desamma
900 779 33 21 så-

172 814 59 21 ledes
247 820 64 15 anses
327 814 56 21 varit
399 814 85 27 riktiga.
514 814 41 21 Vid
571 814 154 27 uppgörandet
740 813 24 22 af
778 814 37 20 det
830 820 30 14 nu
877 813 57 21 före-

172 848 104 28 liggande
291 848 106 28 förslaget
411 848 41 22 har
464 849 39 27 jag
519 862 27 2 —
562 848 56 22 efter
634 848 164 28 öfverläggning
814 849 49 20 med
874 854 26 15 en
912 848 24 21 af

173 884 52 20 våra
236 885 55 19 mest
301 882 97 22 förfarne
408 883 280 27 byggnadsentreprenörer
698 896 27 2 —
737 885 42 19 sett
788 883 43 27 mig
839 885 95 25 tvungen

173 920 32 19 att
224 918 85 26 ganska
326 918 105 27 betydligt
446 917 51 28 höja
512 920 32 19 ett
560 918 62 22 antal
638 918 24 21 af
676 918 27 20 de
718 917 115 27 vigtigaste
849 917 85 21 enhets-

172 952 77 28 priser,
265 953 29 21 då
309 953 117 25 desamma,
443 953 71 21 såsom
529 952 66 22 ofvan
611 954 65 25 sagts,
692 958 90 15 numera
793 952 59 27 stigit
862 952 7 20 i
880 952 54 27 följd

173 987 24 21 af
210 988 43 20 den
269 986 130 28 myckenhet
409 986 159 28 nybyggnader,
580 994 45 14 som
635 987 148 21 instundande
793 993 94 15 sommar
897 987 37 20 äro

173 1021 92 22 afsedda
280 1024 33 19 att
327 1021 8 20 i
350 1021 78 21 staden
444 1021 110 27 uppföras.

242 1055 35 22 En
296 1055 65 22 minst
376 1055 46 21 lika
437 1055 69 28 vigtig
521 1055 32 22 rol
568 1062 46 14 som
630 1056 41 20 den
688 1061 51 22 nyss
755 1055 85 25 nämda,
863 1054 72 27 spelar

173 1091 43 20 den
232 1091 55 26 grad
302 1089 25 22 af
340 1089 137 28 gedigenhet,
494 1096 48 15 men
558 1089 87 22 hvilken
662 1089 129 28 byggnaden
807 1088 55 22 skall
878 1095 57 21 upp-

173 1123 65 22 föras.
256 1137 27 3 —
299 1124 41 21 Det
355 1125 63 20 torde
432 1124 48 21 icke
496 1125 49 20 med
556 1125 36 26 fog
603 1124 75 21 kunna
689 1125 64 26 sägas
764 1125 32 20 att
808 1123 71 27 någon
890 1129 45 15 som

173 1159 57 21 helst
246 1159 37 27 lyx
298 1159 69 21 blifvit
384 1159 83 27 antydd
482 1159 13 21 å
510 1159 136 27 byggnaden,
662 1165 52 15 vare
729 1158 32 27 sig
776 1158 7 20 i
799 1157 136 27 ritningarna

173 1193 53 21 eller
241 1193 215 27 kostnadsförslaget.
486 1193 144 28 Byggnadens
646 1193 81 21 former
742 1194 37 20 äro
791 1195 58 18 stora
861 1193 32 20 för
903 1194 33 19 att

173 1227 104 29 uttrycka
299 1229 48 20 dess
370 1227 109 22 ändamål,
502 1235 48 14 men
570 1229 42 20 den
633 1228 127 21 dekorativa
780 1227 116 28 utstyrseln
912 1228 24 20 är

174 1262 70 28 enkel,
261 1264 100 19 närmast
373 1262 110 28 jemförlig
499 1263 48 20 med
564 1262 155 27 senatshusets,
735 1261 64 22 hvars
810 1261 126 22 dekorativa

174 1299 97 18 moment
287 1297 121 28 ingalunda
424 1297 96 21 kommer
535 1299 33 19 att
584 1297 138 21 öfverträffas
733 1297 24 20 af
765 1296 171 21 ständerhusets.

173 1331 104 21 Deremot
296 1331 39 21 har
355 1331 40 27 jag
414 1333 72 19 ansett
500 1338 27 14 en
543 1331 130 27 förändring
689 1331 25 21 af
730 1332 37 20 det
782 1330 155 28 ursprungliga

173 1366 112 27 projektet
301 1366 124 27 nödvändig
441 1366 133 21 derutinnan
585 1368 34 19 att
628 1366 40 27 jag
678 1365 108 22 beräknat
796 1365 141 27 byggnadens

173 1402 58 26 yttre
246 1407 75 15 murar
335 1401 37 21 två
388 1401 40 21 och
444 1407 27 15 en
487 1400 48 22 half
548 1400 32 22 fot
591 1400 74 28 tjocka
675 1400 8 21 i
693 1402 91 19 motsats
795 1399 35 22 till
841 1400 28 20 de
879 1399 58 21 förut

174 1438 99 24 antagna
287 1436 37 21 två
339 1435 38 21 fot.
408 1435 69 21 Detta
492 1436 55 20 mått
563 1448 27 2 —
606 1436 37 21 två
658 1435 41 21 och
715 1441 26 15 en
756 1434 48 22 half
817 1434 32 21 fot
859 1446 28 4 -—
898 1434 40 22 har
