1031 1678
205 104 14 19 4
422 102 18 23 U.
458 101 20 24 B.
495 114 25 3 —
537 101 125 24 111—XXXVI.

177 171 46 15 mer
246 166 27 19 än
295 165 14 20 6
329 164 50 27 milj.
395 164 61 22 mark
472 164 53 21 ifrän
541 164 67 21 andra
623 163 82 25 fonder,
720 169 46 16 som
781 163 100 22 likaledes
897 169 43 16 om-

178 198 93 22 fattades
294 198 23 21 af
336 198 207 27 kapitalräkningen,
559 198 40 21 och
616 198 27 21 dä
659 197 198 28 kapitalräkningen
873 197 67 22 blifvit

178 232 107 27 uppgjord
299 233 24 21 sä
339 239 45 14 som
400 232 112 22 Utskottet
526 232 63 21 ofvan
605 232 82 27 antydt,
703 231 62 22 hafva
781 232 60 21 dessa
856 231 84 22 fonder-

180 272 39 16 nas
234 266 101 22 inbördes
350 266 147 22 förhällanden
513 267 28 26 pä
556 266 76 21 sädant
648 267 43 20 sätt
705 266 8 21 i
728 266 65 27 sagda
808 265 89 28 räkning
911 266 30 21 in-

179 301 54 26 gätt,
257 302 32 19 att
311 300 40 21 den
375 307 40 14 ena
437 300 89 22 fondens
548 299 197 28 tillgodohafvande
764 299 39 22 hos
819 300 40 21 den
875 300 66 21 andra

179 334 88 27 intagits
282 335 70 21 säsom
368 340 27 15 en
410 334 92 21 kronans
517 334 87 21 fordran
620 334 41 21 och
677 333 39 22 den
732 334 77 21 andras
825 333 61 22 skuld
909 333 32 21 till

179 368 42 22 den
244 368 57 21 förra
325 368 70 21 såsom
414 374 26 15 en
455 368 93 21 kronans
563 368 70 26 skuld,
649 368 7 21 i
671 367 52 27 följd
738 368 75 21 hvaraf
827 368 40 22 den
882 367 60 27 ingä-

179 402 54 22 ende
256 402 102 21 balansen
381 402 59 21 säväl
462 402 27 27 pä
512 402 73 21 debet-
607 408 47 15 som
670 402 130 21 kreditsidan
816 402 61 21 ökats
892 402 49 21 med

181 437 32 20 ett
232 436 40 21 och
287 441 81 16 samma
383 435 77 28 belopp
477 435 39 22 och
531 435 47 22 icke
595 442 47 15 mer
656 435 115 27 ätergifver
787 436 36 21 det
837 441 104 16 samman-

179 469 64 28 lagda
258 469 96 27 verkliga
369 469 203 27 tillgodohafvandet
587 469 39 22 och
643 469 41 22 den
699 469 158 28 sammanlagda
879 469 62 22 verk-

179 503 44 28 liga
237 503 90 22 skulden
343 503 6 21 i
365 503 62 22 dessa
441 503 80 22 fonder.
547 503 112 27 Sjelffallet
673 503 106 22 beteckna
794 503 60 22 dessa
869 505 73 25 poster

179 537 20 28 ej
222 537 69 22 heller
313 538 93 21 kronans
428 537 49 22 hela
490 537 87 22 fordran
597 537 40 22 och
652 537 93 22 kronans
760 537 49 22 hela
823 537 68 25 skuld,
908 537 33 25 dä,

181 572 71 21 säsom
276 571 62 22 ofvan
361 571 66 22 redan
442 571 133 25 framhällits,
591 571 201 27 kapitalräkningen
807 571 18 27 ej
842 571 100 22 omfattar

181 605 42 22 alla
238 605 136 22 statsfonder.

249 639 12 22 I
276 639 58 22 detta
349 639 153 26 sammanhang
516 645 62 16 anser
593 639 113 21 Utskottet
720 639 32 26 sig
762 639 53 22 böra
825 639 116 27 framhålla,

182 673 102 22 hurusom
299 673 8 21 i
321 673 118 21 relationen
454 673 55 27 (pag.
526 673 21 27 8)
562 673 126 27 visserligen
703 672 100 27 angifves,
818 675 33 19 att
861 680 82 14 summa

181 707 95 22 inkomst
297 707 7 21 i
328 707 26 21 de
372 706 75 22 fonder
462 707 200 27 kapitalräkningen
678 706 100 31 omfattar
792 707 80 27 utgjort
886 713 55 21 resp.

182 742 136 26 36,867,941:
335 742 32 26 33,
399 742 133 27 37,714,915:
549 742 27 21 57
610 742 41 21 och
676 742 134 26 35,607,512:
827 742 26 21 73
887 744 56 19 samt

182 782 81 15 summa
287 775 63 27 utgift
369 776 55 27 (pag.
440 776 36 25 27)
492 782 54 20 resp.
562 776 138 24 40,957,831:
716 776 33 25 58;
765 776 134 26 42,756,092:
916 776 28 22 80

185 810 40 21 och
241 810 134 26 49,326,376:
392 810 35 26 22,
443 816 47 15 men
506 811 32 20 att
553 810 41 21 den
610 809 121 28 betydande
746 809 66 28 ärliga
826 810 60 25 brist,
897 816 46 16 som

183 843 91 22 sälunda
296 843 69 22 skulle
386 843 8 21 i
416 844 62 21 dessa
498 843 75 22 fonder
588 844 105 27 uppstätt,
708 844 103 26 reglerats
825 850 76 20 genom
918 844 26 21 de

183 878 66 26 nägot
273 884 76 15 senare
370 877 8 21 i
404 877 199 28 kapitalräkningen
626 878 141 22 observerade
793 878 151 27 öfverföringar

182 911 47 22 frän
253 912 40 21 och
312 911 33 21 till
360 912 68 21 andra
442 911 80 22 fonder.
552 912 127 22 Emellertid
694 912 38 22 ske
748 912 60 22 dessa
823 912 121 22 öfverförin-

183 952 39 20 gar
245 946 80 26 ojemnt
347 946 40 21 och
410 946 120 22 oberoende
553 946 46 21 utaf
613 946 26 22 de
654 946 67 27 ärliga
736 946 144 22 inkomsterna
894 947 7 20 i
918 946 25 22 de

183 979 82 27 fonder,
289 979 93 22 derifrän
406 980 178 27 öfverföringarna
607 986 39 21 ega
661 986 54 20 rum,
731 980 80 22 hvilket
825 980 7 21 i
847 980 32 22 sin
894 981 50 21 män

184 1013 61 22 äfven
268 1013 99 27 bidrager
390 1013 34 22 till
448 1014 36 21 det
502 1014 21 21 af
537 1014 112 21 Utskottet
665 1014 66 21 redan
747 1014 89 26 tidigare
851 1014 93 27 antydda

183 1046 134 23 förhällande
339 1049 32 20 att
394 1047 160 28 ifrägavarande
572 1047 174 28 kapitalräkning
761 1048 45 21 icke
821 1048 82 21 lemnar
918 1055 26 14 en

183 1081 122 28 tillförlitlig
321 1081 115 22 öfverblick
447 1081 22 22 af
478 1083 80 20 statens
568 1082 96 27 verkliga
674 1082 117 21 inkomster
801 1082 39 21 och
850 1082 92 27 utgifter.

251 1115 42 22 Vid
308 1115 156 27 granskningen
480 1115 22 22 af
514 1116 82 27 utgifts-
612 1116 41 22 och
668 1116 193 27 inkomstposterna
873 1116 7 21 i
891 1117 53 21 rela-

182 1149 74 22 tionen
279 1149 40 22 har
340 1149 112 22 Utskottet
467 1149 74 28 funnit,
557 1150 102 22 hurusom
676 1151 62 21 dessa
752 1152 73 25 poster
840 1150 43 21 ofta
898 1150 46 22 icke

184 1183 188 22 öfverensstämma
394 1184 49 21 med
466 1184 26 21 de
511 1184 113 27 uppgifter,
640 1191 46 15 som
701 1184 81 22 lemnas
797 1185 7 20 i
819 1185 67 21 andra
901 1184 43 22 offi-

184 1217 53 22 ciela
259 1217 165 27 publikationer,
446 1218 70 21 säsom
539 1219 26 21 de
588 1218 22 22 af
630 1219 105 22 Senatens
750 1219 151 27 Expeditioner
916 1218 30 22 af-

183 1251 58 27 gifna
263 1251 128 22 berättelser
406 1251 40 22 och
460 1252 56 21 vissa
531 1247 177 33 Öfverstyrelsers
723 1253 70 22 säsom
814 1253 77 26 bidrag
912 1253 32 22 till

185 1285 102 22 Finlands
311 1285 89 22 officiela
422 1285 94 22 statistik
540 1286 171 27 offentliggjorda
736 1287 167 22 ärsberättelser.
934 1287 11 22 I

183 1319 60 22 detta
259 1319 98 22 afseende
372 1321 35 20 mä
422 1319 84 22 anföras
520 1320 93 27 följande
629 1321 104 27 exempel:

255 1461 152 19 Statsutskottets
420 1461 115 19 betänkande
548 1464 37 15 N:o
598 1462 17 17 8.
