1031 1678
785 121 26 20 21

88 181 116 27 tillverkas,
223 183 48 20 med
289 182 131 27 frångående
438 183 7 20 i
464 183 70 20 denna
549 183 34 20 del
598 183 23 20 af
634 182 160 27 bestämningen
809 182 32 21 uti

88 215 36 21 det
147 216 48 21 med
217 216 55 21 Herr
294 216 112 26 Tilgmann
428 216 128 27 upprättade
574 216 104 21 kontrakt
695 217 32 20 att
743 216 98 25 samtliga

88 249 131 27 tryckplåtar
237 250 40 21 och
295 250 90 21 clichéer
404 250 32 21 till
455 250 98 21 Bankens
569 250 70 21 sedlar
655 251 60 20 skola
729 249 112 22 härstädes

88 283 109 22 tillverkas
213 284 6 20 i
235 283 124 28 tryckeriets
375 283 75 22 atelier
465 283 33 22 för
512 284 179 27 galvanoplastik.

158 329 20 27 f)
193 329 41 21 Vid
253 329 157 21 sammanträde
426 329 42 21 den
483 330 28 20 20
526 330 43 20 Juli
586 329 54 21 1887
656 329 100 21 förehade
771 329 70 20 Bank-
855 329 20 25 /)
891 328 82 17 Gransk-

88 363 132 26 fullmäktige
243 363 32 20 till
297 362 130 27 granskning
449 362 47 27 fyra
518 363 89 27 stycken
626 362 169 28 profblanketter
810 362 33 21 till
850 356 42 34 Ping
908 350 18 41 af
934 350 51 40 rä

89 396 102 21 Finlands
214 396 72 21 Banks
308 396 42 21 fem
374 396 72 21 marks
470 397 64 26 sedel,
557 403 45 15 som
622 397 12 20 å
653 397 99 20 Bankens
775 396 67 20 sedel-
873 401 36 17 nya
925 396 37 17 fem

89 430 92 27 tryckeri
203 430 142 26 förfärdigats,
365 432 56 19 samt
443 431 124 20 meddelade
592 430 195 21 Bankdirektionen
811 429 31 21 uti
865 419 109 40 "ks
945 415 32 48 %&

90 463 109 22 skrifvelse
212 464 23 21 af
244 464 91 21 nämnde
347 464 41 26 dag
400 464 26 21 de
438 465 166 26 anmärkningar
616 464 131 21 beträffande
759 463 83 22 sedelns

89 498 110 26 utseende,
215 498 85 21 hvartill
321 498 143 27 Fullmäktige
484 499 72 20 dervid
575 499 65 20 funno
660 498 112 26 anledning
787 497 54 21 före-

89 531 92 22 komma.

157 577 24 27 g)
197 577 49 20 Med
265 577 110 21 skrifvelse
393 577 33 21 för
446 578 40 20 den
506 579 27 20 24
549 578 96 21 Oktober
661 578 54 21 1887
731 577 136 28 öfverlem-
849 573 23 37 g)
883 583 101 18 Utfärdan-

74 627 2 2 -
90 611 55 20 nade
163 611 195 21 Bankdirektionen
374 611 32 21 till
421 611 196 27 Bankfullmäktige
632 613 31 19 ett
678 611 22 21 af
714 611 58 20 äldre
787 611 52 20 Bok-
849 606 14 39 de
881 605 105 41 afinstruk-

90 645 95 21 hällaren
204 645 7 21 i
229 645 88 21 Banken
335 645 85 21 Doktor
438 645 26 21 E.
481 645 101 26 Grönvik,
598 645 27 27 pä
640 645 151 20 Direktionens
807 641 26 35 an-
847 651 71 17 trollen
931 651 20 17 af
958 656 28 13 se-

90 679 84 26 modan,
196 680 114 26 uppgjordt
331 679 80 26 förslag
433 680 34 20 till
488 679 130 21 instruktion
636 679 33 20 för
687 678 120 21 kontrollen
823 678 22 20 af
863 673 115 27 deltillverk-

90 713 221 27 sedeltillverkningen
329 714 8 20 i
356 713 103 21 Finlands
478 713 71 21 Banks
569 713 92 27 tryckeri
676 714 55 20 samt
745 712 99 20 framhöll
882 702 74 16 ===

90 748 73 20 dervid
179 749 31 19 att
225 748 40 20 den
280 754 76 20 genom
371 747 105 26 förslaget
491 747 95 27 äsyftade
602 747 126 24 kontrollen,
740 752 45 14 som
796 746 47 20 huf-

90 782 137 26 vudsakligen
254 782 83 20 komme
359 782 32 20 att
416 781 92 21 omfatta
533 781 95 21 kontroll
643 781 58 21 öfver
717 780 125 27 sedelpapp-

89 817 33 19 ret
145 816 39 20 och
206 816 278 27 tryckplättillverkningen,
508 816 66 26 enligt
600 815 150 21 Direktionens
780 814 62 26 äsigt,

90 856 49 14 vore
161 850 48 20 fullt
231 850 150 26 betryggande,
405 850 27 20 dä
456 850 96 20 deremot
570 856 25 14 en
614 849 84 26 ständig
713 848 94 21 kontroll
823 847 22 21 af

89 884 85 20 arbetet
188 884 71 20 kunde
274 890 51 14 vara
341 884 67 26 egnad
424 885 32 19 att
472 884 98 25 försvaga
579 884 35 20 det
626 882 161 26 öfvervakande,
799 888 45 14 som

90 918 79 26 åligger
184 918 256 26 tryckeriföreständaren
456 920 108 24 gentemot
580 918 53 20 hans
649 917 98 21 arbetare
763 916 38 20 och
813 917 32 19 att

90 952 89 20 sälunda
194 952 99 26 möjligen
309 952 81 20 mindre
406 952 110 20 verksamt
526 951 110 21 motverka
647 950 112 22 missbruk.
785 949 60 21 Efter

90 986 36 20 det
149 986 194 21 Bankdirektionen
363 986 34 20 vid
418 992 123 19 gemensam
562 985 158 26 öfverläggning
735 984 7 21 i
757 983 89 21 ärendet

90 1020 49 20 med
154 1019 194 26 Bankfullmäktige
363 1020 41 20 den
420 1020 13 21 5
449 1019 133 27 derpätöljde
592 1019 121 21 November
722 1017 124 28 ytterligare

90 1053 118 21 framhållit
231 1053 171 21 önskvärdheten
425 1053 62 21 deraf
505 1055 32 19 att
556 1054 36 20 det
606 1053 7 20 i
628 1051 135 22 förestående
778 1050 67 21 måtto

90 1087 121 26 föreslagna
232 1087 234 26 kontrolleringssättet
488 1087 56 26 finge
567 1087 106 26 tillämpas
692 1087 33 20 för
740 1085 105 20 vinnande

91 1122 22 21 af
134 1121 119 21 erfarenhet
275 1121 104 21 huruvida
398 1121 120 21 detsamma
535 1127 51 15 vore
601 1119 178 26 ändamålsenligt
794 1119 52 20 eller

91 1162 34 14 om
148 1155 99 27 möjligen
271 1161 24 14 en
318 1161 58 14 mera
398 1155 100 21 verksam
524 1155 93 20 kontroll
639 1155 70 20 kunde
733 1153 112 25 anordnas,

90 1189 63 21 hafva
176 1189 194 26 Bankfullmäktige
392 1189 117 26 nästsagde
532 1189 41 26 dag
595 1189 94 26 godkänt
707 1186 140 23 förenämnda

90 1223 79 26 förslag
184 1223 32 21 till
231 1223 136 26 instruktion,
387 1225 32 18 att
437 1223 119 21 tillsvidare
572 1223 62 20 lända
650 1223 32 20 till
697 1220 149 25 efterrättelse,

90 1257 55 21 dock
165 1258 47 20 med
231 1257 76 21 sådant
322 1257 74 26 tillägg
412 1259 32 19 att
461 1257 158 21 kontrollanten
634 1257 69 20 skulle
719 1256 85 25 åläggas
819 1253 29 27 på

90 1291 57 20 vissa
164 1293 97 19 närmare
280 1291 112 21 bestämda
410 1291 58 20 tider
484 1291 114 20 verkställa
613 1290 124 25 fullständig
753 1289 94 20 invente-

90 1325 47 25 ring
155 1324 23 20 af
195 1325 114 26 tryckeriet
328 1325 39 20 och
384 1325 99 20 deröfver
498 1325 32 20 till
546 1324 194 21 Bankdirektionen
757 1321 90 22 aflemna

89 1358 123 22 berättelse.

158 1403 23 27 h)
205 1399 182 31 Öfvervakningen
415 1404 23 20 af
463 1404 101 21 Bankens
582 1402 171 27 sedeltryckning
775 1400 7 20 i
804 1400 42 21 Kö
900 1391 63 47 EN
974 1414 20 18 af

88 1438 107 26 penhamn
217 1437 124 21 handhades
360 1438 23 20 af
400 1444 90 15 numera
509 1438 77 20 aflidne
608 1436 99 22 Filosofie
731 1430 114 39 Magistern
857 1430 74 39 Bankens
950 1443 29 13 se-
