1031 1678
224 134 41 19 124

195 198 58 26 ning,
275 197 41 22 den
337 198 7 21 i
362 198 38 21 vår
414 197 32 22 tid
462 197 117 27 onaturligt
594 197 102 26 stegrade
711 197 112 27 lystnaden
842 197 56 21 efter
915 198 37 21 nö-

194 233 63 26 nöjen
279 232 40 21 och
339 232 123 27 njutningar
482 232 22 21 af
522 232 41 21 alla
583 232 55 26 slag,
659 232 138 26 svårigheten
812 233 33 20 att
859 232 51 27 ingå
925 232 27 21 ti-

195 267 50 26 diga
261 267 120 26 äktenskap
398 269 55 19 samt
468 267 110 21 bristande
594 266 72 27 tillsyn
682 266 59 22 öfver
755 267 97 21 växande
865 266 87 22 flickors

195 300 134 28 uppförande
349 303 60 19 utom
426 301 104 26 hemmen,
552 301 62 21 torde
630 303 100 24 nogsamt
745 301 64 25 inses,
826 303 33 19 att
873 301 78 26 ifråga-

195 336 93 22 varande
303 335 122 27 föreningar
440 335 64 21 hafva
518 337 32 19 ett
566 335 25 21 så
605 335 108 21 tacksamt
729 335 40 21 och
784 335 120 21 vidsträckt
920 341 33 15 ar-

194 369 97 26 betsfält,
307 371 34 20 att
355 370 26 21 de
397 370 47 21 icke
460 369 66 22 borde
542 375 40 21 ega
596 369 117 27 anledning
728 371 39 24 att,
783 370 49 20 med
848 369 104 21 öfverträ-

196 404 69 21 dande
282 403 22 21 af
323 404 37 21 det
374 404 33 20 för
422 404 62 21 deras
501 403 93 22 bestånd
610 404 22 20 af
645 404 122 26 Kejserliga
783 403 93 21 Senaten
893 403 59 20 stad-

195 437 56 27 gade
264 437 75 26 vilkor,
357 437 53 22 söka
425 437 101 22 störande
542 437 52 21 eller
608 437 156 22 motverkande
779 437 83 27 ingripa
877 437 33 21 uti
926 437 26 21 de

196 472 102 27 åtgärder
314 472 40 21 och
370 472 148 26 anordningar,
535 477 46 16 som
600 471 6 21 i
622 471 147 27 sedlighetens
785 471 40 22 och
841 471 111 28 hygienins

195 506 94 21 intresse
312 506 53 21 böra
383 513 52 14 vara
455 506 41 21 den
516 506 171 21 administrativa
702 506 87 21 makten
805 508 56 19 samt
876 505 76 22 veder-

196 541 97 21 börande
304 540 106 21 allmänna
426 541 100 26 åklagare
542 540 52 21 eller
608 540 234 27 polismyndigheterna
858 540 12 21 å
879 539 73 28 hvarje

197 574 95 22 särskild
308 577 34 19 ort
357 575 139 21 förbehållna.

266 609 75 22 Ehuru
355 610 43 27 jag,
414 610 72 21 såsom
502 609 112 21 ofvanföre
629 609 66 21 redan
711 609 125 26 framstälts,
853 609 18 26 ej
883 609 70 21 funnit

197 644 48 21 skäl
259 643 135 22 förekomma
408 645 33 20 att
455 643 33 22 för
503 644 43 20 min
562 643 34 22 del
614 643 90 26 bidraga
721 643 31 21 till
767 643 150 27 upphäfvande
933 643 22 21 af

197 678 41 21 den
254 678 93 21 kontroll
364 677 58 22 öfver
438 678 26 21 de
479 677 165 27 prostituerade,
661 684 46 14 som
722 678 40 20 här
777 678 6 20 i
794 677 158 21 hufvudstaden

197 718 52 21 eger
263 718 55 20 rum,
334 712 39 21 har
386 712 38 26 jag
438 712 72 25 likväl,
525 712 33 21 för
574 713 32 20 att
622 712 27 21 de
664 713 45 19 mot
720 712 42 20 min
775 711 110 21 stridande
897 712 56 26 åsig-

196 748 41 24 ter,
254 752 47 15 som
321 746 7 21 i
344 746 26 22 de
386 746 32 21 till
433 746 240 22 Prokuratorsembetet
688 746 79 26 ingifna
783 746 78 21 talrika
875 746 78 21 ansök-

196 780 106 28 ningarna
322 786 34 16 om
375 781 66 26 sagde
462 780 104 22 kontrolls
582 780 134 21 afskaffande
731 780 133 26 framhållits,
885 780 68 21 måtte

196 815 88 21 komma
299 815 33 21 till
347 815 146 27 Regeringens
509 815 127 25 kännedom,
653 816 72 20 ansett
735 815 48 26 mig,
795 815 6 20 i
811 814 143 22 betraktande

197 849 24 21 af
241 850 80 20 sakens
343 850 101 26 omätliga
464 850 45 26 vigt
528 849 7 21 i
551 849 77 21 socialt
646 849 39 21 och
707 849 121 27 hygieniskt
846 848 107 27 afseende,

197 883 53 22 böra
265 884 33 20 till
313 884 121 26 Kejserliga
450 883 92 22 Senaten
558 884 91 20 insända
659 884 93 20 nämnda
763 883 148 27 ansökningar,
921 882 33 22 för

197 918 42 21 den
262 918 104 21 händelse
390 920 32 19 att
442 918 108 22 desamma
570 918 13 20 å
603 918 67 26 högre
690 919 34 19 ort
739 917 71 21 kunde
832 923 63 15 anses
911 916 42 22 för-

197 952 78 22 anleda
291 952 123 26 förändring
430 952 52 22 eller
498 952 149 27 upphäfvande
659 951 22 22 af
691 952 56 20 hvad
759 951 99 27 Senaten,
870 952 6 20 i
885 951 69 27 grund

197 986 22 21 af
239 986 61 22 Hans
316 987 120 26 Kejserliga
452 987 112 26 Majestäts
587 986 71 22 dertill
674 986 87 27 nådigst
776 986 125 21 meddelade
917 986 36 21 be-

197 1020 151 27 myndigande,
364 1021 137 21 härförinnan
516 1021 6 20 i
538 1022 73 19 ämnet
630 1019 118 22 förordnat.

266 1055 142 27 Helsingfors,
425 1056 13 21 å
452 1055 294 26 Prokuratorsexpeditionen
762 1055 6 20 i
784 1055 120 26 Kejserliga
914 1054 38 22 Se-

196 1091 67 20 naten
278 1089 33 22 för
326 1089 98 27 Finland,
441 1089 41 22 den
498 1091 25 20 16
538 1089 89 22 Januari
645 1091 62 20 1888.

445 1186 24 23 A.
485 1191 42 18 von
547 1186 161 29 Weissenberg.

726 1283 55 22 Lars
800 1283 84 22 Homén.
