1031 1678
809 129 12 21 5

92 193 79 27 neberg
194 193 108 26 emottaga
325 193 30 20 ett
378 191 41 22 den
441 191 13 21 6
474 190 118 23 December
608 191 54 21 1885
679 191 149 27 dagtecknadt,
844 191 8 22 i

91 226 119 23 hufvudsak
225 227 24 21 sä
264 225 91 28 lydande
370 231 59 16 svar:

161 277 5 8 »
167 260 80 27 Enligt
267 259 6 22 i
290 260 41 21 den
347 259 64 22 ärade
426 259 164 28 Delegationens
606 259 109 22 skrifvelse
729 259 24 22 af
766 260 41 21 den
823 261 26 20 21

92 295 49 22 Okt.
157 295 57 27 gifna
229 294 102 28 uppdrag,
354 300 51 15 vore
421 294 36 21 det
472 294 42 21 min
530 294 62 27 afsigt
610 295 32 20 att
657 294 24 21 sä
696 293 43 22 fort
753 294 32 27 sig
799 296 53 25 göra

91 329 55 22 låter
167 328 88 28 påbörja
279 327 175 27 omarbetningen
476 327 22 22 af
518 327 43 22 min
577 328 66 21 eskiss
657 328 33 21 till
706 329 146 21 monumentet

91 362 59 22 öfver
165 362 60 22 Hans
240 362 101 27 Majestät
355 362 121 21 Alexander
490 362 28 27 II,
534 362 40 21 och
590 368 49 15 vore
655 362 36 21 det
701 362 33 21 för
744 362 41 21 den
795 362 57 22 skull

91 397 43 22 min
149 396 105 27 anhällan,
270 398 33 19 att
319 396 47 21 dess
380 396 78 27 figurer
469 397 66 20 mätte
545 396 43 27 mig
598 396 110 21 tillsändas
717 396 23 27 ju
750 396 44 21 förr
805 396 47 21 dess

90 431 75 22 hällre.
173 443 28 3 —
211 443 26 2 —
246 443 28 2 —
283 430 28 21 Af
325 430 111 21 Takanens
452 430 60 27 figur,
528 436 46 15 som
588 436 48 15 man
647 429 34 22 väl
691 429 47 22 icke
749 436 49 21 eger
808 431 44 21 rätt

92 466 32 21 att
146 471 29 15 nu
189 464 53 22 efter
257 465 52 21 hans
325 464 93 27 sorgliga
432 464 96 22 fränfälle
544 465 82 21 utsätta
640 465 34 20 för
688 470 73 16 resans
777 464 74 27 vädor,

92 499 67 22 skulle
172 499 37 27 jag
224 499 85 21 anhålla
325 505 34 15 om
374 499 78 21 tvänne
467 498 129 27 fotografier,
612 505 26 15 en
653 505 27 15 en
695 498 46 22 face
756 498 40 22 och
808 498 44 21 en
841 494 15 36 i

92 533 69 28 profil,
184 533 27 21 dä
233 533 37 21 det
289 539 50 15 vore
355 532 43 21 min
414 533 81 21 önskan
510 534 32 20 att
558 539 34 15 om
608 533 81 27 möjligt
705 534 92 26 upptaga
813 532 40 22 och

94 568 53 22 efter
168 567 94 28 förmäga
277 567 110 27 ätergifva,
402 567 56 22 hvad
474 574 26 15 en
515 567 86 28 förtidig
617 568 41 21 död
673 567 86 22 hindrat
773 567 79 22 honom

93 602 49 27 själf
162 603 32 20 att
213 601 112 22 fullborda.
356 601 63 22 Hvad
434 601 164 28 Delegationens
613 601 96 22 uttalade
724 601 81 22 önskan
821 603 31 20 att

94 636 81 22 erhålla
197 638 31 20 ett
243 635 182 28 kostnadsförslag
440 637 28 26 på
482 637 146 21 monumentet
643 636 7 21 i
666 636 47 21 dess
728 636 72 21 helhet
815 635 36 22 be-

93 670 80 27 träffar,
193 672 60 26 tager
266 671 37 26 jag
317 670 43 27 mig
375 669 90 22 friheten
480 671 32 20 att
527 669 91 26 anhålla,
635 670 36 21 det
683 670 37 26 jag
734 671 67 20 måtte
816 669 36 22 fri-

94 706 60 26 tagas
176 704 46 22 från
245 704 40 22 den
308 704 33 21 del
365 703 66 27 däraf,
455 710 45 15 som
520 704 66 26 ligger
601 703 85 22 utanför
701 706 116 24 gränserna
831 703 23 22 af

94 739 43 21 min
152 739 141 26 värksamhet,
308 738 106 27 nämligen
429 738 181 27 kostnadsförslag
624 738 33 21 för
672 738 136 27 piedestalen.

162 773 33 22 Då
215 774 37 26 jag
274 779 75 21 genom
365 773 43 21 min
424 772 84 22 vistelse
523 773 13 21 å
550 772 131 22 främmande
697 774 34 20 ort
746 772 39 22 och
800 774 53 20 utan

94 807 144 27 fackkunskap
253 807 7 21 i
276 807 59 22 detta
345 806 98 22 afseende
452 807 105 27 svårligen
567 807 69 21 skulle
645 807 72 27 lyckas
727 807 46 21 föra
784 807 69 21 denna

95 842 33 21 del
145 841 22 22 af
179 841 65 22 saken
259 841 33 22 till
307 848 27 15 en
350 841 82 27 önsklig
447 841 88 27 lösning,
549 841 68 22 skulle
625 841 37 27 jag
672 841 86 22 anhålla
769 847 40 21 om,
821 842 32 20 att

96 876 40 21 den
150 876 64 21 ärade
224 875 153 27 Delegationen
387 875 49 22 ville
451 876 109 26 uppdraga
576 876 22 21 åt
613 876 69 26 någon
698 876 7 20 i
721 875 132 27 Helsingfors

95 910 95 21 vistande
208 910 97 21 fackman
321 911 32 19 att
369 912 95 24 uppgöra
479 909 180 27 kostnadsförslag
675 909 31 21 till
721 909 132 27 piedestalen

95 943 54 22 efter
171 944 39 22 den
233 944 78 26 ritning
333 944 39 21 och
393 944 84 26 modell,
497 950 45 15 som
555 944 37 26 jag
607 944 54 22 skall
676 943 63 22 hafva
753 945 52 19 äran
820 943 33 21 för

95 978 152 27 Delegationen
261 978 137 26 framlägga."

163 1012 33 21 Hr
210 1012 123 27 Runebergs
348 1012 7 21 i
370 1011 126 22 skrifvelsen
511 1011 123 22 framstälda
650 1011 127 28 uttryckliga
789 1011 63 28 begä-

95 1053 44 20 ran,
161 1048 32 20 att
216 1047 65 21 varda
295 1046 82 22 befriad
392 1046 47 21 från
454 1046 120 27 uppdraget
588 1048 33 19 att
636 1045 90 22 aflämna
740 1046 113 21 kostnads-

95 1080 78 27 förslag
191 1080 130 22 beträffande
337 1080 131 27 piedestalen
483 1080 32 22 till
530 1082 151 25 monumentet,
697 1080 44 21 blef
755 1080 23 21 af
791 1080 62 22 Dele-

95 1115 99 27 gationen
209 1115 102 21 villfaren.

164 1149 61 21 Inom
240 1150 67 21 utsatt
321 1149 32 21 tid
368 1149 120 22 inlämnade
500 1149 26 21 hr
536 1149 113 27 Runeberg
659 1149 32 21 till
701 1148 153 27 Delegationen

94 1184 38 21 sitt
145 1189 41 22 nya
196 1183 84 27 projekt
291 1183 32 22 till
334 1183 119 27 ärestoden,
464 1183 40 22 och
515 1183 35 22 vid
559 1183 167 22 sammanträdet
737 1183 40 22 den
787 1184 12 20 3
811 1183 43 22 Ok-

94 1217 62 22 tober
172 1219 54 20 1886
237 1217 94 28 företogs
341 1217 57 22 valet
408 1218 22 21 af
440 1218 26 21 de
477 1218 32 27 sju
520 1219 104 26 experter,
635 1217 71 22 hvilka
717 1217 64 27 enligt
792 1217 61 22 Stän-

95 1252 76 21 dernas
186 1251 69 22 beslut
271 1251 66 22 borde
352 1252 6 21 i
375 1252 85 21 samråd
473 1252 48 21 med
528 1251 154 28 Delegationen
690 1251 115 22 värkställa
813 1251 41 22 den

94 1286 86 27 slutliga
193 1286 155 27 granskningen
359 1286 22 21 af
391 1286 111 22 modellen.
526 1286 40 21 Till
578 1286 60 22 dessa
649 1287 98 26 experter
756 1286 97 27 utsågos:

94 1320 120 27 professorn
230 1320 26 21 A.
273 1327 40 14 von
324 1320 89 27 Becker,
424 1321 116 21 statsrådet
551 1321 25 20 F.
588 1320 22 21 J.
620 1327 40 14 von
669 1320 88 25 Becker,
766 1320 88 21 artisten

94 1354 48 22 Alb.
164 1354 103 28 Edelfelt,
287 1354 182 28 generalmajoren
485 1354 22 22 J.
524 1355 29 27 af
564 1354 114 28 Lindfors,
694 1354 120 21 arkitekten
832 1354 21 22 C.

94 1389 111 27 Nyström,
220 1388 138 22 intendenten
373 1388 26 22 B.
420 1388 24 21 O.
457 1388 124 22 Schauman
592 1388 39 22 och
642 1388 124 27 skulptören
775 1387 30 21 M.
814 1394 41 15 von

100 1423 89 27 Wright,
205 1421 144 23 hvarförutom
365 1423 104 21 docenten
484 1423 27 21 E.
524 1423 91 27 Aspelin
628 1422 74 26 skulle,
712 1422 6 21 i
725 1422 101 22 händelse
834 1422 22 22 af

94 1456 69 23 förfall
175 1456 33 22 för
219 1458 70 26 nägon
302 1456 22 22 af
335 1458 131 26 experterne,
475 1457 84 22 inträda
566 1463 45 16 som
620 1456 112 28 suppleant
739 1456 32 22 för
780 1456 74 22 denne.
