1031 1678
219 119 41 20 104

189 183 39 28 jag
243 190 29 15 nu
282 183 127 27 framhållit;
425 190 48 15 men
484 184 28 21 då
522 183 202 28 Lagberedningen,
735 183 7 22 i
751 183 108 22 anseende
868 183 31 22 till
910 189 47 16 om-

191 218 75 27 fånget
288 217 24 22 af
329 219 38 21 det
387 218 95 27 antydda
502 219 93 26 arbetet,
617 217 111 28 sjelffallet
743 218 48 21 icke
807 219 42 20 kan
865 217 92 23 slutföra

193 253 122 21 detsamma
330 255 67 24 snart,
414 253 40 21 och
470 259 25 16 en
511 253 86 26 rundlig
613 253 30 21 tid
660 253 68 22 sedan
745 254 57 20 ännu
817 253 97 22 kommer
924 254 33 20 att

193 287 108 22 erfordras
322 287 65 22 innan
405 287 104 27 förslaget
529 287 32 22 till
578 287 41 22 den
639 293 42 22 nya
700 287 194 27 utsökningslagen
909 287 48 22 hin-

192 327 39 15 ner
250 322 145 21 underkastas
415 321 125 27 erforderlig
559 321 139 27 granskning,
720 322 25 21 så
764 321 81 22 tillåter
860 322 39 27 jag
914 321 45 27 mig

193 357 33 20 att
244 356 40 21 här
302 356 70 21 uttala
392 356 38 21 det
444 356 64 27 hopp,
528 357 39 24 att,
589 356 110 21 särskilda
715 356 66 26 lagar,
798 356 122 21 oberoende
936 355 25 22 af

195 390 41 21 den
259 396 51 21 nyss
330 391 94 20 nämnda
445 390 80 27 frågan,
545 390 68 21 varda
633 391 58 20 inom
713 391 41 20 den
773 392 110 19 närmaste
897 390 60 21 tiden

194 424 130 27 föreslagna,
340 425 33 21 till
389 424 135 28 afhjelpande
540 424 24 22 af
578 425 25 21 de
619 424 128 27 betänkliga
762 424 94 21 bristeri
867 424 41 21 den
918 430 41 15 nu-

194 459 95 21 varande
308 459 169 27 lagstiftningen,
493 459 79 26 hvilka,
588 459 74 21 såsom
675 459 39 27 jag
730 461 45 19 tror
790 458 43 27 mig
849 457 63 22 hafva
927 458 33 21 vi-

195 495 41 24 sat,
255 493 151 27 förnämligast
424 493 116 28 uppehålla
559 493 205 27 fordringsegarene
779 493 7 21 i
802 493 62 22 deras
879 492 81 27 lagliga

195 529 45 20 rätt
255 528 41 21 och
311 528 7 21 i
334 528 33 21 sin
382 529 56 25 män,
448 535 76 20 genom
536 530 32 19 att
578 528 34 21 för
621 528 128 26 lättsinnige
761 533 103 22 personer
874 527 7 21 i
891 527 69 26 utsigt

196 562 65 22 ställa
277 569 26 14 en
319 563 125 21 obestämdt
458 563 50 26 lång
523 563 32 21 tid
566 562 33 22 för
611 563 63 21 deras
683 562 155 22 förbindelsers
846 561 114 28 infriande,

196 595 34 23 för
245 597 58 21 visso
320 599 37 19 äro
374 597 83 26 egnade
473 599 32 19 att
520 599 131 25 uppmuntra
667 597 43 21 den
722 597 107 21 allmänna
841 596 119 21 skuldsätt-

199 631 52 27 ning
266 631 63 22 äfven
345 631 33 22 för
393 631 159 28 improduktiva
567 631 106 25 ändamål,
691 637 46 16 som
753 631 7 21 i
775 631 38 21 vår
829 631 30 21 tid
867 630 49 22 med
924 630 38 27 fog

199 665 143 26 öfverklagas.

269 700 77 22 Såsom
367 702 33 20 ett
417 702 27 20 än
466 700 124 28 ytterligare
609 700 50 22 stöd
674 700 35 21 för
723 699 103 22 behofvet
841 698 22 32 af
877 705 26 15 en
918 698 43 27 lag,

198 740 47 15 som
261 736 100 20 närmare
377 735 95 27 reglerar
486 734 74 28 frågan
576 741 35 15 om
626 735 43 27 köp
687 734 24 21 af
724 734 93 25 lösören,
830 733 71 22 hvilka
911 732 53 22 fort-

199 768 90 22 farande
309 771 79 19 stanna
406 769 7 21 i
432 769 104 27 säljarens
554 769 66 27 värjo,
640 769 37 21 vill
691 768 38 27 jag
745 768 102 26 slutligen
863 767 38 21 här
917 773 46 15 om-

199 804 80 20 nämna
302 805 33 19 att
355 804 6 20 i
382 803 48 21 vårt
451 803 118 27 grannland
592 803 91 27 Sverige
701 803 77 21 härom
793 802 108 22 utfärdats
917 804 47 19 sär-

201 837 70 22 skilda
287 838 172 26 lagstadganden
475 838 23 21 af
511 838 41 22 den
568 840 12 19 9
596 838 43 26 Maj
658 840 55 19 1835
731 838 39 21 och
784 838 41 21 den
836 838 27 20 20
873 836 93 22 Novem-

200 872 39 21 ber
260 874 54 20 1845
334 874 58 19 samt
409 872 7 21 i
432 874 26 20 69
480 872 40 22 och
536 874 26 20 70
578 872 26 28 $$
620 872 22 22 af
657 872 42 22 den
715 878 42 22 nya
771 871 193 27 utsökningslagen

201 906 24 21 af
239 906 41 22 den
298 908 25 20 10
339 906 94 28 Augusti
450 908 60 20 1877.

273 1044 70 21 Bland
359 1044 113 27 spörsmål,
487 1050 46 15 som
549 1044 27 22 de
592 1046 88 19 senaste
697 1043 87 22 tiderna
799 1043 114 27 sysselsatt
926 1043 43 22 sin-

204 1084 56 16 nena
275 1079 8 20 i
298 1078 81 26 Jandet,
396 1078 84 27 intager
494 1081 51 19 utan
562 1078 73 22 tvifvel
652 1078 42 22 den
707 1079 26 20 så
743 1077 86 22 kallade
840 1078 129 27 sedlighets-

204 1112 76 28 frågan
297 1115 32 19 ett
345 1113 23 21 af
381 1113 27 21 de
423 1116 57 19 mest
494 1113 146 22 framstående
655 1119 110 20 rummen;
781 1112 40 21 och
838 1112 27 21 då
875 1119 49 14 man
935 1112 32 21 uti

205 1147 72 22 denna
288 1147 39 22 sak
343 1146 63 22 äfven
422 1147 89 22 anhållit
524 1153 32 16 om
565 1147 256 22 Prokuratorsembetets
829 1146 140 21 inskridande

205 1183 58 21 samt
283 1182 60 21 såväl
362 1181 106 28 offentligt
484 1188 45 15 som
546 1182 95 22 enskildt
656 1182 104 21 klandrat
775 1181 145 21 Prokuratorn
936 1180 34 22 för

206 1217 37 21 det
253 1217 27 21 de
291 1216 40 22 hos
342 1216 79 21 honom
432 1217 75 27 gjorda
515 1217 174 26 ansökningarna
697 1223 35 14 om
741 1214 102 28 åtgärder
851 1215 32 21 till
891 1215 79 27 prosti-

205 1251 111 21 tutionens
332 1251 129 22 hämmande
477 1251 39 22 här
530 1251 8 22 i
555 1251 162 22 hufvudstaden
734 1252 83 20 ansetts
833 1249 48 22 icke
897 1250 74 21 kunna

205 1285 114 22 föranleda
339 1287 32 20 ett
391 1286 133 21 omedelbart
543 1285 127 28 ingripande
685 1285 48 22 från
752 1284 219 22 Prokuratorsembe-

206 1321 44 20 tets
267 1320 54 26 sida,
338 1326 64 20 synes
418 1321 37 20 det
470 1321 48 21 icke
532 1327 52 15 vara
599 1327 26 14 ur
640 1322 71 24 vägen
727 1321 34 20 att
775 1319 62 22 äfven
852 1319 32 21 uti
899 1319 73 22 denna

206 1354 120 22 berättelse
343 1356 113 20 omnämna
472 1354 41 22 och
528 1354 54 22 söka
589 1354 75 28 belysa
674 1354 102 26 nämnda,
787 1353 7 21 i
805 1352 90 28 sanning
906 1353 67 27 högst

207 1388 88 28 vigtiga,
311 1395 49 15 men
375 1391 74 25 tyvärr
464 1389 86 27 mycket
564 1389 109 21 svårlösta
689 1388 68 27 fråga.

277 1424 77 21 Redan
369 1422 47 23 från
432 1423 27 22 de
475 1423 59 22 äldre
550 1423 84 22 tiderna
649 1424 61 21 möta
725 1429 37 16 oss
777 1421 133 27 företeelser,
925 1427 48 16 som
