1031 1678
214 129 26 21 18

185 191 145 22 betraktande
345 191 177 23 konstkännaren
538 193 92 21 likasom
649 193 42 21 den
708 193 99 26 oinvigde
821 193 52 21 rörd
888 192 56 22 skall

184 228 89 25 utropa:
289 227 25 20 så
328 226 57 21 hade
400 227 37 21 det
452 227 64 22 bordt
530 234 53 14 vara
599 228 40 20 och
654 227 49 22 icke
718 227 143 22 annorlunda.

255 266 135 28 Helsingfors
405 267 42 21 den
462 268 12 20 1
492 267 105 21 Februari
613 267 61 22 1886.

706 301 27 21 A.
750 301 125 22 Meurman.

254 369 12 21 I
282 370 72 21 denna
369 370 132 21 reservation
517 370 105 22 förenade
637 370 33 28 sig
685 370 26 21 hr
726 369 107 27 Almberg.

544 440 11 25 S
571 440 19 21 2

254 473 122 27 Föredrogs
394 480 26 14 en
439 473 48 21 frän
506 473 159 27 stenografiska
676 473 126 27 föreningen
814 472 32 21 till
857 472 85 27 delega-

185 507 75 21 tionen
276 507 124 21 inkommen
417 507 118 26 skrifvelse,
552 509 23 19 sä
590 507 105 28 lydande:

393 610 44 21 Till
452 610 295 29 Ständerhusdelegationen.

255 673 31 21 Af
306 672 106 22 särskilda
434 673 82 21 notiser
534 674 32 20 uti
583 673 174 21 hufvudstadens
777 672 110 28 tidningar
904 672 40 21 har

187 708 148 21 allmänheten
353 708 57 21 varit
424 708 8 20 i
447 707 85 22 tillfälle
552 708 71 21 erfara
638 710 33 19 att
687 708 67 26 utsigt
769 714 90 14 numera
873 706 71 28 erbju-

188 743 38 20 der
244 742 33 27 sig
295 744 32 19 att
345 742 22 21 fä
385 742 153 22 ständerhuset
560 742 105 28 uppfördt
681 743 29 27 pä
726 742 91 21 skvären
833 742 62 20 söder
911 748 34 14 om

187 776 140 22 riddarhuset
349 780 56 18 samt
428 779 32 19 att
475 777 201 27 underhandlingar
699 776 80 22 mellan
795 776 150 27 delegationen

188 811 41 21 och
252 811 253 21 riddarhusdirektionen
528 812 58 27 pägä
604 818 34 15 om
653 812 27 21 de
696 811 75 25 vilkor,
787 811 70 21 under
871 810 74 22 hvilka

188 846 97 21 nämnda
300 845 57 28 plats
373 846 35 20 mä
424 846 74 21 kunna
514 846 116 27 päräknas.

257 880 10 21 I
287 880 118 27 anledning
422 880 25 22 af
462 881 27 21 de
508 880 174 22 modifikationer
697 880 33 21 uti
745 879 199 28 byggnadsplanen,

187 914 74 22 hvilka
276 914 38 22 vid
329 914 58 22 valet
402 914 24 22 af
440 922 26 14 en
482 922 28 20 ny
526 915 40 21 och
582 915 85 21 mindre
682 914 136 22 omfattande
831 916 55 19 tomt
897 920 48 15 san-

187 949 71 21 nolikt
273 950 69 20 måste
357 950 71 26 göras,
444 949 40 21 och
500 950 49 20 med
564 950 84 21 fästadt
663 949 104 22 afseende
780 948 80 28 jemväl
875 949 13 20 å
903 949 41 21 den

187 984 118 26 utvidgade
328 983 130 25 erfarenhet,
474 990 46 14 som
536 984 70 21 under
620 986 88 19 senaste
729 982 106 27 landtdag
858 983 88 20 vunnits

187 1025 35 14 om
244 1017 210 28 protokollföringen
479 1017 40 22 och
538 1019 50 20 dess
602 1017 73 26 behof,
691 1019 56 26 väga
763 1016 181 27 undertecknade,

187 1053 70 20 under
279 1052 140 27 äberopande
438 1052 24 21 af
476 1053 41 20 den
528 1052 161 27 framställning
704 1053 7 20 i
727 1053 80 23 ämnet,
822 1051 87 21 hvilken
924 1051 21 21 vi

187 1087 14 20 3
221 1086 158 27 stenografiska
401 1086 139 28 föreningens
562 1088 83 26 vägnar
663 1087 25 21 är
709 1087 55 21 1883
782 1085 47 22 haft
845 1087 52 19 äran
912 1085 33 21 till

187 1121 283 26 ständerhusdelegationen
486 1121 80 27 afgifva
582 1123 31 25 (se
624 1121 97 28 deleg:ns
732 1120 32 21 till
777 1121 55 21 1885
842 1121 35 20 års
887 1121 57 20 stän-

187 1155 38 20 der
241 1155 84 27 afgifna
340 1155 115 21 berättelse
466 1155 40 21 sid.
517 1156 103 27 68—70),
634 1155 91 28 utbedja
735 1162 36 14 oss
782 1154 162 27 delegationens

186 1189 103 27 benägna
303 1189 195 28 uppmärksamhet
513 1191 34 20 för
562 1190 98 27 följande
676 1189 167 27 framställning.

257 1223 42 22 Till
314 1231 26 14 en
356 1224 78 27 början
450 1225 62 20 torde
528 1231 50 14 man
594 1224 33 21 för
642 1225 30 20 all
688 1224 89 21 framtid
791 1223 22 21 få
823 1223 123 26 förutsätta,

187 1261 32 18 att
235 1259 72 26 någon
323 1259 105 27 återgång
443 1259 33 20 till
492 1259 26 21 de
536 1259 159 27 förhållanden,
712 1259 29 21 då
756 1259 103 20 ståndens
875 1260 70 24 proto-

186 1292 70 21 koller
275 1292 55 21 först
350 1292 52 22 flere
417 1294 104 21 månader
536 1293 55 21 efter
606 1293 147 28 landtdagens
767 1293 44 20 slut
826 1291 70 22 blefvo
912 1294 34 19 ut-

186 1327 85 21 skrifna
286 1327 34 21 för
335 1329 32 19 att
382 1327 123 21 merändels
520 1327 154 27 opublicerade
690 1327 104 25 förvaras,
810 1326 48 21 icke
873 1327 73 20 vidare

187 1360 56 22 skall
258 1360 87 22 komma
360 1361 7 21 i
383 1361 62 27 fråga
454 1362 8 20 i
472 1362 48 21 vårt
534 1362 59 21 land.
624 1362 33 21 En
673 1361 132 27 hänvisning
815 1360 34 22 till
859 1361 86 27 organi-

187 1395 100 21 sationen
305 1395 25 21 af
345 1396 215 27 protokollföringen,
580 1397 69 21 sådan
669 1397 128 20 densamma
814 1398 86 18 senaste
921 1396 24 20 år

186 1437 39 14 var
239 1431 115 21 anordnad
369 1431 32 20 uti
416 1430 158 27 Ridderskapet
590 1431 40 21 och
644 1430 79 26 Adeln,
739 1430 84 21 Preste-
838 1429 40 21 och
893 1430 52 21 Bor-
