1031 1678
798 128 27 20 39

93 191 197 22 Bankdirektionen
308 191 78 26 jemväl
403 191 81 21 beredd
500 193 38 24 att,
554 192 39 19 när
608 190 24 21 så
647 190 98 25 äskades,
761 189 44 21 låta
820 189 33 20 tiil

93 226 78 20 kassan
194 225 103 21 utbetala.
334 225 108 26 Föröfrigt
467 225 39 21 har
529 225 23 20 af
573 224 195 21 Bankdirektionen
787 223 64 21 fram-

94 260 72 21 hållits
190 262 31 18 att
244 259 73 26 frågan
342 259 37 20 här
402 259 47 20 icke
468 259 63 26 gälde
552 259 68 26 någon
641 258 140 25 anmärkning
797 260 56 18 emot

93 294 196 21 Bankdirektionen
307 293 68 20 såsom
394 293 129 26 redogörare
536 295 51 18 utan
604 292 207 21 Bankdirektionens
823 291 30 20 åt-

94 329 78 25 gärder
187 328 27 26 på
229 327 68 26 grund
313 327 23 20 af
349 327 208 26 Bankfullmäktiges
574 326 115 21 föreskrift.
720 325 133 21 Bankdirek-

95 362 70 20 tionen
183 362 85 20 bestred
289 360 71 21 derför
379 363 30 18 att
426 362 41 19 den
483 361 71 20 kunde
570 366 62 15 anses
649 360 69 20 såsom
735 362 47 24 part
798 360 6 20 i
821 365 32 15 sa-

95 396 48 20 ken.
173 396 40 19 Vid
239 396 75 19 sådant
333 395 134 20 förhållande
487 395 89 21 innebar
595 395 142 20 Kamreraren
757 394 96 20 Norden-

95 429 80 21 skiölds
199 429 162 26 ifrågavarande
381 429 57 20 talan
458 431 31 18 ett
508 428 74 21 försök
598 430 30 19 att
644 427 67 22 väcka
727 433 24 15 en
767 427 87 26 kompe-

95 466 47 19 tens
161 463 90 20 konflikt
271 463 91 20 emellan
386 463 122 26 Kejserliga
528 463 92 20 Senaten
636 462 40 21 och
692 461 161 22 Bankfullmäk-

95 499 51 25 tige.
177 497 50 21 Men
251 498 24 20 då
295 497 113 20 Allmänna
431 497 192 25 Revisionsrätten,
640 497 67 25 enligt
725 496 27 21 28
768 495 11 27 $
795 495 6 20 i
818 495 36 20 nå-

96 532 49 26 diga
161 532 157 20 instruktionen
334 531 22 20 af
371 532 39 20 den
428 532 26 20 13
470 531 103 21 Februari
592 531 60 26 1837,
662 530 75 21 endast
752 530 55 20 hade
823 531 32 18 att

96 567 85 20 afdöma
197 565 193 26 anmärkningsmäl
411 567 43 18 mot
475 566 135 25 redogörare,
627 565 24 20 sä
666 565 55 20 tillät
737 564 32 25 sig
784 563 69 21 Bank-

96 600 135 21 direktionen
248 605 49 15 anse
313 600 36 20 det
365 600 57 25 ligga
438 599 91 21 alldeles
545 601 57 18 utom
619 599 183 20 Revisionrättens
818 597 36 20 be-

96 634 101 26 fogenhet
212 636 32 18 att
258 633 80 26 afgöra,
355 633 104 21 huruvida
480 634 153 25 dispositionen
653 633 23 20 af
689 632 100 21 Bankens
812 637 43 14 me-

97 669 33 20 del
147 669 124 19 ankommer
287 667 12 21 &
313 667 198 27 Bankfullmäktige
528 668 52 20 eller
595 667 121 26 Kejserliga
732 666 98 20 Senaten.

165 696 18 26 Ä
199 702 67 20 andra
287 702 58 20 sidan
367 702 38 20 har
424 702 144 20 Kamreraren
584 700 157 22 Nordenskiöld
757 700 32 20 till
807 699 47 21 stöd

96 736 32 21 för
148 736 39 20 den
207 736 24 20 af
251 736 76 20 honom
349 735 85 21 utförda
451 736 58 20 talan
526 735 77 26 anfört,
620 735 63 20 bland
700 736 70 23 annat,
787 735 32 19 att
834 732 23 21 af

97 770 157 26 ordalydelsen,
267 770 67 20 andan
351 770 39 20 och
406 770 114 25 meningen
537 770 5 19 i
558 769 78 26 nädiga
651 768 151 25 förordningen
815 767 40 20 den

97 804 13 21 9
125 804 120 20 December
265 804 60 25 1867,
342 804 138 25 hvarigenom
500 803 103 21 Finlands
623 802 91 21 Ständer
733 802 40 20 fätt
788 801 68 21 under

98 839 30 20 sin
149 838 130 26 förvaltning
300 838 37 20 och
358 838 138 26 ansvarighet
515 839 107 24 emottaga
641 836 107 27 primitiva
764 835 39 21 och
819 835 36 26 hy-

97 872 187 27 poteksfonderna,
304 872 46 20 icke
370 872 70 20 kunde
456 872 107 20 inhemtas
582 873 71 23 annat,
669 872 26 19 än
711 871 32 19 att
758 870 98 20 densam-

98 913 34 14 ma
155 906 60 26 afsäg
239 906 74 20 endast
336 906 156 26 förvaltningen
512 906 57 20 inom
588 905 94 25 Banken,
699 910 46 14 men
765 903 90 21 alldeles

97 940 47 21 icke
160 941 75 25 ingrep
250 940 5 20 i
273 940 34 20 det
323 940 197 25 rättsförhällande,
536 946 44 14 som
597 939 66 26 enligt
679 939 77 20 allmän
773 938 34 25 lag
822 937 34 20 rä-

98 975 38 20 der
152 975 91 20 emellan
262 974 49 20 dess
331 974 91 20 embets-
438 974 40 20 och
498 974 127 26 tjenstemän
645 975 55 18 samt
719 972 137 20 Civilstatens

99 1008 62 21 enke-
174 1008 38 21 och
229 1008 130 26 pupiilkassa
376 1008 53 20 eller
444 1008 88 20 hvilken
548 1013 70 14 annan
633 1007 69 26 tredje
718 1011 76 21 person
810 1011 45 14 som

98 1043 63 20 helst.
191 1042 98 21 Nämnda
304 1041 136 27 förordnings
458 1042 28 21 15
501 1041 17 27 8,
531 1041 45 21 deri
592 1039 205 26 Bankfullmäktiges
814 1039 43 20 alla

99 1076 212 25 maktbefogenheter
334 1082 55 20 noga
413 1076 116 26 upptagits,
550 1075 92 21 innehöll
667 1075 18 26 ej
705 1074 68 21 heller
793 1073 64 26 något

99 1111 168 26 bemyndigande
291 1110 32 21 för
342 1111 47 20 dem
409 1112 32 18 att
460 1110 120 21 bestämma
599 1109 100 26 beloppet
714 1108 22 21 af
751 1108 40 20 den
807 1107 50 21 aflö-

99 1145 50 26 ning
168 1151 25 14 en
214 1145 199 26 tjenstförrättande
434 1145 96 20 direktör
550 1145 5 19 i
571 1144 86 20 Banken
674 1143 54 20 skall
745 1143 67 20 under
827 1142 30 20 le-

100 1179 73 26 dighet
191 1179 24 20 af
233 1179 92 20 embetet
344 1179 87 25 ätnjuta.
464 1179 49 20 Men
534 1178 27 21 dä
577 1179 35 20 det
627 1178 96 20 deremot
739 1176 22 21 af
775 1176 82 21 förord-

99 1213 89 25 ningens
205 1213 11 20 7
233 1212 18 27 8,
265 1212 91 26 jemförd
374 1213 47 20 med
438 1213 27 20 77
484 1213 32 26 $:n
532 1212 6 20 i
555 1212 98 26 gällande
669 1210 189 26 bankreglemente

98 1246 24 21 af
140 1247 39 20 den
199 1247 27 20 27
242 1246 49 21 Juni
310 1247 61 24 1878,
388 1246 96 26 framgär
504 1248 37 24 att,
558 1246 26 20 dä
603 1248 31 18 ett
649 1245 209 21 bankdirektörsem-

98 1280 49 20 bete
164 1281 24 18 är
200 1280 67 25 ledigt
283 1279 37 20 och
337 1279 82 21 vikarie
436 1279 39 20 bör
492 1279 144 21 tillförordnas
653 1279 26 26 pä
694 1278 75 25 längre
784 1277 31 20 tid
831 1278 27 19 än

98 1313 36 21 tvä
153 1313 108 26 mänader,
280 1314 89 20 ärendet
387 1313 55 21 skall
464 1313 22 21 af
504 1312 195 26 Bankfullmäktige
715 1311 143 22 öfverlemnas

98 1347 33 21 till
155 1347 104 21 Senatens
282 1347 292 26 Ekonomie-Departement,
594 1346 24 21 sä
640 1346 59 20 torde
721 1344 78 27 jemväl
823 1344 36 20 be-

98 1382 144 20 stämmandet
257 1382 79 25 derom,
353 1381 55 21 huru
425 1381 86 27 mycket
522 1381 95 20 vikarien
628 1380 54 20 skall
695 1379 22 21 af
731 1378 128 21 bankdirek-

98 1416 109 20 törslönen
231 1415 55 21 afstå
309 1415 22 21 ät
357 1416 182 25 pensionskassan
562 1415 113 21 ankomma
697 1414 12 20 &
732 1412 127 22 Ekonomie-

98 1449 183 27 Departementet.
305 1449 45 21 Och
366 1456 45 14 som
428 1450 68 20 redan
512 1450 31 20 uti
559 1449 77 25 nädiga
651 1447 152 25 förordningen
819 1446 40 21 den
