1031 1678
773 123 27 20 89

67 185 124 22 förorsakat
209 186 239 22 Medicinekandidaten
466 187 38 20 R:s
520 186 7 21 i
543 185 76 22 anförd
634 186 69 22 måtto
719 186 112 27 förlängda

68 220 214 27 öfningsskyldighet,
297 219 72 23 utföra
385 221 41 21 den
444 220 66 27 talan,
523 220 85 21 hvartill
620 221 79 21 sakens
710 220 121 23 beskaffen-

66 255 38 21 het
119 255 130 21 föranledde.

137 289 49 22 Med
201 289 136 27 åberopande
353 289 24 21 af
393 289 63 22 ofvan
474 289 128 22 framhållna
616 289 47 22 skäl
679 289 40 22 och
735 291 94 20 omstän-

68 324 97 26 digheter
180 323 80 28 yrkade
281 324 67 26 derpå
367 323 158 21 Stadsfiskalen
541 324 24 20 L.
582 324 34 21 vid
633 323 194 22 Rådstufvurätten

66 358 7 21 i
89 358 27 22 M.
133 358 54 24 stad,
205 360 32 19 att
248 358 99 26 ständiga
358 358 228 27 Uppbädsnämndens
596 358 6 21 i
613 358 27 21 M.
653 358 35 21 län
700 358 128 22 ordförande

67 392 41 22 och
131 392 96 21 ledamot
249 392 230 27 Krigskommissarien
500 392 30 21 S.'
546 392 39 21 och
609 392 220 22 Vicehäradshöfdin-

67 433 41 20 gen
124 427 31 26 L.,
171 427 72 21 hvilka
259 426 94 27 antydda
368 426 106 27 felaktiga
484 426 122 21 förfarande
619 427 105 21 stannade
735 427 31 20 till
779 427 48 22 last,

66 461 68 22 mätte
155 461 72 21 härför
249 460 61 22 fällas
330 461 31 20 till
378 467 87 20 ansvar;
491 461 39 21 och
546 461 7 21 i
569 461 154 26 sammanhang
739 461 89 22 härmed

66 495 126 22 framstälde
207 495 238 22 Medicinekandidaten
461 495 27 21 R.
505 495 93 27 anspräk
609 495 28 27 pä
648 495 137 27 godtgörelse
796 495 33 21 för

68 530 40 21 den
124 529 110 28 tidspillan
251 529 39 22 och
306 529 100 27 kostnad,
422 529 80 22 honom
516 536 77 20 genom
604 529 93 22 berörda
707 529 121 22 förfarande

66 564 144 27 tillskyndats.

136 598 193 22 Rädstufvurätten
351 598 56 21 utlät
427 599 33 26 sig
481 598 59 26 härä,
559 598 94 22 medelst
668 598 41 22 den
725 600 26 20 25
769 599 58 26 April

68 635 54 20 1887
139 633 121 22 afkunnadt
280 633 72 26 utslag
371 633 7 21 i
394 633 74 26 saken,
486 633 40 21 och
542 633 50 21 fann
608 633 37 21 det
661 635 78 20 stanna
753 633 76 27 Krigs-

66 668 163 21 kommissarien
247 667 20 21 S.
284 668 39 20 och
340 667 250 27 Vicehäradshöfdingen
607 667 23 21 L.
647 668 31 20 till
695 668 42 21 last
750 669 33 20 att
794 668 33 26 de,

67 702 68 22 ehuru
150 702 237 22 Medicinekandidaten
404 702 32 26 R.,
452 702 75 21 såsom
542 701 50 22 född
610 702 24 21 är
646 704 60 24 1860,
715 702 56 21 varit
781 702 46 21 från

67 736 208 28 Ofningsskyldighet
294 736 35 21 vid
349 742 100 16 reserven
471 736 25 21 är
517 738 53 19 1886
586 736 106 26 frikallad,
709 736 32 21 uti
757 735 70 23 förbe-

66 771 65 21 rörda
146 771 32 21 till
194 770 155 22 reservbefälet
369 770 129 22 öfversända
514 770 136 27 förteckning
665 770 65 22 infört
745 771 25 21 R.
787 771 40 21 och

67 805 100 27 upptagit
182 805 77 21 honom
280 805 71 21 säsom
371 805 97 21 hörande
489 805 32 21 till
539 807 55 19 1884
614 805 35 21 ärs
665 805 94 27 uppbäd,
776 807 52 19 utan

67 841 33 20 att
116 840 44 21 deri
177 841 52 25 göra
245 840 129 26 anteckning
390 846 33 14 om
440 840 37 20 R:s
493 839 109 22 födelseår
615 840 52 21 eller
677 839 150 33 dessförinnan

66 874 103 22 förskaffa
185 874 33 26 sig
237 874 115 27 utredning
367 880 34 15 om
418 874 41 21 den
476 874 102 26 ärsklass,
595 874 85 21 hvartill
697 874 24 21 R.
737 874 60 26 hört;
821 874 6 21 i

68 909 109 21 anseende
193 909 84 21 hvartill
294 909 40 21 och
350 908 27 22 dä
393 909 231 27 Krigskommissarien
641 909 28 26 S.,
682 908 67 22 ehuru
761 908 67 28 derpä

66 944 221 26 uppmärksamgjord,
304 944 48 21 icke
367 945 69 19 rättat
452 944 94 20 nämnda
559 943 124 27 oriktighet,
695 943 132 21 Rädstufvu-

66 979 79 25 rätten,
162 980 51 18 enär
231 978 241 21 Medicinekandidaten
493 978 25 20 R.
537 978 6 20 i
559 977 52 27 följd
628 977 62 22 deraf
704 977 55 21 varit
774 978 53 21 nöd-

66 1012 42 27 gad
124 1012 87 21 inställa
226 1012 33 26 sig
274 1012 40 21 och
333 1012 94 26 fullgöra
442 1011 211 28 öfningsskyldighet
668 1011 34 21 vid
721 1013 53 20 1886
791 1011 35 22 ärs

65 1047 134 20 reservmöte
214 1046 7 21 i
237 1047 27 20 M.
280 1046 42 26 län,
338 1046 104 27 pröfvade
458 1046 94 26 rättvist,
564 1047 49 20 med
624 1046 134 27 tillämpning
768 1045 23 22 af
802 1048 24 19 12

65 1079 11 28 $
94 1082 9 19 1
120 1080 49 27 kap.
187 1081 25 20 R.
228 1081 32 26 B.,
277 1081 64 21 döma
356 1081 231 26 Krigskommissarien
600 1080 20 21 S.
633 1080 39 21 och
683 1080 143 22 Vicehärads-

64 1114 117 27 höfdingen
202 1115 24 21 L.
247 1117 33 19 att
299 1115 58 27 böta,
373 1115 232 27 Krigskommissarien
622 1115 21 21 S.
660 1117 27 19 20
704 1115 59 21 daler
778 1115 49 22 med

65 1150 152 21 motsvarande
236 1151 27 20 38
279 1150 60 21 mark
354 1152 27 19 40
398 1150 63 27 penni
481 1150 41 21 och
538 1149 249 27 Vicehäradshöfdingen
802 1149 25 22 L.

66 1185 26 20 10
108 1184 61 21 daler
184 1184 49 21 med
250 1186 25 19 19
291 1185 60 20 mark
367 1186 27 19 20
410 1185 72 26 penni,
499 1184 33 21 till
547 1186 71 19 utsatt
628 1183 126 28 fördelning,
763 1183 62 22 hvar-

62 1219 68 26 jemte
145 1219 228 26 Krigskommissarien
390 1219 21 21 S.
424 1219 40 21 och
476 1218 251 27 Vicehäradshöfdingen
738 1218 25 21 L.
774 1219 53 20 kän-

65 1253 38 21 des
120 1253 99 26 skyldige
235 1255 32 19 att
286 1255 134 24 gemensamt
440 1253 54 21 eller
510 1253 40 21 den
566 1252 23 22 af
603 1253 55 26 dem,
675 1259 45 15 som
736 1252 90 27 tillgång

66 1287 60 26 egde,
144 1287 107 26 godtgöra
265 1287 241 22 Medicinekandidaten
522 1287 24 22 R.
562 1287 33 22 för
610 1287 41 21 den
667 1287 79 22 honom
749 1282 9 36 i
774 1286 51 28 följd

64 1321 22 22 af
101 1321 142 22 omförmälda
263 1322 92 26 oriktiga
373 1321 123 22 förfarande
516 1321 144 27 tillskyndade
676 1321 93 22 kostnad
785 1321 39 22 och

50 1358 2 2 *
64 1355 129 27 tidsförlust,
216 1355 54 22 efter
289 1356 139 27 nedsättning
449 1351 27 26 af
491 1356 55 21 hvad
562 1356 25 21 R.
607 1356 6 20 i
630 1355 78 22 sädant
723 1354 102 22 afseende

62 1390 91 26 fordrat,
169 1390 49 22 med
233 1390 75 22 inalles
324 1392 41 20 405
381 1391 68 21 mark.

133 1424 83 22 Besvär
232 1424 59 22 öfver
307 1425 60 21 detta
382 1425 73 26 utslag
475 1424 100 22 anfördes
591 1424 39 22 hos
646 1424 26 22 X.
689 1423 88 23 Hofrätt
791 1424 34 21 sä-
