1031 1678
828 132 26 21 27

195 194 112 28 Därjämte
335 194 81 21 beslöts
440 196 32 19 att
495 194 37 21 hrr
555 194 142 27 Gripenberg,
720 194 100 27 Nyström
843 194 41 21 och

125 229 76 27 Höijer
223 228 68 21 skulle
314 228 156 27 ofördröjligen
492 235 35 14 om
551 229 60 20 detta
630 228 163 27 delegationens
812 228 71 22 beslut

124 264 141 21 underrättas
280 263 81 21 medels
377 262 94 21 särskild
488 263 33 20 till
537 269 26 15 en
575 263 53 21 hvar
638 262 25 21 af
671 263 47 21 dem
729 263 80 21 aflåten
821 263 62 21 skrif-

127 297 64 26 velse,
214 297 153 21 innehållande
387 297 83 27 jämväl
494 298 37 20 det
554 297 25 21 af
596 297 151 27 delegationen
768 297 115 22 faststälda

126 338 101 21 program
235 334 32 18 att
277 331 61 27 tjena
348 331 33 21 till
390 331 144 21 efterrättelse
546 331 36 21 vid
592 331 133 21 eskissernas
733 333 149 25 uppgörande.

481 384 10 25 $
507 384 21 20 4.

195 417 71 28 Fråga
281 417 102 27 uppstod,
399 417 108 22 huruvida
522 417 167 27 ifrågavarande
700 417 181 28 eskissritningar,

125 453 69 20 sedan
211 453 25 20 de
251 451 33 22 till
301 451 151 27 delegationen
468 452 78 27 ingått,
562 451 67 21 borde
644 451 6 21 i
667 451 101 22 afseende
784 452 13 21 å
811 451 71 22 förbe-

126 487 95 20 redande
237 485 132 28 granskning
385 485 40 22 och
442 485 124 28 afgifvande
583 485 25 21 af
615 485 113 22 utlåtande
739 485 143 22 öfverlemnas

125 521 24 21 åt
159 523 32 19 ett
207 519 225 22 fackmanna-utskott
448 520 52 21 eller
511 520 55 25 icke,
578 519 39 22 och
628 519 81 22 beslöts
720 520 54 21 efter
785 520 98 28 föregån-

125 562 43 21 gen
184 555 161 27 öfverläggning
360 555 7 20 i
379 555 80 24 ämnet,
471 557 33 19 att
516 555 72 20 denna
598 554 73 27 frågas
682 554 118 27 afgörande
811 555 71 21 skulle

126 589 138 28 uppskjutas,
279 589 56 21 intill
347 590 48 20 dess
410 589 134 27 ritningarne
555 589 114 21 inkommit
680 589 40 21 och
731 589 150 27 delegationen

124 624 9 21 i
149 623 116 28 anledning
281 623 64 22 däraf
357 623 58 21 hölle
431 624 38 20 sitt
484 623 69 21 första
568 624 167 25 sammanträde,
747 631 46 14 som
804 624 78 27 ansågs

124 658 55 21 böra
193 658 88 21 inträffa
295 658 71 26 någon
387 657 25 21 af
425 658 26 20 de
468 657 68 21 första
552 658 95 27 dagarne
663 658 6 20 i
685 658 196 21 nästinstundande

124 692 53 22 Juni
192 692 86 21 månad.

668 726 23 17 In
704 726 69 18 fidem:

622 755 22 22 C.
659 756 16 21 J.
692 756 122 27 Lindeqvist.

332 921 45 21 Den
396 922 14 20 4
430 921 53 21 Juni
501 922 54 21 1886
571 921 176 21 sammanträdde
762 920 120 22 förstärkta

262 956 294 26 Ständerhusdelegationen,
569 956 40 21 och
620 956 91 20 närvoro
723 955 85 21 därvid:
821 954 60 22 Ordf.

263 991 25 20 hr
310 990 106 27 Tallgvist
439 993 57 18 samt
518 990 37 21 hrr
578 990 128 24 Schauman,
726 996 42 14 von
783 989 96 29 Alfthan,

262 1024 181 27 Standertskjöld,
464 1024 91 26 Decker,
576 1024 95 29 Donner,
689 1023 108 25 Kihlman,
817 1023 64 22 Fors-

262 1066 56 18 man,
341 1059 135 27 Lindegvist,
500 1059 122 26 Estlander,
647 1058 118 26 Wasenius,
787 1053 93 32 Öhberg,

263 1093 119 26 Meurman,
398 1093 86 26 Melart,
500 1093 95 27 Löfgren
612 1093 40 21 och
667 1093 96 27 Aspelin.

479 1157 11 26 8
507 1157 19 20 1.

194 1196 131 22 Protokollet
341 1196 34 21 för
390 1197 42 20 den
451 1198 8 20 1
478 1203 58 14 mars
549 1196 130 28 justerades.

479 1261 11 26 8
505 1260 19 21 2.

193 1299 96 22 Emedan
307 1300 96 27 deleg:ns
418 1300 142 21 medlemmar
570 1300 48 21 icke
629 1299 33 21 till
673 1299 136 26 erforderligt
821 1298 60 21 antal

124 1341 51 13 voro
199 1335 142 25 närvarande,
362 1334 73 21 kunde
456 1335 28 20 de
499 1335 122 20 inlemnade
638 1333 206 26 eskissritningarna
861 1333 19 27 ej

124 1368 144 21 underkastas
284 1369 70 26 nägon
371 1368 121 27 afgörande
508 1368 110 28 pröfning,
634 1370 53 19 utan
703 1367 80 21 beslöts
799 1373 29 14 nu
846 1373 36 15 en-

123 1402 50 20 dast
188 1404 33 19 att
236 1402 33 21 för
283 1402 134 28 granskning
433 1403 25 21 af
471 1404 111 20 desamma
597 1402 93 20 tillsätta
706 1404 31 18 ett
753 1400 24 22 af
789 1402 34 20 tre
834 1407 48 21 per-

123 1442 64 15 soner
203 1436 116 22 bestående
335 1436 91 25 utskott,
442 1444 47 14 som
505 1436 54 22 efter
574 1436 120 22 verkstälät
710 1436 99 27 uppdrag
825 1436 54 26 egde
