1031 1678
63 1102 28 16 att
104 1100 97 19 Utskottet
212 1100 105 19 framhållit

40 1135 151 18 önskvärdheten
216 1135 54 18 deraf
289 1137 28 16 att

40 1169 96 23 Styrelsen
151 1170 43 17 ville
207 1170 31 17 vid
251 1170 65 23 hvarje

39 1203 89 24 landtdag
157 1204 30 18 för
212 1205 103 17 Ständerna

39 1238 95 23 uppgifva,
147 1239 66 17 hvilka
222 1239 94 18 allmänna

38 1273 108 22 byggnader
159 1273 95 23 Styrelsen
267 1274 49 17 hade

38 1307 30 18 för
86 1307 56 22 afsigt
161 1309 27 16 att
203 1307 39 18 låta
257 1308 59 18 under

39 1341 35 18 den
92 1343 84 16 närmast
194 1341 83 23 följande
296 1342 19 17 fi-

38 1376 137 22 nansperioden
188 1376 89 23 uppföra;

423 133 90 20 XXXVI
821 134 40 19 249

360 201 35 17 Att
407 201 5 16 i
426 201 28 16 sin
468 199 43 18 mån
524 201 79 22 felaktig
616 201 103 22 beräkning
733 201 58 18 vållat
801 201 34 18 den
845 207 44 16 upp-

337 235 69 18 komna
424 235 95 22 betydliga
538 235 98 18 skilnaden
652 236 78 17 cmellan
744 236 83 22 verkliga
840 236 51 17 kost-

327 270 1 4 i
337 270 83 17 naderna
433 271 34 16 och
481 270 31 17 det
525 270 92 22 beviljade
630 270 85 22 anslaget
724 270 27 17 till
760 271 130 16 reservmötes-

327 303 1 10 '
336 305 106 22 platsernas
451 305 122 22 bebyggande
583 307 20 15 är
612 305 109 22 uppenbart.
741 305 53 17 Dock
803 307 20 15 är
831 305 60 17 denna

327 344 1 20 |
337 340 102 17 osäkerhet
451 340 27 16 uti
492 340 35 17 den
540 340 29 17 till
579 339 104 17 Ständerna
693 339 70 22 afgifna
773 339 117 22 approxima-

327 365 1 29 |
339 374 36 17 tiva
393 374 89 22 kalkylen
494 375 36 17 lätt
542 374 104 22 förklarlig,
661 380 27 11 om
702 380 42 11 man
757 374 88 17 besinnar
857 375 32 20 att,

326 400 41 25 "vid
380 409 51 17 tiden
444 409 29 17 för
486 409 124 17 aflemnandet
620 409 19 17 af
651 409 57 22 sagda
717 408 70 23 kalkyl,
796 413 95 12 reservens

337 444 131 21 mötesplatser
486 445 50 16 ännu
554 444 16 21 ej
584 449 32 12 ens
631 449 43 11 voro
687 443 101 21 bestämda,
802 445 48 15 samt
863 444 28 16 att

326 479 16 25 |1
355 478 129 22 verkligheten
501 479 133 20 kostnaderna,
654 477 59 18 såsom
727 478 92 17 beroende
832 477 20 18 af
863 477 26 17 lo-

326 506 1 20 I
340 513 39 17 kala
392 512 137 22 förhållanden,
544 513 71 17 utfallit
628 512 21 18 så
662 513 55 20 olika,
732 514 27 16 att
772 512 65 17 medan
848 512 10 17 å
867 517 22 12 en

337 547 29 17 del
385 547 131 22 mötesplatser
535 547 5 17 i
560 547 55 18 södra
634 547 53 18 delen
701 547 20 17 af
733 547 63 17 landet
809 547 80 22 byggna-

337 582 57 17 derna
413 582 72 17 kunnat
502 581 10 18 å
529 582 123 22 entreprenad
666 582 71 17 utföras
750 581 30 18 för
792 581 97 18 kostnads-

326 632 1 4 ;
335 617 101 22 förslagets
449 622 72 12 summa
534 618 63 19 51,650
606 617 59 20 mark,
674 617 93 21 möjligen,
775 617 60 16 såsom
844 621 45 17 upp-

337 652 59 22 gifvet
414 652 66 17 blifvit,
495 651 41 18 med
550 651 60 22 någon
623 651 72 17 mindre
707 651 69 18 förlust
788 651 29 17 för
830 653 59 15 entre-

326 694 1 3 :
336 688 118 20 prenörerne,
474 691 70 12 samma
563 686 49 22 slags
628 685 160 23 byggnadsarbete
801 684 11 18 å
825 690 21 12 en
860 685 29 17 del

326 717 1 19 |
336 720 58 18 andra
407 721 71 21 platser
490 721 52 17 kräft
555 720 78 22 utgifter
646 720 20 18 af
677 720 48 18 ända
737 720 29 18 till
777 721 22 16 70
808 720 11 17 a
827 721 63 20 80,000

326 751 1 23 |
336 756 58 21 mark,
409 756 34 17 och
457 754 10 18 &
476 756 134 22 mötesplatsen
621 755 50 17 invid
682 755 52 17 Kemi
743 754 42 18 stad
793 754 20 18 af
821 755 69 17 inemot

325 776 2 24 i
336 790 22 17 90
365 791 34 16 000
412 790 59 17 mark.

360 826 67 17 Derest
439 825 29 17 för
481 830 97 12 reservens
592 825 107 17 inkallande
712 825 59 17 första
780 824 71 23 gängen
860 823 30 18 till

325 860 2 22 |
336 860 125 22 öfningsmöte
478 858 21 18 sä
516 860 44 16 kort
572 860 27 16 tid
613 860 16 22 ej
643 860 48 17 varit
705 861 72 18 utmätt,
791 860 44 16 utan
849 858 40 23 Sty-

325 884 2 26 |
336 894 61 18 relsen
416 894 41 18 haft
475 894 111 22 tillräckligt
604 893 74 18 rädrum
696 896 27 15 att
736 893 23 23 pä
771 894 118 22 lämpligaste

325 941 2 4 |
336 930 37 16 sätt
394 929 83 17 anordna
497 929 206 23 reservbyggnadernas
725 928 120 23 uppförande,
869 926 21 19 sä

326 972 1 5 '
336 964 61 18 skulle
414 966 45 16 utan
472 964 65 18 tvifvel
551 964 31 18 det
596 964 97 18 anmärkta
707 964 124 17 öfverskottet
843 963 5 17 i
861 964 28 16 ut-

336 999 56 22 gifter
411 999 29 17 för
459 999 54 17 dessa
532 999 108 22 byggnader
658 999 62 17 blifvit
738 998 91 22 betydligt
844 998 46 16 min-

325 1039 1 18 |
336 1033 60 18 skadt.

325 1072 1 11 |

359 1102 79 23 Uppgift
457 1101 11 18 &
484 1103 23 16 de
520 1103 171 22 byggnadsföretag
704 1102 19 17 af
735 1103 60 16 större
809 1100 80 23 omfång,

325 1131 1 31 |
335 1137 65 17 hvilka
413 1137 59 17 under
484 1137 128 17 instundande
624 1137 126 22 finansperiod
759 1137 64 16 kunna
833 1137 56 16 emot-

325 1194 1 5 |
335 1177 29 12 ses
377 1172 76 17 komma
465 1172 29 17 till
509 1171 104 22 utförande,
627 1172 48 17 skall
687 1171 20 18 af
715 1171 174 22 Finansexpeditio-

325 1208 45 23 inen
383 1205 155 19 tillhandahållas
553 1207 150 17 Statsutskottet.

325 1234 1 8 |

324 1283 2 13 |

60 1447 28 15 att
103 1446 98 17 Utskottet
213 1444 61 19 såsom
287 1441 37 28 ett|
356 1446 50 18 Från
426 1447 35 17 och
478 1447 41 17 med
536 1446 20 18 är
571 1448 43 16 1886
627 1448 35 16 har
675 1452 21 12 en
709 1446 110 22 förändring
832 1446 5 17 i
849 1446 40 23 pla-

38 1479 141 23 önskningsmä!
200 1480 68 18 uttalat
281 1467 31 41 att
321 1471 2 33 |
332 1487 36 12 nen
385 1481 30 18 för
433 1481 123 18 redaktionen
570 1482 20 17 af
601 1482 74 17 landets
687 1482 95 17 allmänna
794 1481 95 22 tidningar
