1031 1678
785 129 24 19 41

82 192 72 27 slaget
169 193 41 21 den
227 195 26 20 26
257 193 113 22 Februari
389 195 54 20 1883
459 196 77 25 vägrat
551 193 154 22 sammankalla
715 193 129 22 valmännen

82 227 7 20 i
104 227 26 21 N.
139 226 33 22 för
183 229 32 20 att
230 228 35 21 vid
281 230 91 19 stämma
387 229 94 25 rådgöra
496 228 41 21 och
552 229 86 20 besluta
653 234 34 15 om
699 227 143 28 ändring
790 222 10 37 i
811 222 35 37 af-

83 262 80 21 seende
186 263 13 20 å
221 262 195 27 röstberäkningen
437 263 32 21 uti
492 263 41 21 den
553 263 33 21 för
606 263 78 21 staden
701 263 26 21 då
743 263 101 26 gällande

83 295 118 28 ordningen
221 296 33 22 för
276 298 105 21 utseende
402 297 22 22 af
441 297 173 27 landtdagsmän,
636 297 25 21 så
681 299 52 20 enär
754 298 25 20 12
795 297 11 26 &
822 296 27 21 af

83 330 234 28 landtdagsordningen
333 331 22 21 af
369 333 40 19 den
428 334 25 18 15
470 332 60 27 April
548 333 61 24 1869,
626 331 68 21 sådan
710 332 40 20 den
765 331 79 26 lyder
832 326 15 37 i

83 364 122 28 Kejserliga
220 366 124 21 Manifestet
360 366 40 21 den
412 368 27 19 20
454 366 58 22 Mars
526 368 60 24 1879,
598 366 128 21 tillerkände
736 365 106 21 valberät-

85 399 74 26 tigade
174 400 129 21 innevånare
312 401 6 20 i
327 400 48 21 stad
383 401 107 26 rättighet
498 402 38 24 att,
546 407 33 14 om
592 400 26 21 de
626 400 49 21 ville
684 403 62 18 vinna
754 399 90 26 ändring

84 434 6 20 i
106 435 69 20 sättet
197 435 40 20 och
258 435 117 26 ordningen
398 435 34 21 för
451 435 34 21 val
508 435 22 21 af
544 435 173 26 landtdagsman,
733 434 22 21 få
770 434 76 21 derom

84 468 85 22 besluta
193 469 48 20 med
264 468 105 22 förbehåll
390 470 65 21 likväl
476 471 33 20 att
524 469 75 27 frågan
616 469 70 22 skulle
702 468 141 22 öfverlemnas

84 503 33 20 till
133 503 59 21 Hans
208 503 121 27 Kejserliga
344 504 115 27 Majestäts
469 504 99 27 pröfning
580 503 39 22 och
628 503 149 25 fastställelse,
788 503 57 20 samt

86 537 37 21 det
136 537 85 27 jemlikt
237 538 66 26 sagda
323 539 83 26 lagrum
425 539 86 21 således
528 539 48 21 icke
592 538 123 21 tillkommit
730 537 115 26 Magistra-

86 574 37 19 ten
139 573 32 20 att
187 571 73 27 afgöra
279 572 106 22 huruvida
401 573 146 27 begränsning
562 573 23 21 af
598 573 139 21 valmännens
753 572 93 21 rösträtt

86 606 72 21 kunde
174 606 64 22 blifva
253 607 88 21 föremål
357 607 33 22 för
406 609 139 20 valmännens
561 608 78 24 beslut,
653 607 67 26 ansåg
728 605 115 23 Hofrätten

86 640 154 27 Magistratens
264 642 116 21 omordade
404 645 80 24 vägran
506 642 104 21 innefatta
632 641 113 28 lagstridig
767 639 79 27 åtgärd

86 675 40 21 och
143 677 32 19 ett
193 676 121 26 betänkligt
332 676 178 22 öfverskridande
529 676 23 22 af
568 677 41 21 den
630 674 164 28 Magistraten
781 670 17 38 i
810 679 34 15 sa-

86 710 42 20 ken
151 710 161 22 tillkommande
335 712 131 26 myndighet,
488 711 86 21 hvartill
596 711 142 26 Magistraten
757 708 48 22 haft
820 708 26 20 sä

86 744 87 27 mycket
188 745 83 21 mindre
287 746 120 26 anledning,
424 752 48 15 som
484 746 36 21 det
532 746 67 26 enligt
609 745 121 27 Kejserliga
738 744 105 21 Senatens

87 778 64 22 ofvan
167 779 139 21 omförmälda
320 780 73 26 utslag
409 780 22 21 af
446 780 41 22 den
504 782 24 19 17
544 780 122 21 November
684 781 53 19 1882
753 778 91 21 lemnats

86 813 25 21 N.
127 814 84 20 valmän
226 815 65 25 öppet
306 816 33 19 att
355 820 34 16 om
405 821 27 21 ny
448 814 128 27 valordning
591 814 7 21 i
608 814 75 27 antydt
695 813 54 27 syfte
760 812 87 22 besluta

88 848 40 21 och
144 848 23 21 få
183 848 123 22 densamma
320 849 60 21 Hans
397 849 122 27 Kejserliga
534 849 113 27 Majestäts
659 848 78 26 nådiga
747 846 100 28 pröfning

88 882 40 22 och
146 883 140 21 fastställelse
300 884 126 20 understäld
447 886 58 19 samt
520 884 141 26 Magistraten
677 883 118 25 dessutom,
810 880 37 21 vid

88 917 164 27 valordningens
272 918 132 21 insändande
425 918 33 21 till
477 918 59 21 Hans
557 918 121 26 Kejserliga
698 916 101 27 Majestät
814 914 33 22 för

89 951 67 21 sådan
173 951 105 27 pröfning,
294 952 55 21 varit
364 952 6 21 i
387 952 83 21 tillfälle
486 954 33 19 att
534 952 55 21 inför
603 952 60 21 Hans
671 950 120 28 Kejserliga
801 949 46 21 Ma-

86 986 69 26 jestät
178 986 5 20 i
208 986 172 26 underdånighet
398 986 116 22 framhålla
535 987 27 21 de
580 986 179 26 betänkligheter,
776 984 72 21 hvilka

88 1020 39 21 hos
143 1020 142 27 Magistraten
293 1023 77 24 yppats
381 1021 95 20 rörande
488 1021 26 20 de
526 1020 120 21 åstundade
659 1019 190 26 förändringarnas

88 1054 96 26 enlighet
199 1055 48 20 med
263 1055 98 26 gällande
376 1054 219 27 landtdagsordning;
612 1053 99 22 hvarföre
725 1053 123 24 Hofrätten,

88 1088 51 21 med
155 1087 82 22 fästadt
247 1088 101 22 afseende
360 1089 65 20 likväl
434 1089 59 25 derå,
505 1091 33 19 att
548 1095 26 20 ny
586 1089 90 26 ordning
684 1088 33 21 för
725 1087 124 26 landtdags-

89 1123 141 21 mannavalen
246 1123 6 21 i
268 1123 25 21 N.
310 1123 55 22 efter
380 1123 133 21 tillkomsten
531 1123 22 21 af
566 1123 120 26 Kejserliga
702 1123 106 21 Senatens
815 1123 33 19 ut-

89 1158 47 26 slag
151 1158 42 21 den
208 1159 25 20 15
249 1158 59 21 Mars
326 1159 54 20 1884
396 1158 78 21 hunnit
484 1157 102 21 utverkas
602 1157 25 21 så
642 1157 69 26 tidigt,
728 1158 32 19 att
775 1161 72 21 repre-

90 1194 111 19 sentanter
217 1192 32 21 för
264 1192 25 21 N.
306 1193 48 20 stad
370 1192 33 21 till
421 1194 55 19 1885
494 1192 34 21 års
544 1191 105 27 landtdag
659 1192 88 24 kunnat,
760 1190 89 21 oaktadt

89 1227 154 26 Magistratens
267 1226 141 22 omförmälda
426 1229 82 24 vägran
528 1228 33 19 att
582 1226 71 27 utlysa
668 1228 97 23 stämma,
782 1224 68 26 enligt

90 1267 83 15 samma
187 1261 126 26 valordning
328 1261 75 27 väljas,
419 1261 104 26 pröfvade
538 1261 94 25 rättvist,
646 1261 67 26 jemte
729 1259 36 22 det
775 1259 76 21 Hand-

89 1295 78 21 landen
184 1295 45 21 W:s
245 1295 40 21 och
301 1295 100 26 samtlige
417 1295 54 21 hans
488 1295 134 27 medparters
638 1297 58 19 emot
710 1295 139 26 Borgmästa-

90 1336 38 14 ren
143 1329 23 21 P.
183 1331 56 19 samt
255 1329 140 21 Rädmännen
411 1329 23 21 C.
452 1329 41 21 och
509 1330 43 20 E.i
568 1329 63 21 deras
647 1329 32 21 till
689 1329 114 21 Hofrätten
819 1328 33 20 in-

90 1364 99 21 lemnade
204 1363 87 21 skrifter
311 1363 128 22 framstälda
454 1364 114 26 klagomäl,
586 1364 70 20 sävidt
672 1364 64 20 dessa
752 1362 99 22 sträckte

90 1398 33 26 sig
139 1398 84 21 utöfver
238 1397 204 22 Advokatfiskalens
460 1398 23 21 af
491 1398 115 21 Hofrätten
616 1398 7 20 i
634 1398 136 21 förestäende
781 1397 68 21 mätto

90 1433 19 27 ej
128 1432 141 21 underkända
290 1432 142 27 påståenden,
448 1432 74 22 såsom
539 1432 118 27 obefogade
672 1432 109 21 lemnades
798 1433 53 19 utan
