1031 1678
809 136 27 21 23

177 198 66 21 Mom.
260 198 15 21 8
291 204 50 22 ang.
357 198 64 22 arkiv
432 198 36 22 och
479 198 159 22 biblioteksrum
649 199 108 22 ändrades
767 199 98 27 sålunda,

108 235 32 19 att
163 233 166 28 ifrågavarande
347 233 61 21 lokal
426 233 85 21 komme
529 235 33 19 att
581 233 61 22 bestå
661 233 24 22 af
702 235 37 20 två
754 241 48 14 rum
816 234 51 21 med

109 267 93 28 ungefär
217 269 42 20 800
275 275 33 20 qv.
324 267 43 22 fots
383 267 83 28 golfyta
480 267 117 22 hvartdera
613 270 56 19 samt
684 270 33 19 att
727 268 71 29 bägge
809 276 57 14 rum-

109 309 48 15 men
173 303 66 20 borde
253 302 64 21 blifva
327 302 97 26 hvälfda,
434 302 148 21 hvarförutom
594 303 101 21 härinvid
703 303 82 27 jämväl
796 303 69 21 skulle

109 337 93 21 inrättas
217 337 27 20 de
260 337 7 20 i
282 338 120 20 momentet
417 336 124 28 föreslagna
555 338 81 20 tvänne
652 337 121 21 arbetsrum
789 337 24 21 af
824 338 42 22 300

110 378 33 20 qv.
159 371 47 21 fots
221 371 68 25 areal;

179 405 88 22 Momm.
284 405 73 21 9—16
370 405 111 27 äfvensom
496 405 43 22 den
554 405 82 21 mellan
650 412 83 14 momm.
749 405 30 21 15
793 405 37 22 och
839 405 30 21 16

110 441 114 27 upptagna
239 439 181 28 anmärkningen
435 439 90 27 gillades
541 441 53 19 utan
610 440 72 26 någon
698 440 99 27 ändring.

179 474 61 21 Efter
256 475 36 20 det
308 474 231 27 detaljgranskningen
554 473 25 22 af
592 476 157 25 programmets
760 474 107 21 särskilda

111 509 60 21 delar
194 509 91 20 sålunda
308 508 71 22 blifvit
397 508 102 25 afslutad,
515 511 49 24 togs
584 509 121 20 detsamma
720 509 8 20 i
744 508 33 21 sin
793 509 74 21 helhet

111 546 118 25 yttermera
251 544 69 21 under
340 543 103 28 pröfning
462 543 39 21 och
518 543 128 28 godkändes
664 546 33 18 att
716 543 59 28 gälla
789 544 33 21 till
838 543 30 22 ef-

112 578 121 22 terrättelse
256 578 36 21 vid
315 578 187 27 eskissritningars
520 579 149 26 uppgörande,
690 579 67 20 sedan
777 578 46 21 däri
839 579 29 26 på

111 613 106 26 behöriga
233 612 77 21 ställen
321 613 77 20 införts
410 612 43 21 alla
463 613 69 20 under
542 612 162 27 granskningen
715 612 102 21 beslutna
827 612 40 21 och

112 647 60 22 såväl
193 647 7 20 i
220 647 122 27 gårdagens
361 653 45 14 som
428 648 6 18 i
454 647 71 20 denna
541 647 53 27 dags
610 647 108 27 protokoll
733 647 64 21 ofvan
813 654 55 20 upp-

112 681 97 21 räknade
225 681 124 27 ändringar.

467 755 12 28 £
495 756 19 21 3.

181 802 41 21 Till
241 801 165 28 öfverläggning
428 805 94 25 upptogs
540 802 76 28 frågan
638 809 33 14 om
687 802 144 27 stiliseringen
847 802 26 21 af

112 837 41 20 den
169 836 7 21 i
191 836 130 28 protokollet
337 836 33 21 för
386 837 42 21 den
443 838 28 20 29
479 832 61 36 sistl.
555 832 39 36 jan.
612 839 5 25 $
636 837 5 21 3
653 837 142 21 omförmälda
806 836 64 22 skrif-

112 870 63 26 velse,
193 878 45 14 som
255 870 68 22 skulle
339 870 77 22 atlätas
427 871 33 21 till
470 871 253 21 riddarhusdirektionen
734 872 49 20 med
793 871 75 21 anhäl-

111 905 38 21 lan
165 912 34 14 om
215 905 57 21 vissa
287 905 119 27 eftergifter
421 906 7 20 i
443 906 97 20 vilkoren
555 905 34 21 för
604 905 137 28 uppförande
751 905 26 21 af
785 908 31 18 ett
827 908 42 18 tre-

113 940 117 20 ständshus
249 940 12 20 &
282 940 91 26 sgvären
393 940 90 20 framför
498 940 143 21 riddarhuset.
671 940 62 21 Efter
749 940 36 21 det
801 940 68 27 nägra

112 974 180 27 hufvudpunkter
307 974 7 20 i
329 974 140 22 skrifvelsens
479 974 98 22 innehåll
586 974 72 22 blifvit
668 974 121 26 faststälda,
800 974 70 22 öfver-

113 1008 113 21 lemnades
250 1009 48 20 dess
321 1008 120 22 atffattande
464 1009 40 21 och
528 1009 140 27 ofördröjliga
686 1009 141 27 expediering
847 1009 22 20 ät

114 1043 55 21 ordf.
187 1043 40 21 och
242 1043 150 21 sekreteraren
408 1046 32 18 att
456 1043 124 22 verkställa.

469 1119 11 26 8
495 1119 21 20 4.

183 1163 41 21 Vid
239 1163 54 22 härä
308 1163 148 22 förekommen
472 1163 62 28 fråga
549 1171 34 14 om
599 1165 67 20 sättet
681 1163 33 22 för
725 1164 144 21 eskissritnin-

113 1204 50 21 gars
186 1198 142 21 anskaffande
351 1198 101 27 upplyste
475 1198 54 21 ordf.
549 1201 32 18 att
600 1199 42 20 den
661 1199 34 20 för
713 1201 157 25 programmets

112 1233 145 26 uppgörande
273 1233 101 20 nedsatta
390 1232 177 26 kommissionen,
583 1233 49 21 med
646 1233 135 27 frängäende
796 1233 24 20 af
833 1233 38 21 sitt

113 1266 93 27 tidigare
229 1267 80 27 förslag
332 1274 33 14 om
390 1274 26 14 en
440 1267 34 21 för
493 1267 124 22 ändamälet
638 1267 136 21 anställande
790 1267 79 22 allmän

113 1301 121 27 pristäflan,
254 1309 89 14 numera
362 1304 73 19 ansett
456 1302 124 27 lämpligast
599 1304 33 19 att
652 1302 45 21 läta
713 1301 47 22 sina
774 1301 97 22 tekniskt

113 1335 87 21 bildade
216 1336 139 21 medlemmar
371 1336 123 27 ombesörja
509 1337 116 26 desamma,
642 1336 81 21 hvilket
733 1336 70 21 skulle
813 1337 58 20 med-

113 1369 54 26 föra,
184 1372 59 19 utom
262 1372 69 19 andra
351 1370 103 26 fördelar,
470 1370 63 22 äfven
549 1372 42 20 den
607 1370 25 22 af
645 1373 44 19 stor
704 1370 165 28 tidsbesparing.

112 1404 113 27 Därjemte
242 1405 100 27 uppläste
358 1405 55 21 ordf.
430 1412 26 14 en
468 1406 24 20 af
500 1405 90 21 friherre
602 1405 19 22 S.
634 1405 135 27 Gripenberg
779 1404 92 22 affattad

113 1438 112 22 skrifvelse
245 1440 3 20 i
264 1440 95 21 nämnda
375 1439 61 28 syfte.

793 1474 11 17 3
