1031 1678
189 127 28 21 36

159 189 200 26 skillnadstomten,
383 188 111 22 hvarefter
516 189 211 28 byggnadsärendet,
744 189 93 21 sålunda
853 189 70 22 förbe-

160 225 55 25 redt,
231 223 68 22 borde
315 223 24 21 af
353 223 85 26 deleg:n
454 223 143 22 öfverlemnas
618 223 33 22 till
667 225 256 20 nästsammanträdande

161 259 107 22 Ständers
285 257 112 22 definitiva
412 257 124 27 afgörande.

231 293 32 20 Hr
285 293 21 20 J.
323 291 112 22 Forsman
450 291 104 22 förenade
578 292 33 27 sig
625 293 50 20 med
691 292 26 21 hr
731 292 89 21 Donner
835 293 7 20 i
857 291 65 22 ofvan

160 327 92 27 angifna
267 326 106 28 yrkande.

231 361 32 21 Hr
272 360 120 22 Estlander
400 360 114 27 påpekade
522 360 42 21 den
574 360 116 21 märkbara
699 360 111 28 skiftning,
817 368 45 14 som
871 367 53 21 upp-

152 395 133 26 "fattningen
298 402 34 13 om
344 395 36 20 det
391 394 114 21 tillernade
517 394 156 21 ständerhuset
683 395 122 26 undergått.
821 389 31 26 År
861 395 61 26 1882,

161 430 30 20 då
213 435 129 21 gynsamma
365 428 121 27 pekuniära
505 428 152 21 förhållanden
673 429 67 21 rådde
755 429 7 20 i
778 429 80 27 landet,
874 429 49 21 ville

162 464 127 21 Ständerna
303 463 48 21 icke
367 463 85 27 åtnöjas
468 463 49 20 med
532 464 43 26 det,
592 463 71 21 såsom
679 471 50 13 man
746 463 80 28 tyckte,
842 463 33 22 för
883 471 40 13 an-

161 497 128 28 spräkslösa
304 497 104 27 förslaget
423 499 32 19 att
471 497 93 27 uppföra
579 497 129 28 byggnaden
726 498 13 20 &
749 497 110 25 Servalen,
870 501 52 18 utan

161 533 97 27 yrkades
267 533 37 20 det
313 533 28 26 på
349 539 26 14 en
386 538 58 15 mera
456 532 108 20 storartad
573 531 175 28 byggnadsplan.
765 532 49 21 Men
822 533 36 20 vid
869 533 54 21 1885

162 568 36 20 års
213 567 107 26 landtdag
335 566 56 21 hade
408 567 72 20 denna
495 566 110 27 stämning
620 567 68 20 redan
705 568 24 19 så
745 567 129 25 förändrats,
890 570 33 18 att

163 601 67 27 nödig
246 601 113 27 pluralitet
378 601 58 20 inom
453 601 254 27 Ständerförsamlingen
723 601 19 27 ej
760 601 72 21 kunde
847 602 77 20 vinnas

163 637 34 21 för
213 636 134 27 beviljandet
363 635 24 21 af
400 642 26 14 en
443 635 197 28 byggnadssumma
655 636 86 21 utöfver
749 637 41 26 1!/,
799 636 73 26 miljon
881 636 41 21 mk.

162 671 48 21 Och
225 671 8 20 i
250 670 135 20 närvarande
402 669 32 21 tid
449 670 39 26 går
496 671 119 19 tendensen
626 670 85 20 kanske
720 671 59 19 ännu
789 671 135 20 mera
848 665 10 36 i
869 671 55 20 rikt-

164 705 52 27 ning
232 706 23 19 åt
271 704 144 27 sparsamhet.
445 704 53 25 Tal.,
514 710 46 14 som
576 704 72 20 anslöt
664 704 33 26 sig
705 704 33 20 till
747 705 72 20 denna
827 704 97 27 riktning

164 740 41 20 och
221 738 53 22 fann
291 739 36 20 det
343 746 29 12 nu
387 738 149 27 föreliggande
552 738 219 28 byggnadsförslaget
779 746 52 14 vara
839 738 76 28 prisbil

163 774 40 26 ligt
225 774 8 20 i
254 772 127 28 jämförelse
404 773 47 21 med
468 772 69 28 öfriga
552 772 88 28 förslag,
656 773 118 21 förordade
791 774 133 26 antagandet

163 808 26 21 af
202 808 128 24 detsamma,
346 806 90 22 hvartill
452 810 72 24 syntes
540 807 40 21 tal.
596 814 53 14 vara
665 808 24 20 så
705 808 85 26 mycket
806 814 60 14 mera
877 808 47 20 skäl

164 849 53 18 som,
242 842 42 20 enl.
308 842 49 20 tal:s
373 842 94 26 mening,
484 842 40 20 den
540 841 125 27 föreslagna
680 842 244 27 byggnadskomplexen

164 876 72 22 blefve
253 876 56 22 både
325 876 86 26 vacker,
434 876 76 21 stilfull
526 876 40 21 oeh
582 876 76 26 värdig
674 876 55 21 efter
744 883 33 19 en,
791 877 25 27 ja
831 879 14 18 t.
862 884 19 14 o.
897 884 26 14 m.

164 911 57 22 efter
236 912 37 20 två
289 910 24 22 af
327 912 26 19 de
369 910 122 28 uppgjorda
506 910 129 27 eskisserna,
648 911 69 27 jämte
733 912 36 20 det
785 911 142 27 inredningen

165 946 74 20 kunde
254 945 51 21 fullt
320 944 159 22 tillfredsställa
494 945 36 21 tal.
547 945 68 27 enligt
630 945 45 22 alla
691 948 32 18 tre
741 946 142 26 ritningarna.

236 980 32 20 Hr
285 974 87 26 Öhman
388 980 67 26 ansåg
471 979 147 21 arkitekterne
634 980 67 20 hafva
716 980 42 20 löst
767 980 41 20 den
817 979 112 27 förelagda

167 1014 116 28 uppgiften
300 1013 155 28 förtjänstfullt
471 1013 39 21 och
527 1016 32 18 att
575 1013 86 27 deleg:n
677 1013 76 22 därför
768 1013 73 22 kunde
851 1016 77 25 genast

166 1049 77 21 skrida
259 1048 33 21 till
309 1049 41 20 den
366 1048 142 21 förevarande
525 1048 224 27 diskussionsfrågans
765 1047 118 28 afgörande
893 1055 35 20 ge-

168 1091 49 14 nom
234 1083 141 26 omröstning,
385 1083 89 21 hvarvid
486 1083 36 20 det
532 1083 7 20 i
556 1083 148 21 betänkandet
715 1083 128 21 framstälda
851 1083 79 21 resolu-

168 1117 165 27 tionsförslaget
353 1117 71 21 blefve
445 1117 167 27 ja-proposition
626 1121 45 18 mot
688 1118 27 20 de
731 1117 68 27 öfriga
814 1117 115 27 förslagen.

240 1152 31 21 Hr
289 1147 81 32 Öhberg
385 1151 81 28 yrkade
474 1152 28 27 på
518 1152 133 27 omröstning
667 1152 33 21 till
717 1151 118 28 afgörande
851 1151 24 22 af
889 1153 41 20 den

169 1187 152 26 föreliggande
345 1186 219 27 diskussionsfrägan,
588 1188 53 19 enär
663 1187 25 27 ju
713 1185 146 22 arkitekterne
875 1186 55 21 hade

170 1221 100 28 fullgjort
285 1221 38 20 sitt
339 1221 100 27 uppdrag
455 1221 40 21 och
511 1221 66 21 borde
592 1221 23 21 få
630 1228 50 14 svar
695 1223 56 19 samt
760 1221 107 21 utskottet
877 1221 54 20 lika-

171 1256 60 21 ledes
247 1255 55 22 hade
319 1255 90 22 afslutat
424 1256 38 21 sitt
477 1255 49 22 värf
540 1256 40 21 och
596 1256 102 21 fordrade
714 1262 55 14 svar.

242 1290 32 21 Hr
290 1289 98 28 Löfgren
410 1291 54 20 hade
480 1290 24 21 af
518 1291 25 20 de
559 1290 124 27 granskade
699 1290 137 27 ritningarna
851 1289 79 26 funnit,

172 1325 105 21 hurusom
301 1325 36 20 det
353 1324 147 21 arkitekterne
516 1325 112 26 förelagda
645 1324 122 28 problemet
782 1331 38 13 var
835 1324 97 27 omöjligt

173 1361 34 19 att
221 1358 54 21 lösa.
305 1358 47 21 Den
368 1358 128 27 ifrågasatta
511 1358 245 28 byggnadskomplexen
772 1357 69 22 blefve
857 1358 75 21 nämli-

172 1399 44 20 gen
240 1399 26 14 en
291 1392 123 28 karrikatyr
436 1392 24 22 af
480 1393 130 21 ständerhus
633 1393 40 21 och
697 1392 132 26 fullkomligt
844 1393 88 26 ovärdig

173 1427 88 21 landets
277 1427 118 27 höglofliga
410 1428 94 20 ständer.
