1031 1678
192 133 21 17 w.

171 180 52 21 derä
238 180 101 21 anvisade
360 180 80 25 anslag,
456 180 68 20 under
541 180 56 21 1885
613 180 45 21 Fm.
676 180 119 26 1,901,614:
811 181 34 24 27,
860 181 69 20 under

172 220 55 21 1886
242 220 47 21 Fm.
305 220 119 26 1,827,896:
441 220 27 21 89
488 220 37 21 och
547 221 67 20 under
635 221 62 25 1887,
716 220 69 21 sävidt
805 221 35 20 det
859 221 69 26 provi-

171 261 84 20 soriska
270 261 108 20 bokslutet
389 260 33 21 för
433 261 58 20 detta
502 261 24 20 är
537 267 37 20 ger
586 261 127 26 vidhanden,
725 261 44 20 Fm.
781 261 98 25 920,086:
893 261 34 26 05,

171 301 53 20 eller
247 301 157 26 sammanlagdt
426 300 33 21 för
486 300 48 21 hela
558 301 101 26 perioden
682 301 112 25 4,649,597
817 301 60 21 mark
900 301 25 20 21

171 340 71 27 penni.
273 340 41 21 Till
334 341 39 20 den
391 340 5 20 i
413 342 81 24 ögonen
515 340 94 21 fallande
626 340 146 26 minskningen
789 341 67 20 under
873 340 53 21 1887

171 380 100 25 bidrager
295 380 126 25 emellertid,
444 382 57 18 utom
527 380 164 26 missgynnande
717 380 154 25 konjunkturer
895 380 33 20 för

172 423 101 24 exporten
295 420 38 21 och
353 420 116 20 industrins
490 420 83 27 tryckta
593 420 101 26 ställning.
717 419 60 22 äfven
795 421 39 20 den
851 420 77 21 förlust

172 460 22 21 af
209 459 98 27 omkring
323 460 93 25 280,000
432 460 58 21 mark
509 460 81 21 banken
608 460 113 21 vidkändts
737 459 27 27 på
776 459 150 22 nedsmäitnin-
938 459 8 4 ”

172 506 39 20 gen
229 499 22 21 af
269 499 65 21 finskt
349 499 131 28 sifvermynt,
497 500 84 20 hvilken
602 500 75 26 åtgärd
697 499 23 21 af
741 501 103 26 styrelsen
865 500 62 21 stälts

172 540 70 21 såsom
259 540 69 21 vilkor
349 540 32 21 för
401 543 31 18 att
451 540 11 27 $
480 540 26 21 19
525 540 5 20 i
552 540 122 27 myntlagen
693 539 56 27 finge
765 541 61 19 träda
841 541 6 19 i
862 539 66 22 kraft.

241 580 34 21 Då
287 580 40 21 den
341 581 4 20 i
357 581 54 20 1884
424 581 34 20 års
471 580 87 22 bokslut
569 581 104 26 ingående
685 580 148 26 behållningen
845 581 5 19 i
862 581 66 20 vinst-

172 620 160 21 medelsfonden
353 622 22 19 är
395 621 6 20 i
422 622 30 19 sin
472 621 74 20 helhet
561 623 63 24 tagen
641 621 6 19 i
664 620 91 26 anspråk
771 626 76 20 genom
863 620 26 21 de
908 620 22 21 af

173 660 120 21 Ständerna
310 661 33 20 vid
361 663 83 19 senaste
464 661 103 25 landtdag
586 660 91 21 träffade
693 661 156 25 dispositioner,
865 662 63 23 utgör

173 701 142 26 nyssnämnda
332 707 82 14 summa

415 740 45 21 Fm.
478 742 129 24 4,649,597:
624 742 29 19 21
667 741 31 26 p:i

173 781 36 21 det
225 781 84 27 belopp,
327 787 51 20 som,
395 781 131 21 oberäknadt
542 783 56 19 ännu
610 782 46 20 icke
673 781 102 21 bokförda
791 780 137 25 räntemedel,

173 827 28 15 nu
217 822 98 26 gvarstär
330 821 31 21 till
379 821 130 21 Ständernas
525 821 135 26 förfogande.
