<?xml version="1.0" encoding="UTF-8"?>
<alto xmlns="http://www.loc.gov/standards/alto/ns-v3#" xmlns:xlink="http://www.w3.org/1999/xlink" xmlns:xsi="http://www.w3.org/2001/XMLSchema-instance" xsi:schemaLocation="http://www.loc.gov/standards/alto/ns-v3# http://www.loc.gov/alto/v3/alto-3-0.xsd">
	<Description>
		<MeasurementUnit>pixel</MeasurementUnit>
		<sourceImageInformation>
			<fileName>/tmp/tess_pt7b09wb_input.PNG</fileName>
		</sourceImageInformation>
		<OCRProcessing ID="OCR_0">
			<ocrProcessingStep>
				<processingSoftware>
					<softwareName>tesseract 5.3.4</softwareName>
				</processingSoftware>
			</ocrProcessingStep>
		</OCRProcessing>
	</Description>
	<Layout>
		<Page WIDTH="1031" HEIGHT="1678" PHYSICAL_IMG_NR="0" ID="page_0">
			<PrintSpace HPOS="0" VPOS="0" WIDTH="1031" HEIGHT="1678">
				<ComposedBlock ID="cblock_0" HPOS="378" VPOS="131" WIDTH="472" HEIGHT="22">
					<TextBlock ID="block_0" HPOS="378" VPOS="131" WIDTH="472" HEIGHT="22">
						<TextLine ID="line_0" HPOS="378" VPOS="131" WIDTH="472" HEIGHT="22">
							<String ID="string_0" HPOS="378" VPOS="133" WIDTH="27" HEIGHT="20" WC="0.93" CONTENT="U."/><SP WIDTH="15" VPOS="133" HPOS="405"/>
							<String ID="string_1" HPOS="420" VPOS="133" WIDTH="26" HEIGHT="19" WC="0.92" CONTENT="B."/><SP WIDTH="18" VPOS="133" HPOS="446"/>
							<String ID="string_2" HPOS="464" VPOS="144" WIDTH="27" HEIGHT="3" WC="0.92" CONTENT="—"/><SP WIDTH="15" VPOS="144" HPOS="491"/>
							<String ID="string_3" HPOS="506" VPOS="132" WIDTH="114" HEIGHT="21" WC="0.92" CONTENT="XXXVII."/><SP WIDTH="203" VPOS="132" HPOS="620"/>
							<String ID="string_4" HPOS="823" VPOS="131" WIDTH="27" HEIGHT="21" WC="0.96" CONTENT="25"/>
						</TextLine>
					</TextBlock>
				</ComposedBlock>
				<ComposedBlock ID="cblock_1" HPOS="118" VPOS="193" WIDTH="761" HEIGHT="92">
					<TextBlock ID="block_1" HPOS="118" VPOS="193" WIDTH="761" HEIGHT="92">
						<TextLine ID="line_1" HPOS="119" VPOS="193" WIDTH="760" HEIGHT="30">
							<String ID="string_5" HPOS="119" VPOS="201" WIDTH="37" HEIGHT="14" WC="0.96" CONTENT="om"/><SP WIDTH="15" VPOS="201" HPOS="156"/>
							<String ID="string_6" HPOS="171" VPOS="196" WIDTH="35" HEIGHT="19" WC="0.93" CONTENT="att"/><SP WIDTH="15" VPOS="196" HPOS="206"/>
							<String ID="string_7" HPOS="221" VPOS="194" WIDTH="149" HEIGHT="28" WC="0.92" CONTENT="fullständigt"/><SP WIDTH="7" VPOS="194" HPOS="370"/>
							<String ID="string_8" HPOS="377" VPOS="194" WIDTH="91" HEIGHT="29" WC="0.96" CONTENT="förslag"/><SP WIDTH="8" VPOS="194" HPOS="468"/>
							<String ID="string_9" HPOS="476" VPOS="194" WIDTH="38" HEIGHT="21" WC="0.96" CONTENT="till"/><SP WIDTH="8" VPOS="194" HPOS="514"/>
							<String ID="string_10" HPOS="522" VPOS="196" WIDTH="55" HEIGHT="26" WC="0.92" CONTENT="nytt"/><SP WIDTH="9" VPOS="196" HPOS="577"/>
							<String ID="string_11" HPOS="586" VPOS="193" WIDTH="206" HEIGHT="28" WC="0.92" CONTENT="bankreglemente"/><SP WIDTH="8" VPOS="193" HPOS="792"/>
							<String ID="string_12" HPOS="800" VPOS="193" WIDTH="79" HEIGHT="22" WC="0.92" CONTENT="blefve"/>
						</TextLine>
						<TextLine ID="line_2" HPOS="118" VPOS="227" WIDTH="760" HEIGHT="28">
							<String ID="string_13" HPOS="118" VPOS="228" WIDTH="135" HEIGHT="22" WC="0.90" CONTENT="utarbetadt"/><SP WIDTH="16" VPOS="228" HPOS="253"/>
							<String ID="string_14" HPOS="269" VPOS="229" WIDTH="44" HEIGHT="21" WC="0.93" CONTENT="och"/><SP WIDTH="14" VPOS="229" HPOS="313"/>
							<String ID="string_15" HPOS="327" VPOS="231" WIDTH="54" HEIGHT="19" WC="0.91" CONTENT="näst"/><SP WIDTH="22" VPOS="231" HPOS="381"/>
							<String ID="string_16" HPOS="403" VPOS="228" WIDTH="221" HEIGHT="23" WC="0.92" CONTENT="sammanträdande"/><SP WIDTH="16" VPOS="228" HPOS="624"/>
							<String ID="string_17" HPOS="640" VPOS="227" WIDTH="100" HEIGHT="24" WC="0.92" CONTENT="Ständer"/><SP WIDTH="15" VPOS="227" HPOS="740"/>
							<String ID="string_18" HPOS="755" VPOS="227" WIDTH="123" HEIGHT="28" WC="0.92" CONTENT="förelagdt,"/>
						</TextLine>
						<TextLine ID="line_3" HPOS="119" VPOS="262" WIDTH="359" HEIGHT="23">
							<String ID="string_19" HPOS="119" VPOS="262" WIDTH="85" HEIGHT="22" WC="0.92" CONTENT="härhos"/><SP WIDTH="15" VPOS="262" HPOS="204"/>
							<String ID="string_20" HPOS="219" VPOS="263" WIDTH="120" HEIGHT="22" WC="0.93" CONTENT="vördsamt"/><SP WIDTH="15" VPOS="263" HPOS="339"/>
							<String ID="string_21" HPOS="354" VPOS="263" WIDTH="124" HEIGHT="22" WC="0.92" CONTENT="hemställa"/>
						</TextLine>
					</TextBlock>
				</ComposedBlock>
				<ComposedBlock ID="cblock_2" HPOS="255" VPOS="319" WIDTH="623" HEIGHT="264">
					<TextBlock ID="block_2" HPOS="255" VPOS="319" WIDTH="623" HEIGHT="264">
						<TextLine ID="line_4" HPOS="325" VPOS="319" WIDTH="553" HEIGHT="28">
							<String ID="string_22" HPOS="325" VPOS="321" WIDTH="35" HEIGHT="20" WC="0.95" CONTENT="det"/><SP WIDTH="17" VPOS="321" HPOS="360"/>
							<String ID="string_23" HPOS="377" VPOS="321" WIDTH="49" HEIGHT="21" WC="0.93" CONTENT="ville"/><SP WIDTH="19" VPOS="321" HPOS="426"/>
							<String ID="string_24" HPOS="445" VPOS="320" WIDTH="129" HEIGHT="22" WC="0.92" CONTENT="Ständerna"/><SP WIDTH="20" VPOS="320" HPOS="574"/>
							<String ID="string_25" HPOS="594" VPOS="320" WIDTH="94" HEIGHT="22" WC="0.91" CONTENT="anmoda"/><SP WIDTH="19" VPOS="320" HPOS="688"/>
							<String ID="string_26" HPOS="707" VPOS="319" WIDTH="171" HEIGHT="28" WC="0.92" CONTENT="Bankfullmäk-"/>
						</TextLine>
						<TextLine ID="line_5" HPOS="257" VPOS="354" WIDTH="620" HEIGHT="29">
							<String ID="string_27" HPOS="257" VPOS="354" WIDTH="40" HEIGHT="28" WC="0.92" CONTENT="tige"/><SP WIDTH="15" VPOS="354" HPOS="297"/>
							<String ID="string_28" HPOS="312" VPOS="356" WIDTH="34" HEIGHT="20" WC="0.96" CONTENT="att"/><SP WIDTH="13" VPOS="356" HPOS="346"/>
							<String ID="string_29" HPOS="359" VPOS="355" WIDTH="37" HEIGHT="21" WC="0.93" CONTENT="vid"/><SP WIDTH="14" VPOS="355" HPOS="396"/>
							<String ID="string_30" HPOS="410" VPOS="355" WIDTH="150" HEIGHT="28" WC="0.92" CONTENT="uppgörandet"/><SP WIDTH="16" VPOS="355" HPOS="560"/>
							<String ID="string_31" HPOS="576" VPOS="354" WIDTH="29" HEIGHT="28" WC="0.96" CONTENT="af"/><SP WIDTH="15" VPOS="354" HPOS="605"/>
							<String ID="string_32" HPOS="620" VPOS="354" WIDTH="82" HEIGHT="28" WC="0.96" CONTENT="förslag"/><SP WIDTH="16" VPOS="354" HPOS="702"/>
							<String ID="string_33" HPOS="718" VPOS="354" WIDTH="34" HEIGHT="21" WC="0.96" CONTENT="till"/><SP WIDTH="14" VPOS="354" HPOS="752"/>
							<String ID="string_34" HPOS="766" VPOS="356" WIDTH="52" HEIGHT="25" WC="0.93" CONTENT="nytt"/><SP WIDTH="13" VPOS="356" HPOS="818"/>
							<String ID="string_35" HPOS="831" VPOS="361" WIDTH="46" HEIGHT="21" WC="0.81" CONTENT="reg-"/>
						</TextLine>
						<TextLine ID="line_6" HPOS="256" VPOS="389" WIDTH="621" HEIGHT="28">
							<String ID="string_36" HPOS="256" VPOS="389" WIDTH="88" HEIGHT="22" WC="0.92" CONTENT="lemente"/><SP WIDTH="15" VPOS="389" HPOS="344"/>
							<String ID="string_37" HPOS="359" VPOS="390" WIDTH="36" HEIGHT="26" WC="0.96" CONTENT="för"/><SP WIDTH="15" VPOS="390" HPOS="395"/>
							<String ID="string_38" HPOS="410" VPOS="389" WIDTH="115" HEIGHT="22" WC="0.96" CONTENT="Finlands"/><SP WIDTH="15" VPOS="389" HPOS="525"/>
							<String ID="string_39" HPOS="540" VPOS="389" WIDTH="68" HEIGHT="22" WC="0.93" CONTENT="Bank"/><SP WIDTH="17" VPOS="389" HPOS="608"/>
							<String ID="string_40" HPOS="625" VPOS="391" WIDTH="50" HEIGHT="26" WC="0.95" CONTENT="taga"/><SP WIDTH="15" VPOS="391" HPOS="675"/>
							<String ID="string_41" HPOS="690" VPOS="389" WIDTH="9" HEIGHT="21" WC="0.93" CONTENT="i"/><SP WIDTH="15" VPOS="389" HPOS="699"/>
							<String ID="string_42" HPOS="714" VPOS="389" WIDTH="163" HEIGHT="27" WC="0.85" CONTENT="öfvervägande,"/>
						</TextLine>
						<TextLine ID="line_7" HPOS="255" VPOS="423" WIDTH="623" HEIGHT="28">
							<String ID="string_43" HPOS="255" VPOS="423" WIDTH="111" HEIGHT="22" WC="0.93" CONTENT="huruvida"/><SP WIDTH="15" VPOS="423" HPOS="366"/>
							<String ID="string_44" HPOS="381" VPOS="423" WIDTH="45" HEIGHT="22" WC="0.95" CONTENT="icke"/><SP WIDTH="15" VPOS="423" HPOS="426"/>
							<String ID="string_45" HPOS="441" VPOS="423" WIDTH="138" HEIGHT="28" WC="0.95" CONTENT="reglementet"/><SP WIDTH="17" VPOS="423" HPOS="579"/>
							<String ID="string_46" HPOS="596" VPOS="423" WIDTH="62" HEIGHT="22" WC="0.93" CONTENT="borde"/><SP WIDTH="15" VPOS="423" HPOS="658"/>
							<String ID="string_47" HPOS="673" VPOS="423" WIDTH="83" HEIGHT="22" WC="0.94" CONTENT="erhålla"/><SP WIDTH="11" VPOS="423" HPOS="756"/>
							<String ID="string_48" HPOS="767" VPOS="425" WIDTH="30" HEIGHT="20" WC="0.91" CONTENT="ett"/><SP WIDTH="7" VPOS="425" HPOS="797"/>
							<String ID="string_49" HPOS="804" VPOS="423" WIDTH="74" HEIGHT="28" WC="0.96" CONTENT="tillägg"/>
						</TextLine>
						<TextLine ID="line_8" HPOS="256" VPOS="457" WIDTH="621" HEIGHT="28">
							<String ID="string_50" HPOS="256" VPOS="458" WIDTH="8" HEIGHT="20" WC="0.89" CONTENT="i"/><SP WIDTH="15" VPOS="458" HPOS="264"/>
							<String ID="string_51" HPOS="279" VPOS="458" WIDTH="81" HEIGHT="21" WC="0.96" CONTENT="sådant"/><SP WIDTH="14" VPOS="458" HPOS="360"/>
							<String ID="string_52" HPOS="374" VPOS="459" WIDTH="62" HEIGHT="26" WC="0.96" CONTENT="syfte,"/><SP WIDTH="18" VPOS="459" HPOS="436"/>
							<String ID="string_53" HPOS="454" VPOS="459" WIDTH="34" HEIGHT="20" WC="0.95" CONTENT="att"/><SP WIDTH="14" VPOS="459" HPOS="488"/>
							<String ID="string_54" HPOS="502" VPOS="458" WIDTH="79" HEIGHT="21" WC="0.96" CONTENT="arvode"/><SP WIDTH="17" VPOS="458" HPOS="581"/>
							<String ID="string_55" HPOS="598" VPOS="457" WIDTH="36" HEIGHT="28" WC="0.93" CONTENT="för"/><SP WIDTH="16" VPOS="457" HPOS="634"/>
							<String ID="string_56" HPOS="650" VPOS="458" WIDTH="145" HEIGHT="21" WC="0.92" CONTENT="bestridandet"/><SP WIDTH="14" VPOS="458" HPOS="795"/>
							<String ID="string_57" HPOS="809" VPOS="458" WIDTH="30" HEIGHT="27" WC="0.93" CONTENT="af"/><SP WIDTH="11" VPOS="458" HPOS="839"/>
							<String ID="string_58" HPOS="850" VPOS="457" WIDTH="27" HEIGHT="22" WC="0.90" CONTENT="le-"/>
						</TextLine>
						<TextLine ID="line_9" HPOS="255" VPOS="492" WIDTH="623" HEIGHT="28">
							<String ID="string_59" HPOS="255" VPOS="492" WIDTH="46" HEIGHT="27" WC="0.93" CONTENT="digt"/><SP WIDTH="18" VPOS="492" HPOS="301"/>
							<String ID="string_60" HPOS="319" VPOS="493" WIDTH="184" HEIGHT="21" WC="0.93" CONTENT="direktörsembete"/><SP WIDTH="21" VPOS="493" HPOS="503"/>
							<String ID="string_61" HPOS="524" VPOS="493" WIDTH="38" HEIGHT="21" WC="0.93" CONTENT="och"/><SP WIDTH="17" VPOS="493" HPOS="562"/>
							<String ID="string_62" HPOS="579" VPOS="492" WIDTH="276" HEIGHT="28" WC="0.86" CONTENT="bankkommissarietjenst"/><SP WIDTH="14" VPOS="492" HPOS="855"/>
							<String ID="string_63" HPOS="869" VPOS="492" WIDTH="9" HEIGHT="21" WC="0.96" CONTENT="i"/>
						</TextLine>
						<TextLine ID="line_10" HPOS="255" VPOS="525" WIDTH="622" HEIGHT="29">
							<String ID="string_64" HPOS="255" VPOS="526" WIDTH="75" HEIGHT="28" WC="0.93" CONTENT="hvarje"/><SP WIDTH="22" VPOS="526" HPOS="330"/>
							<String ID="string_65" HPOS="352" VPOS="527" WIDTH="42" HEIGHT="27" WC="0.93" CONTENT="fall"/><SP WIDTH="22" VPOS="527" HPOS="394"/>
							<String ID="string_66" HPOS="416" VPOS="527" WIDTH="114" HEIGHT="21" WC="0.92" CONTENT="ankomme"/><SP WIDTH="23" VPOS="527" HPOS="530"/>
							<String ID="string_67" HPOS="553" VPOS="527" WIDTH="32" HEIGHT="27" WC="0.92" CONTENT="på"/><SP WIDTH="24" VPOS="527" HPOS="585"/>
							<String ID="string_68" HPOS="609" VPOS="527" WIDTH="214" HEIGHT="27" WC="0.90" CONTENT="Bankfullmäktiges"/><SP WIDTH="22" VPOS="527" HPOS="823"/>
							<String ID="string_69" HPOS="845" VPOS="525" WIDTH="32" HEIGHT="22" WC="0.91" CONTENT="be-"/>
						</TextLine>
						<TextLine ID="line_11" HPOS="255" VPOS="561" WIDTH="139" HEIGHT="22">
							<String ID="string_70" HPOS="255" VPOS="561" WIDTH="139" HEIGHT="22" WC="0.89" CONTENT="stämmande."/>
						</TextLine>
					</TextBlock>
				</ComposedBlock>
				<ComposedBlock ID="cblock_3" HPOS="114" VPOS="641" WIDTH="762" HEIGHT="849">
					<TextBlock ID="block_3" HPOS="114" VPOS="641" WIDTH="762" HEIGHT="819">
						<TextLine ID="line_12" HPOS="186" VPOS="641" WIDTH="688" HEIGHT="28">
							<String ID="string_71" HPOS="186" VPOS="642" WIDTH="150" HEIGHT="22" WC="0.96" CONTENT="Beträffande"/><SP WIDTH="23" VPOS="642" HPOS="336"/>
							<String ID="string_72" HPOS="359" VPOS="642" WIDTH="39" HEIGHT="21" WC="0.91" CONTENT="det"/><SP WIDTH="24" VPOS="642" HPOS="398"/>
							<String ID="string_73" HPOS="422" VPOS="642" WIDTH="101" HEIGHT="21" WC="0.91" CONTENT="statslån"/><SP WIDTH="25" VPOS="642" HPOS="523"/>
							<String ID="string_74" HPOS="548" VPOS="642" WIDTH="13" HEIGHT="21" WC="0.90" CONTENT="å"/><SP WIDTH="24" VPOS="642" HPOS="561"/>
							<String ID="string_75" HPOS="585" VPOS="643" WIDTH="127" HEIGHT="26" WC="0.90" CONTENT="17,600,000"/><SP WIDTH="23" VPOS="643" HPOS="712"/>
							<String ID="string_76" HPOS="735" VPOS="641" WIDTH="71" HEIGHT="27" WC="0.96" CONTENT="mark,"/><SP WIDTH="21" VPOS="641" HPOS="806"/>
							<String ID="string_77" HPOS="827" VPOS="648" WIDTH="47" HEIGHT="15" WC="0.96" CONTENT="som"/>
						</TextLine>
						<TextLine ID="line_13" HPOS="117" VPOS="676" WIDTH="759" HEIGHT="28">
							<String ID="string_78" HPOS="117" VPOS="677" WIDTH="94" HEIGHT="21" WC="0.96" CONTENT="banken"/><SP WIDTH="15" VPOS="677" HPOS="211"/>
							<String ID="string_79" HPOS="226" VPOS="676" WIDTH="24" HEIGHT="21" WC="0.96" CONTENT="år"/><SP WIDTH="17" VPOS="676" HPOS="250"/>
							<String ID="string_80" HPOS="267" VPOS="676" WIDTH="54" HEIGHT="22" WC="0.96" CONTENT="1886"/><SP WIDTH="16" VPOS="676" HPOS="321"/>
							<String ID="string_81" HPOS="337" VPOS="676" WIDTH="30" HEIGHT="28" WC="0.93" CONTENT="på"/><SP WIDTH="15" VPOS="676" HPOS="367"/>
							<String ID="string_82" HPOS="382" VPOS="676" WIDTH="105" HEIGHT="28" WC="0.92" CONTENT="halfpart"/><SP WIDTH="15" VPOS="676" HPOS="487"/>
							<String ID="string_83" HPOS="502" VPOS="676" WIDTH="54" HEIGHT="21" WC="0.93" CONTENT="med"/><SP WIDTH="14" VPOS="676" HPOS="556"/>
							<String ID="string_84" HPOS="570" VPOS="676" WIDTH="169" HEIGHT="21" WC="0.92" CONTENT="bankirfirman"/><SP WIDTH="11" VPOS="676" HPOS="739"/>
							<String ID="string_85" HPOS="750" VPOS="676" WIDTH="28" HEIGHT="21" WC="0.92" CONTENT="M."/><SP WIDTH="12" VPOS="676" HPOS="778"/>
							<String ID="string_86" HPOS="790" VPOS="676" WIDTH="27" HEIGHT="20" WC="0.89" CONTENT="A."/><SP WIDTH="12" VPOS="676" HPOS="817"/>
							<String ID="string_87" HPOS="829" VPOS="682" WIDTH="47" HEIGHT="14" WC="0.96" CONTENT="von"/>
						</TextLine>
						<TextLine ID="line_14" HPOS="116" VPOS="710" WIDTH="759" HEIGHT="28">
							<String ID="string_88" HPOS="116" VPOS="710" WIDTH="142" HEIGHT="23" WC="0.93" CONTENT="Rothschild"/><SP WIDTH="22" VPOS="710" HPOS="258"/>
							<String ID="string_89" HPOS="280" VPOS="711" WIDTH="18" HEIGHT="21" WC="0.93" CONTENT="&amp;"/><SP WIDTH="20" VPOS="711" HPOS="298"/>
							<String ID="string_90" HPOS="318" VPOS="710" WIDTH="77" HEIGHT="22" WC="0.91" CONTENT="Söhne"/><SP WIDTH="16" VPOS="710" HPOS="395"/>
							<String ID="string_91" HPOS="411" VPOS="710" WIDTH="136" HEIGHT="28" WC="0.91" CONTENT="öfvertagit,"/><SP WIDTH="17" VPOS="710" HPOS="547"/>
							<String ID="string_92" HPOS="564" VPOS="711" WIDTH="37" HEIGHT="21" WC="0.95" CONTENT="må"/><SP WIDTH="17" VPOS="711" HPOS="601"/>
							<String ID="string_93" HPOS="618" VPOS="710" WIDTH="91" HEIGHT="22" WC="0.96" CONTENT="anföras"/><SP WIDTH="17" VPOS="710" HPOS="709"/>
							<String ID="string_94" HPOS="726" VPOS="712" WIDTH="35" HEIGHT="19" WC="0.92" CONTENT="att"/><SP WIDTH="14" VPOS="712" HPOS="761"/>
							<String ID="string_95" HPOS="775" VPOS="710" WIDTH="100" HEIGHT="21" WC="0.91" CONTENT="låneför-"/>
						</TextLine>
						<TextLine ID="line_15" HPOS="120" VPOS="744" WIDTH="755" HEIGHT="30">
							<String ID="string_96" HPOS="120" VPOS="746" WIDTH="81" HEIGHT="28" WC="0.95" CONTENT="draget"/><SP WIDTH="15" VPOS="746" HPOS="201"/>
							<String ID="string_97" HPOS="216" VPOS="745" WIDTH="138" HEIGHT="21" WC="0.93" CONTENT="bestämmer"/><SP WIDTH="15" VPOS="745" HPOS="354"/>
							<String ID="string_98" HPOS="369" VPOS="745" WIDTH="75" HEIGHT="21" WC="0.92" CONTENT="lånets"/><SP WIDTH="17" VPOS="745" HPOS="444"/>
							<String ID="string_99" HPOS="461" VPOS="745" WIDTH="181" HEIGHT="21" WC="0.92" CONTENT="emissionskurs"/><SP WIDTH="17" VPOS="745" HPOS="642"/>
							<String ID="string_100" HPOS="659" VPOS="744" WIDTH="38" HEIGHT="22" WC="0.96" CONTENT="till"/><SP WIDTH="10" VPOS="744" HPOS="697"/>
							<String ID="string_101" HPOS="707" VPOS="746" WIDTH="62" HEIGHT="26" WC="0.93" CONTENT="99,14"/><SP WIDTH="10" VPOS="746" HPOS="769"/>
							<String ID="string_102" HPOS="779" VPOS="745" WIDTH="33" HEIGHT="27" WC="0.78" CONTENT="9/,,"/><SP WIDTH="11" VPOS="745" HPOS="812"/>
							<String ID="string_103" HPOS="823" VPOS="748" WIDTH="52" HEIGHT="17" WC="0.93" CONTENT="rän-"/>
						</TextLine>
						<TextLine ID="line_16" HPOS="118" VPOS="778" WIDTH="758" HEIGHT="31">
							<String ID="string_104" HPOS="118" VPOS="785" WIDTH="42" HEIGHT="17" WC="0.96" CONTENT="tan"/><SP WIDTH="14" VPOS="785" HPOS="160"/>
							<String ID="string_105" HPOS="174" VPOS="781" WIDTH="31" HEIGHT="28" WC="0.92" CONTENT="på"/><SP WIDTH="14" VPOS="781" HPOS="205"/>
							<String ID="string_106" HPOS="219" VPOS="779" WIDTH="187" HEIGHT="29" WC="0.91" CONTENT="obligationerna"/><SP WIDTH="16" VPOS="779" HPOS="406"/>
							<String ID="string_107" HPOS="422" VPOS="779" WIDTH="38" HEIGHT="21" WC="0.93" CONTENT="till"/><SP WIDTH="15" VPOS="779" HPOS="460"/>
							<String ID="string_108" HPOS="475" VPOS="781" WIDTH="50" HEIGHT="26" WC="0.87" CONTENT="49/,"/><SP WIDTH="16" VPOS="781" HPOS="525"/>
							<String ID="string_109" HPOS="541" VPOS="779" WIDTH="43" HEIGHT="21" WC="0.93" CONTENT="och"/><SP WIDTH="17" VPOS="779" HPOS="584"/>
							<String ID="string_110" HPOS="601" VPOS="779" WIDTH="221" HEIGHT="28" WC="0.91" CONTENT="amorteringstiden"/><SP WIDTH="16" VPOS="779" HPOS="822"/>
							<String ID="string_111" HPOS="838" VPOS="778" WIDTH="38" HEIGHT="22" WC="0.96" CONTENT="till"/>
						</TextLine>
						<TextLine ID="line_17" HPOS="117" VPOS="813" WIDTH="758" HEIGHT="23">
							<String ID="string_112" HPOS="117" VPOS="816" WIDTH="27" HEIGHT="20" WC="0.96" CONTENT="41"/><SP WIDTH="21" VPOS="816" HPOS="144"/>
							<String ID="string_113" HPOS="165" VPOS="815" WIDTH="30" HEIGHT="21" WC="0.94" CONTENT="år."/><SP WIDTH="31" VPOS="815" HPOS="195"/>
							<String ID="string_114" HPOS="226" VPOS="814" WIDTH="34" HEIGHT="21" WC="0.95" CONTENT="Af"/><SP WIDTH="16" VPOS="814" HPOS="260"/>
							<String ID="string_115" HPOS="276" VPOS="814" WIDTH="104" HEIGHT="21" WC="0.96" CONTENT="bankens"/><SP WIDTH="19" VPOS="814" HPOS="380"/>
							<String ID="string_116" HPOS="399" VPOS="814" WIDTH="70" HEIGHT="20" WC="0.96" CONTENT="andel"/><SP WIDTH="16" VPOS="814" HPOS="469"/>
							<String ID="string_117" HPOS="485" VPOS="814" WIDTH="8" HEIGHT="20" WC="0.96" CONTENT="i"/><SP WIDTH="16" VPOS="814" HPOS="493"/>
							<String ID="string_118" HPOS="509" VPOS="814" WIDTH="65" HEIGHT="20" WC="0.96" CONTENT="lånet"/><SP WIDTH="18" VPOS="814" HPOS="574"/>
							<String ID="string_119" HPOS="592" VPOS="814" WIDTH="42" HEIGHT="20" WC="0.96" CONTENT="har"/><SP WIDTH="16" VPOS="814" HPOS="634"/>
							<String ID="string_120" HPOS="650" VPOS="814" WIDTH="63" HEIGHT="21" WC="0.96" CONTENT="intill"/><SP WIDTH="16" VPOS="814" HPOS="713"/>
							<String ID="string_121" HPOS="729" VPOS="813" WIDTH="44" HEIGHT="21" WC="0.96" CONTENT="den"/><SP WIDTH="16" VPOS="813" HPOS="773"/>
							<String ID="string_122" HPOS="789" VPOS="814" WIDTH="28" HEIGHT="21" WC="0.91" CONTENT="22"/><SP WIDTH="15" VPOS="814" HPOS="817"/>
							<String ID="string_123" HPOS="832" VPOS="814" WIDTH="43" HEIGHT="20" WC="0.91" CONTENT="Fe-"/>
						</TextLine>
						<TextLine ID="line_18" HPOS="117" VPOS="848" WIDTH="758" HEIGHT="28">
							<String ID="string_124" HPOS="117" VPOS="850" WIDTH="80" HEIGHT="21" WC="0.91" CONTENT="bruari"/><SP WIDTH="23" VPOS="850" HPOS="197"/>
							<String ID="string_125" HPOS="220" VPOS="848" WIDTH="157" HEIGHT="22" WC="0.96" CONTENT="innevarande"/><SP WIDTH="23" VPOS="848" HPOS="377"/>
							<String ID="string_126" HPOS="400" VPOS="848" WIDTH="26" HEIGHT="21" WC="0.92" CONTENT="år"/><SP WIDTH="22" VPOS="848" HPOS="426"/>
							<String ID="string_127" HPOS="448" VPOS="848" WIDTH="96" HEIGHT="21" WC="0.91" CONTENT="försålts"/><SP WIDTH="24" VPOS="848" HPOS="544"/>
							<String ID="string_128" HPOS="568" VPOS="850" WIDTH="34" HEIGHT="19" WC="0.96" CONTENT="ett"/><SP WIDTH="19" VPOS="850" HPOS="602"/>
							<String ID="string_129" HPOS="621" VPOS="848" WIDTH="84" HEIGHT="28" WC="0.96" CONTENT="belopp"/><SP WIDTH="18" VPOS="848" HPOS="705"/>
							<String ID="string_130" HPOS="723" VPOS="848" WIDTH="26" HEIGHT="21" WC="0.93" CONTENT="af"/><SP WIDTH="12" VPOS="848" HPOS="749"/>
							<String ID="string_131" HPOS="761" VPOS="849" WIDTH="114" HEIGHT="26" WC="0.91" CONTENT="6,579,800"/>
						</TextLine>
						<TextLine ID="line_19" HPOS="116" VPOS="882" WIDTH="759" HEIGHT="29">
							<String ID="string_132" HPOS="116" VPOS="884" WIDTH="73" HEIGHT="27" WC="0.96" CONTENT="mark,"/><SP WIDTH="24" VPOS="884" HPOS="189"/>
							<String ID="string_133" HPOS="213" VPOS="883" WIDTH="66" HEIGHT="21" WC="0.89" CONTENT="deraf"/><SP WIDTH="22" VPOS="883" HPOS="279"/>
							<String ID="string_134" HPOS="301" VPOS="883" WIDTH="114" HEIGHT="27" WC="0.91" CONTENT="5,197,000"/><SP WIDTH="23" VPOS="883" HPOS="415"/>
							<String ID="string_135" HPOS="438" VPOS="883" WIDTH="67" HEIGHT="21" WC="0.96" CONTENT="mark"/><SP WIDTH="23" VPOS="883" HPOS="505"/>
							<String ID="string_136" HPOS="528" VPOS="883" WIDTH="64" HEIGHT="21" WC="0.96" CONTENT="inom"/><SP WIDTH="24" VPOS="883" HPOS="592"/>
							<String ID="string_137" HPOS="616" VPOS="883" WIDTH="44" HEIGHT="21" WC="0.93" CONTENT="och"/><SP WIDTH="21" VPOS="883" HPOS="660"/>
							<String ID="string_138" HPOS="681" VPOS="884" WIDTH="114" HEIGHT="26" WC="0.91" CONTENT="1,382,800"/><SP WIDTH="15" VPOS="884" HPOS="795"/>
							<String ID="string_139" HPOS="810" VPOS="882" WIDTH="65" HEIGHT="22" WC="0.96" CONTENT="mark"/>
						</TextLine>
						<TextLine ID="line_20" HPOS="118" VPOS="917" WIDTH="757" HEIGHT="28">
							<String ID="string_140" HPOS="118" VPOS="922" WIDTH="65" HEIGHT="17" WC="0.96" CONTENT="utom"/><SP WIDTH="15" VPOS="922" HPOS="183"/>
							<String ID="string_141" HPOS="198" VPOS="917" WIDTH="87" HEIGHT="21" WC="0.95" CONTENT="landet."/><SP WIDTH="30" VPOS="917" HPOS="285"/>
							<String ID="string_142" HPOS="315" VPOS="917" WIDTH="36" HEIGHT="21" WC="0.96" CONTENT="Då"/><SP WIDTH="14" VPOS="917" HPOS="351"/>
							<String ID="string_143" HPOS="365" VPOS="917" WIDTH="100" HEIGHT="21" WC="0.96" CONTENT="sålunda"/><SP WIDTH="15" VPOS="917" HPOS="465"/>
							<String ID="string_144" HPOS="480" VPOS="917" WIDTH="65" HEIGHT="21" WC="0.96" CONTENT="lånet"/><SP WIDTH="16" VPOS="917" HPOS="545"/>
							<String ID="string_145" HPOS="561" VPOS="917" WIDTH="138" HEIGHT="21" WC="0.96" CONTENT="förmedlats"/><SP WIDTH="16" VPOS="917" HPOS="699"/>
							<String ID="string_146" HPOS="715" VPOS="918" WIDTH="30" HEIGHT="27" WC="0.96" CONTENT="på"/><SP WIDTH="15" VPOS="918" HPOS="745"/>
							<String ID="string_147" HPOS="760" VPOS="917" WIDTH="36" HEIGHT="21" WC="0.92" CONTENT="för"/><SP WIDTH="11" VPOS="917" HPOS="796"/>
							<String ID="string_148" HPOS="807" VPOS="919" WIDTH="68" HEIGHT="19" WC="0.90" CONTENT="stats-"/>
						</TextLine>
						<TextLine ID="line_21" HPOS="116" VPOS="951" WIDTH="759" HEIGHT="29">
							<String ID="string_149" HPOS="116" VPOS="952" WIDTH="84" HEIGHT="21" WC="0.96" CONTENT="verket"/><SP WIDTH="15" VPOS="952" HPOS="200"/>
							<String ID="string_150" HPOS="215" VPOS="952" WIDTH="158" HEIGHT="28" WC="0.96" CONTENT="fördelaktiga"/><SP WIDTH="14" VPOS="952" HPOS="373"/>
							<String ID="string_151" HPOS="387" VPOS="951" WIDTH="79" HEIGHT="21" WC="0.96" CONTENT="vilkor"/><SP WIDTH="16" VPOS="951" HPOS="466"/>
							<String ID="string_152" HPOS="482" VPOS="952" WIDTH="44" HEIGHT="21" WC="0.96" CONTENT="och"/><SP WIDTH="11" VPOS="952" HPOS="526"/>
							<String ID="string_153" HPOS="537" VPOS="952" WIDTH="180" HEIGHT="28" WC="0.95" CONTENT="ifrågavarande"/><SP WIDTH="10" VPOS="952" HPOS="717"/>
							<String ID="string_154" HPOS="727" VPOS="952" WIDTH="148" HEIGHT="20" WC="0.96" CONTENT="transaktion"/>
						</TextLine>
						<TextLine ID="line_22" HPOS="114" VPOS="986" WIDTH="761" HEIGHT="29">
							<String ID="string_155" HPOS="114" VPOS="986" WIDTH="89" HEIGHT="29" WC="0.91" CONTENT="jemväl"/><SP WIDTH="22" VPOS="986" HPOS="203"/>
							<String ID="string_156" HPOS="225" VPOS="986" WIDTH="141" HEIGHT="27" WC="0.91" CONTENT="tillskyndat"/><SP WIDTH="25" VPOS="986" HPOS="366"/>
							<String ID="string_157" HPOS="391" VPOS="986" WIDTH="94" HEIGHT="21" WC="0.96" CONTENT="banken"/><SP WIDTH="22" VPOS="986" HPOS="485"/>
							<String ID="string_158" HPOS="507" VPOS="986" WIDTH="64" HEIGHT="21" WC="0.96" CONTENT="vinst"/><SP WIDTH="23" VPOS="986" HPOS="571"/>
							<String ID="string_159" HPOS="594" VPOS="988" WIDTH="61" HEIGHT="19" WC="0.93" CONTENT="samt"/><SP WIDTH="22" VPOS="988" HPOS="655"/>
							<String ID="string_160" HPOS="677" VPOS="986" WIDTH="198" HEIGHT="27" WC="0.91" CONTENT="obligationernas"/>
						</TextLine>
						<TextLine ID="line_23" HPOS="118" VPOS="1019" WIDTH="757" HEIGHT="29">
							<String ID="string_161" HPOS="118" VPOS="1020" WIDTH="129" HEIGHT="28" WC="0.91" CONTENT="afsättning"/><SP WIDTH="21" VPOS="1020" HPOS="247"/>
							<String ID="string_162" HPOS="268" VPOS="1019" WIDTH="86" HEIGHT="22" WC="0.94" CONTENT="hittills"/><SP WIDTH="23" VPOS="1019" HPOS="354"/>
							<String ID="string_163" HPOS="377" VPOS="1020" WIDTH="64" HEIGHT="21" WC="0.96" CONTENT="skett"/><SP WIDTH="23" VPOS="1020" HPOS="441"/>
							<String ID="string_164" HPOS="464" VPOS="1020" WIDTH="53" HEIGHT="21" WC="0.96" CONTENT="med"/><SP WIDTH="23" VPOS="1020" HPOS="517"/>
							<String ID="string_165" HPOS="540" VPOS="1020" WIDTH="133" HEIGHT="28" WC="0.95" CONTENT="framgång,"/><SP WIDTH="17" VPOS="1020" HPOS="673"/>
							<String ID="string_166" HPOS="690" VPOS="1020" WIDTH="47" HEIGHT="21" WC="0.96" CONTENT="kan"/><SP WIDTH="15" VPOS="1020" HPOS="737"/>
							<String ID="string_167" HPOS="752" VPOS="1020" WIDTH="123" HEIGHT="21" WC="0.96" CONTENT="Utskottet"/>
						</TextLine>
						<TextLine ID="line_24" HPOS="116" VPOS="1054" WIDTH="759" HEIGHT="29">
							<String ID="string_168" HPOS="116" VPOS="1055" WIDTH="53" HEIGHT="21" WC="0.96" CONTENT="icke"/><SP WIDTH="24" VPOS="1055" HPOS="169"/>
							<String ID="string_169" HPOS="193" VPOS="1057" WIDTH="71" HEIGHT="19" WC="0.96" CONTENT="annat"/><SP WIDTH="16" VPOS="1057" HPOS="264"/>
							<String ID="string_170" HPOS="280" VPOS="1058" WIDTH="29" HEIGHT="17" WC="0.96" CONTENT="än"/><SP WIDTH="16" VPOS="1058" HPOS="309"/>
							<String ID="string_171" HPOS="325" VPOS="1055" WIDTH="126" HEIGHT="28" WC="0.96" CONTENT="godkänna"/><SP WIDTH="17" VPOS="1055" HPOS="451"/>
							<String ID="string_172" HPOS="468" VPOS="1057" WIDTH="35" HEIGHT="18" WC="0.96" CONTENT="att"/><SP WIDTH="15" VPOS="1057" HPOS="503"/>
							<String ID="string_173" HPOS="518" VPOS="1055" WIDTH="94" HEIGHT="21" WC="0.96" CONTENT="banken"/><SP WIDTH="16" VPOS="1055" HPOS="612"/>
							<String ID="string_174" HPOS="628" VPOS="1055" WIDTH="8" HEIGHT="20" WC="0.92" CONTENT="i"/><SP WIDTH="17" VPOS="1055" HPOS="636"/>
							<String ID="string_175" HPOS="653" VPOS="1054" WIDTH="148" HEIGHT="22" WC="0.91" CONTENT="omförmäldt"/><SP WIDTH="16" VPOS="1054" HPOS="801"/>
							<String ID="string_176" HPOS="817" VPOS="1055" WIDTH="58" HEIGHT="21" WC="0.91" CONTENT="afse-"/>
						</TextLine>
						<TextLine ID="line_25" HPOS="116" VPOS="1088" WIDTH="758" HEIGHT="29">
							<String ID="string_177" HPOS="116" VPOS="1088" WIDTH="59" HEIGHT="21" WC="0.96" CONTENT="ende"/><SP WIDTH="12" VPOS="1088" HPOS="175"/>
							<String ID="string_178" HPOS="187" VPOS="1088" WIDTH="81" HEIGHT="28" WC="0.91" CONTENT="erbjöd"/><SP WIDTH="13" VPOS="1088" HPOS="268"/>
							<String ID="string_179" HPOS="281" VPOS="1088" WIDTH="142" HEIGHT="21" WC="0.91" CONTENT="statsverket"/><SP WIDTH="15" VPOS="1088" HPOS="423"/>
							<String ID="string_180" HPOS="438" VPOS="1088" WIDTH="36" HEIGHT="21" WC="0.93" CONTENT="sin"/><SP WIDTH="10" VPOS="1088" HPOS="474"/>
							<String ID="string_181" HPOS="484" VPOS="1088" WIDTH="80" HEIGHT="28" WC="0.91" CONTENT="tjenst."/><SP WIDTH="24" VPOS="1088" HPOS="564"/>
							<String ID="string_182" HPOS="588" VPOS="1089" WIDTH="55" HEIGHT="20" WC="0.96" CONTENT="Men"/><SP WIDTH="6" VPOS="1089" HPOS="643"/>
							<String ID="string_183" HPOS="649" VPOS="1088" WIDTH="72" HEIGHT="29" WC="0.95" CONTENT="jemte"/><SP WIDTH="9" VPOS="1088" HPOS="721"/>
							<String ID="string_184" HPOS="730" VPOS="1089" WIDTH="39" HEIGHT="21" WC="0.92" CONTENT="det"/><SP WIDTH="8" VPOS="1089" HPOS="769"/>
							<String ID="string_185" HPOS="777" VPOS="1089" WIDTH="97" HEIGHT="21" WC="0.92" CONTENT="Utskot-"/>
						</TextLine>
						<TextLine ID="line_26" HPOS="116" VPOS="1122" WIDTH="759" HEIGHT="30">
							<String ID="string_186" HPOS="116" VPOS="1125" WIDTH="35" HEIGHT="18" WC="0.96" CONTENT="tet"/><SP WIDTH="15" VPOS="1125" HPOS="151"/>
							<String ID="string_187" HPOS="166" VPOS="1122" WIDTH="115" HEIGHT="21" WC="0.93" CONTENT="erkänner"/><SP WIDTH="15" VPOS="1122" HPOS="281"/>
							<String ID="string_188" HPOS="296" VPOS="1125" WIDTH="87" HEIGHT="26" WC="0.92" CONTENT="gagnet"/><SP WIDTH="15" VPOS="1125" HPOS="383"/>
							<String ID="string_189" HPOS="398" VPOS="1123" WIDTH="27" HEIGHT="20" WC="0.96" CONTENT="af"/><SP WIDTH="14" VPOS="1123" HPOS="425"/>
							<String ID="string_190" HPOS="439" VPOS="1125" WIDTH="35" HEIGHT="18" WC="0.95" CONTENT="att"/><SP WIDTH="20" VPOS="1125" HPOS="474"/>
							<String ID="string_191" HPOS="494" VPOS="1122" WIDTH="94" HEIGHT="22" WC="0.96" CONTENT="banken"/><SP WIDTH="16" VPOS="1122" HPOS="588"/>
							<String ID="string_192" HPOS="604" VPOS="1123" WIDTH="125" HEIGHT="21" WC="0.93" CONTENT="förmedlar"/><SP WIDTH="15" VPOS="1123" HPOS="729"/>
							<String ID="string_193" HPOS="744" VPOS="1126" WIDTH="131" HEIGHT="26" WC="0.91" CONTENT="upptagan-"/>
						</TextLine>
						<TextLine ID="line_27" HPOS="115" VPOS="1156" WIDTH="760" HEIGHT="30">
							<String ID="string_194" HPOS="115" VPOS="1157" WIDTH="40" HEIGHT="21" WC="0.96" CONTENT="det"/><SP WIDTH="15" VPOS="1157" HPOS="155"/>
							<String ID="string_195" HPOS="170" VPOS="1156" WIDTH="26" HEIGHT="22" WC="0.96" CONTENT="af"/><SP WIDTH="13" VPOS="1156" HPOS="196"/>
							<String ID="string_196" HPOS="209" VPOS="1157" WIDTH="39" HEIGHT="20" WC="0.96" CONTENT="lån"/><SP WIDTH="15" VPOS="1157" HPOS="248"/>
							<String ID="string_197" HPOS="263" VPOS="1157" WIDTH="36" HEIGHT="21" WC="0.91" CONTENT="för"/><SP WIDTH="16" VPOS="1157" HPOS="299"/>
							<String ID="string_198" HPOS="315" VPOS="1157" WIDTH="154" HEIGHT="22" WC="0.91" CONTENT="statsverkets"/><SP WIDTH="15" VPOS="1157" HPOS="469"/>
							<String ID="string_199" HPOS="484" VPOS="1157" WIDTH="109" HEIGHT="29" WC="0.96" CONTENT="räkning,"/><SP WIDTH="17" VPOS="1157" HPOS="593"/>
							<String ID="string_200" HPOS="610" VPOS="1158" WIDTH="67" HEIGHT="21" WC="0.96" CONTENT="torde"/><SP WIDTH="16" VPOS="1158" HPOS="677"/>
							<String ID="string_201" HPOS="693" VPOS="1157" WIDTH="39" HEIGHT="22" WC="0.96" CONTENT="det"/><SP WIDTH="15" VPOS="1157" HPOS="732"/>
							<String ID="string_202" HPOS="747" VPOS="1158" WIDTH="61" HEIGHT="21" WC="0.96" CONTENT="dock"/><SP WIDTH="11" VPOS="1158" HPOS="808"/>
							<String ID="string_203" HPOS="819" VPOS="1165" WIDTH="56" HEIGHT="14" WC="0.96" CONTENT="vara"/>
						</TextLine>
						<TextLine ID="line_28" HPOS="115" VPOS="1191" WIDTH="760" HEIGHT="28">
							<String ID="string_204" HPOS="115" VPOS="1191" WIDTH="84" HEIGHT="28" WC="0.90" CONTENT="nödigt"/><SP WIDTH="22" VPOS="1191" HPOS="199"/>
							<String ID="string_205" HPOS="221" VPOS="1193" WIDTH="36" HEIGHT="20" WC="0.96" CONTENT="att"/><SP WIDTH="22" VPOS="1193" HPOS="257"/>
							<String ID="string_206" HPOS="279" VPOS="1192" WIDTH="76" HEIGHT="21" WC="0.95" CONTENT="erinra"/><SP WIDTH="22" VPOS="1192" HPOS="355"/>
							<String ID="string_207" HPOS="377" VPOS="1199" WIDTH="37" HEIGHT="14" WC="0.93" CONTENT="om"/><SP WIDTH="23" VPOS="1199" HPOS="414"/>
							<String ID="string_208" HPOS="437" VPOS="1192" WIDTH="79" HEIGHT="21" WC="0.92" CONTENT="vådan"/><SP WIDTH="23" VPOS="1192" HPOS="516"/>
							<String ID="string_209" HPOS="539" VPOS="1192" WIDTH="26" HEIGHT="21" WC="0.96" CONTENT="af"/><SP WIDTH="13" VPOS="1192" HPOS="565"/>
							<String ID="string_210" HPOS="578" VPOS="1194" WIDTH="36" HEIGHT="20" WC="0.96" CONTENT="att"/><SP WIDTH="16" VPOS="1194" HPOS="614"/>
							<String ID="string_211" HPOS="630" VPOS="1193" WIDTH="94" HEIGHT="20" WC="0.96" CONTENT="banken"/><SP WIDTH="15" VPOS="1193" HPOS="724"/>
							<String ID="string_212" HPOS="739" VPOS="1192" WIDTH="23" HEIGHT="21" WC="0.95" CONTENT="af"/><SP WIDTH="25" VPOS="1192" HPOS="762"/>
							<String ID="string_213" HPOS="787" VPOS="1193" WIDTH="88" HEIGHT="21" WC="0.95" CONTENT="sådana"/>
						</TextLine>
						<TextLine ID="line_29" HPOS="115" VPOS="1225" WIDTH="759" HEIGHT="30">
							<String ID="string_214" HPOS="115" VPOS="1226" WIDTH="40" HEIGHT="21" WC="0.93" CONTENT="lån"/><SP WIDTH="16" VPOS="1226" HPOS="155"/>
							<String ID="string_215" HPOS="171" VPOS="1225" WIDTH="132" HEIGHT="29" WC="0.92" CONTENT="öfvertager"/><SP WIDTH="15" VPOS="1225" HPOS="303"/>
							<String ID="string_216" HPOS="318" VPOS="1225" WIDTH="80" HEIGHT="22" WC="0.95" CONTENT="alltför"/><SP WIDTH="15" VPOS="1225" HPOS="398"/>
							<String ID="string_217" HPOS="413" VPOS="1226" WIDTH="134" HEIGHT="28" WC="0.96" CONTENT="betydande"/><SP WIDTH="16" VPOS="1226" HPOS="547"/>
							<String ID="string_218" HPOS="563" VPOS="1227" WIDTH="93" HEIGHT="28" WC="0.96" CONTENT="belopp."/><SP WIDTH="31" VPOS="1227" HPOS="656"/>
							<String ID="string_219" HPOS="687" VPOS="1227" WIDTH="36" HEIGHT="27" WC="0.96" CONTENT="Ty"/><SP WIDTH="14" VPOS="1227" HPOS="723"/>
							<String ID="string_220" HPOS="737" VPOS="1233" WIDTH="53" HEIGHT="14" WC="0.95" CONTENT="man"/><SP WIDTH="16" VPOS="1233" HPOS="790"/>
							<String ID="string_221" HPOS="806" VPOS="1226" WIDTH="36" HEIGHT="21" WC="0.96" CONTENT="får"/><SP WIDTH="11" VPOS="1226" HPOS="842"/>
							<String ID="string_222" HPOS="853" VPOS="1226" WIDTH="21" HEIGHT="26" WC="0.96" CONTENT="ej"/>
						</TextLine>
						<TextLine ID="line_30" HPOS="115" VPOS="1260" WIDTH="759" HEIGHT="29">
							<String ID="string_223" HPOS="115" VPOS="1260" WIDTH="78" HEIGHT="21" WC="0.96" CONTENT="lemna"/><SP WIDTH="14" VPOS="1260" HPOS="193"/>
							<String ID="string_224" HPOS="207" VPOS="1268" WIDTH="28" HEIGHT="13" WC="0.91" CONTENT="ur"/><SP WIDTH="16" VPOS="1268" HPOS="235"/>
							<String ID="string_225" HPOS="251" VPOS="1261" WIDTH="60" HEIGHT="28" WC="0.91" CONTENT="sigte"/><SP WIDTH="16" VPOS="1261" HPOS="311"/>
							<String ID="string_226" HPOS="327" VPOS="1260" WIDTH="40" HEIGHT="21" WC="0.96" CONTENT="det"/><SP WIDTH="15" VPOS="1260" HPOS="367"/>
							<String ID="string_227" HPOS="382" VPOS="1261" WIDTH="36" HEIGHT="20" WC="0.96" CONTENT="för"/><SP WIDTH="16" VPOS="1261" HPOS="418"/>
							<String ID="string_228" HPOS="434" VPOS="1261" WIDTH="95" HEIGHT="21" WC="0.93" CONTENT="banken"/><SP WIDTH="15" VPOS="1261" HPOS="529"/>
							<String ID="string_229" HPOS="544" VPOS="1261" WIDTH="105" HEIGHT="28" WC="0.92" CONTENT="menliga"/><SP WIDTH="14" VPOS="1261" HPOS="649"/>
							<String ID="string_230" HPOS="663" VPOS="1261" WIDTH="146" HEIGHT="21" WC="0.95" CONTENT="förhållande"/><SP WIDTH="16" VPOS="1261" HPOS="809"/>
							<String ID="string_231" HPOS="825" VPOS="1268" WIDTH="49" HEIGHT="14" WC="0.96" CONTENT="som"/>
						</TextLine>
						<TextLine ID="line_31" HPOS="116" VPOS="1294" WIDTH="759" HEIGHT="29">
							<String ID="string_232" HPOS="116" VPOS="1294" WIDTH="122" HEIGHT="28" WC="0.91" CONTENT="uppstode,"/><SP WIDTH="17" VPOS="1294" HPOS="238"/>
							<String ID="string_233" HPOS="255" VPOS="1295" WIDTH="78" HEIGHT="21" WC="0.91" CONTENT="derest"/><SP WIDTH="14" VPOS="1295" HPOS="333"/>
							<String ID="string_234" HPOS="347" VPOS="1295" WIDTH="95" HEIGHT="21" WC="0.96" CONTENT="banken"/><SP WIDTH="22" VPOS="1295" HPOS="442"/>
							<String ID="string_235" HPOS="464" VPOS="1295" WIDTH="53" HEIGHT="21" WC="0.96" CONTENT="icke"/><SP WIDTH="16" VPOS="1295" HPOS="517"/>
							<String ID="string_236" HPOS="533" VPOS="1295" WIDTH="122" HEIGHT="22" WC="0.96" CONTENT="förmådde"/><SP WIDTH="15" VPOS="1295" HPOS="655"/>
							<String ID="string_237" HPOS="670" VPOS="1295" WIDTH="111" HEIGHT="22" WC="0.96" CONTENT="realisera"/><SP WIDTH="15" VPOS="1295" HPOS="781"/>
							<String ID="string_238" HPOS="796" VPOS="1295" WIDTH="79" HEIGHT="28" WC="0.96" CONTENT="någon"/>
						</TextLine>
						<TextLine ID="line_32" HPOS="115" VPOS="1329" WIDTH="759" HEIGHT="29">
							<String ID="string_239" HPOS="115" VPOS="1331" WIDTH="75" HEIGHT="19" WC="0.96" CONTENT="större"/><SP WIDTH="16" VPOS="1331" HPOS="190"/>
							<String ID="string_240" HPOS="206" VPOS="1329" WIDTH="38" HEIGHT="21" WC="0.96" CONTENT="del"/><SP WIDTH="15" VPOS="1329" HPOS="244"/>
							<String ID="string_241" HPOS="259" VPOS="1329" WIDTH="26" HEIGHT="21" WC="0.96" CONTENT="af"/><SP WIDTH="12" VPOS="1329" HPOS="285"/>
							<String ID="string_242" HPOS="297" VPOS="1329" WIDTH="71" HEIGHT="27" WC="0.96" CONTENT="lånet,"/><SP WIDTH="16" VPOS="1329" HPOS="368"/>
							<String ID="string_243" HPOS="384" VPOS="1333" WIDTH="56" HEIGHT="17" WC="0.96" CONTENT="enär"/><SP WIDTH="21" VPOS="1333" HPOS="440"/>
							<String ID="string_244" HPOS="461" VPOS="1330" WIDTH="28" HEIGHT="28" WC="0.96" CONTENT="ju"/><SP WIDTH="16" VPOS="1330" HPOS="489"/>
							<String ID="string_245" HPOS="505" VPOS="1330" WIDTH="211" HEIGHT="28" WC="0.96" CONTENT="konjunkturerna,"/><SP WIDTH="17" VPOS="1330" HPOS="716"/>
							<String ID="string_246" HPOS="733" VPOS="1337" WIDTH="36" HEIGHT="13" WC="0.96" CONTENT="om"/><SP WIDTH="16" VPOS="1337" HPOS="769"/>
							<String ID="string_247" HPOS="785" VPOS="1329" WIDTH="28" HEIGHT="21" WC="0.95" CONTENT="de"/><SP WIDTH="17" VPOS="1329" HPOS="813"/>
							<String ID="string_248" HPOS="830" VPOS="1329" WIDTH="44" HEIGHT="21" WC="0.96" CONTENT="ock"/>
						</TextLine>
						<TextLine ID="line_33" HPOS="114" VPOS="1362" WIDTH="760" HEIGHT="30">
							<String ID="string_249" HPOS="114" VPOS="1362" WIDTH="42" HEIGHT="21" WC="0.95" CONTENT="vid"/><SP WIDTH="15" VPOS="1362" HPOS="156"/>
							<String ID="string_250" HPOS="171" VPOS="1362" WIDTH="65" HEIGHT="22" WC="0.95" CONTENT="tiden"/><SP WIDTH="15" VPOS="1362" HPOS="236"/>
							<String ID="string_251" HPOS="251" VPOS="1363" WIDTH="36" HEIGHT="21" WC="0.93" CONTENT="för"/><SP WIDTH="14" VPOS="1363" HPOS="287"/>
							<String ID="string_252" HPOS="301" VPOS="1363" WIDTH="76" HEIGHT="21" WC="0.92" CONTENT="lånets"/><SP WIDTH="15" VPOS="1363" HPOS="377"/>
							<String ID="string_253" HPOS="392" VPOS="1364" WIDTH="154" HEIGHT="28" WC="0.96" CONTENT="upptagande"/><SP WIDTH="11" VPOS="1364" HPOS="546"/>
							<String ID="string_254" HPOS="557" VPOS="1370" WIDTH="71" HEIGHT="21" WC="0.96" CONTENT="synas"/><SP WIDTH="10" VPOS="1370" HPOS="628"/>
							<String ID="string_255" HPOS="638" VPOS="1363" WIDTH="163" HEIGHT="28" WC="0.96" CONTENT="fördelaktiga,"/><SP WIDTH="13" VPOS="1363" HPOS="801"/>
							<String ID="string_256" HPOS="814" VPOS="1363" WIDTH="60" HEIGHT="21" WC="0.96" CONTENT="dock"/>
						</TextLine>
						<TextLine ID="line_34" HPOS="114" VPOS="1397" WIDTH="759" HEIGHT="29">
							<String ID="string_257" HPOS="114" VPOS="1397" WIDTH="46" HEIGHT="21" WC="0.96" CONTENT="lätt"/><SP WIDTH="21" VPOS="1397" HPOS="160"/>
							<String ID="string_258" HPOS="181" VPOS="1397" WIDTH="81" HEIGHT="21" WC="0.96" CONTENT="kunna"/><SP WIDTH="21" VPOS="1397" HPOS="262"/>
							<String ID="string_259" HPOS="283" VPOS="1400" WIDTH="56" HEIGHT="26" WC="0.96" CONTENT="taga"/><SP WIDTH="22" VPOS="1400" HPOS="339"/>
							<String ID="string_260" HPOS="361" VPOS="1404" WIDTH="29" HEIGHT="14" WC="0.96" CONTENT="en"/><SP WIDTH="19" VPOS="1404" HPOS="390"/>
							<String ID="string_261" HPOS="409" VPOS="1397" WIDTH="75" HEIGHT="22" WC="0.96" CONTENT="sådan"/><SP WIDTH="14" VPOS="1397" HPOS="484"/>
							<String ID="string_262" HPOS="498" VPOS="1398" WIDTH="129" HEIGHT="28" WC="0.96" CONTENT="vändning,"/><SP WIDTH="17" VPOS="1398" HPOS="627"/>
							<String ID="string_263" HPOS="644" VPOS="1400" WIDTH="35" HEIGHT="19" WC="0.93" CONTENT="att"/><SP WIDTH="15" VPOS="1400" HPOS="679"/>
							<String ID="string_264" HPOS="694" VPOS="1397" WIDTH="179" HEIGHT="28" WC="0.92" CONTENT="låneobligatio-"/>
						</TextLine>
						<TextLine ID="line_35" HPOS="114" VPOS="1432" WIDTH="759" HEIGHT="28">
							<String ID="string_265" HPOS="114" VPOS="1438" WIDTH="71" HEIGHT="15" WC="0.92" CONTENT="nerna"/><SP WIDTH="22" VPOS="1438" HPOS="185"/>
							<String ID="string_266" HPOS="207" VPOS="1435" WIDTH="57" HEIGHT="18" WC="0.88" CONTENT="röna"/><SP WIDTH="17" VPOS="1435" HPOS="264"/>
							<String ID="string_267" HPOS="281" VPOS="1432" WIDTH="68" HEIGHT="28" WC="0.93" CONTENT="ringa"/><SP WIDTH="15" VPOS="1432" HPOS="349"/>
							<String ID="string_268" HPOS="364" VPOS="1432" WIDTH="145" HEIGHT="28" WC="0.92" CONTENT="eftertrågan"/><SP WIDTH="15" VPOS="1432" HPOS="509"/>
							<String ID="string_269" HPOS="524" VPOS="1432" WIDTH="9" HEIGHT="21" WC="0.93" CONTENT="i"/><SP WIDTH="15" VPOS="1432" HPOS="533"/>
							<String ID="string_270" HPOS="548" VPOS="1432" WIDTH="265" HEIGHT="28" WC="0.91" CONTENT="penningemarknaden"/><SP WIDTH="15" VPOS="1432" HPOS="813"/>
							<String ID="string_271" HPOS="828" VPOS="1432" WIDTH="45" HEIGHT="21" WC="0.96" CONTENT="och"/>
						</TextLine>
					</TextBlock>
					<TextBlock ID="block_4" HPOS="182" VPOS="1472" WIDTH="351" HEIGHT="18">
						<TextLine ID="line_36" HPOS="182" VPOS="1472" WIDTH="351" HEIGHT="18">
							<String ID="string_272" HPOS="182" VPOS="1472" WIDTH="150" HEIGHT="18" WC="0.82" CONTENT="Bankutskottets"/><SP WIDTH="11" VPOS="1472" HPOS="332"/>
							<String ID="string_273" HPOS="343" VPOS="1472" WIDTH="111" HEIGHT="18" WC="0.96" CONTENT="betänkande"/><SP WIDTH="13" VPOS="1472" HPOS="454"/>
							<String ID="string_274" HPOS="467" VPOS="1472" WIDTH="35" HEIGHT="18" WC="0.96" CONTENT="N:o"/><SP WIDTH="13" VPOS="1472" HPOS="502"/>
							<String ID="string_275" HPOS="515" VPOS="1474" WIDTH="18" HEIGHT="16" WC="0.96" CONTENT="2."/>
						</TextLine>
					</TextBlock>
				</ComposedBlock>
				<ComposedBlock ID="cblock_4" HPOS="911" VPOS="678" WIDTH="69" HEIGHT="18">
					<TextBlock ID="block_5" HPOS="911" VPOS="678" WIDTH="69" HEIGHT="18">
						<TextLine ID="line_37" HPOS="911" VPOS="678" WIDTH="69" HEIGHT="18">
							<String ID="string_276" HPOS="911" VPOS="678" WIDTH="37" HEIGHT="18" WC="0.95" CONTENT="Sid."/><SP WIDTH="14" VPOS="678" HPOS="948"/>
							<String ID="string_277" HPOS="962" VPOS="678" WIDTH="18" HEIGHT="17" WC="0.96" CONTENT="8."/>
						</TextLine>
					</TextBlock>
				</ComposedBlock>
			</PrintSpace>
		</Page>
	</Layout>
</alto>
