1031 1678
184 131 29 21 82

155 193 55 27 ning
233 193 68 23 deraf,
323 194 69 20 måste
416 193 128 22 förutsättas
564 193 34 22 för
618 194 48 21 sina
685 195 78 26 många
780 194 66 21 behof
861 193 58 22 hålla

158 228 67 26 sagda
241 227 58 27 plats
314 227 7 20 i
336 227 87 27 mycket
439 229 55 19 stort
509 229 73 20 värde.

227 262 20 27 e)
271 261 84 22 Trenne
378 261 79 22 tomter
479 261 8 22 i
509 262 79 22 hörnet
602 262 24 22 af
639 262 143 22 Alexanders-
798 263 39 22 och
851 263 67 28 Haga-

156 295 142 29 sundsgatan.
327 295 74 28 Enligt
417 296 49 21 herr
481 296 99 21 Laurells
596 297 66 21 ofvan
673 297 124 27 åberopade
807 297 111 21 skrifvelse

158 330 73 21 kunde
254 330 75 21 anbud
351 330 49 21 icke
422 330 94 21 erhållas
538 332 113 25 angående
673 338 26 14 en
720 331 25 21 af
758 332 68 24 dessa,
842 331 8 21 i
865 331 54 27 följd

156 364 79 22 hvaraf
249 364 76 27 frågan
341 372 35 14 om
392 364 50 22 hela
457 364 194 28 tomtkomplexen,
667 366 87 21 hvilken
771 365 147 22 oförminskad

156 405 51 15 vore
223 398 34 21 för
272 398 126 21 ändamålet
414 399 176 26 oundgängligen
606 400 73 27 nödig,
695 400 69 21 måste
779 400 94 21 förfalla.

225 433 21 28 f)
270 433 43 22 Två
339 433 80 22 tomter
444 433 61 22 invid
528 433 131 29 Salutorget,
683 433 130 22 omfattande
839 433 79 22 aflidne

156 468 155 29 Apothekaren
334 467 85 22 Collans
442 468 39 21 och
505 468 219 22 skräddarmästaren
748 468 104 22 Raddatz'
875 468 42 22 arf-

158 502 90 29 vingars
263 501 89 29 gårdar.
382 502 55 27 Nyss
453 502 123 27 åberopade
591 503 113 22 skrifvelse
720 503 114 28 uppgifver
849 503 66 28 priset

156 537 35 21 för
206 537 63 20 dessa
288 539 79 18 tomter
386 536 33 21 till
440 537 94 25 560,000
549 537 37 21 mk
601 537 54 22 eller
670 537 103 28 möjligen
789 538 66 26 något
869 537 48 22 litet

154 572 117 24 derunder,
288 571 83 21 hvilket
386 571 44 27 pris
446 578 64 21 synes
520 571 169 22 kommissionen
700 572 73 21 alltför
783 572 52 27 högt
846 572 33 21 för
889 579 27 14 en

157 605 64 28 plats,
244 612 47 14 som
307 605 7 21 i
330 606 80 26 många
426 605 117 21 afseenden
559 606 47 21 icke
622 607 25 20 är
663 607 53 20 värd
731 608 32 19 att
779 606 137 27 synnerligen

156 639 197 22 rekommenderas.
384 639 33 22 Då
433 641 49 20 dess
496 640 67 27 längd
579 641 74 20 utmed
669 641 120 27 salutorget
799 641 69 21 håller
879 647 37 15 en-

157 674 48 21 dast
229 674 43 22 160
292 674 31 20 fot
346 674 41 21 och
410 674 96 21 bredden
523 675 41 21 110
580 674 37 26 fot,
635 674 69 22 skulle
721 676 42 20 den
779 674 90 28 erbjuda
885 677 31 19 ett

155 708 91 21 alldeles
262 709 33 20 för
309 708 74 27 trångt
399 710 107 26 utrymme
517 708 33 22 för
561 710 36 20 det
608 709 91 21 afsedda
709 709 131 27 ändamålet,
852 710 63 20 hvar-

154 742 71 28 jämte
249 742 59 28 läget
330 744 42 20 tätt
396 743 56 21 invid
474 745 30 19 ett
520 746 49 24 torg
584 744 49 20 med
649 750 26 14 en
691 743 54 27 liflig
760 744 40 20 och
815 744 101 27 stojande

157 777 175 21 handelsrörelse
348 777 70 21 skulle
429 778 53 26 göra
493 778 109 21 närmaste
613 778 134 27 granskapet
758 778 81 21 mindre
851 785 65 21 ange-

157 813 68 19 nämt.
256 812 174 20 Kommissionen
450 812 40 20 har
511 812 29 27 på
558 813 63 20 dessa
636 813 96 27 grunder
747 815 53 19 trott
816 813 32 27 sig
863 812 53 22 böra

156 846 79 21 afråda
252 846 152 27 delegationen
420 848 32 19 att
462 847 36 21 vid
512 848 72 20 denna
594 847 57 27 plats
662 847 58 21 fästa
731 848 66 26 något
807 847 109 21 afseende.

224 881 23 27 g)
269 880 88 22 Tomten
379 880 38 22 vid
439 880 190 29 Järnvägstorget.
660 882 74 20 Såsom
759 882 24 21 af
803 882 113 20 Stadsfull-

155 915 109 26 mäktiges
280 914 127 22 förberörda
422 914 113 22 skrifvelse
551 915 102 27 framgår,
669 916 66 21 hafva
751 916 165 21 Stadsfullmäk-

154 950 46 27 tige
219 950 50 20 med
289 949 137 21 bestämdhet
445 952 89 19 motsatt
550 950 33 27 sig
598 950 114 22 afstående
727 950 25 22 af
766 952 71 20 denna
853 950 63 28 plats,

156 984 40 21 och
213 990 65 15 anser
297 984 31 26 sig
348 983 168 22 kommissionen
536 986 70 20 under
621 985 79 21 sådant
716 984 137 22 förhållande
867 985 49 21 icke

155 1017 95 22 behöfva
265 1025 35 14 om
315 1018 127 21 densamma
457 1018 81 27 afgifva
554 1019 66 26 något
635 1019 110 27 yttrande.

225 1051 25 28 h)
271 1052 44 21 Två
336 1052 44 21 mot
403 1052 153 29 Nikolaigatan
571 1053 92 28 belägna
678 1054 85 26 tomter,
779 1053 54 22 n:ris
849 1052 12 23 9
877 1054 39 21 och

155 1085 26 29 11,
201 1086 25 22 af
242 1087 112 28 gvarteret
371 1087 102 22 Bäfvern.
503 1083 69 26 Äfven
596 1089 72 20 denna
687 1088 58 27 plats
760 1088 40 21 har
815 1088 101 21 kommis-

155 1121 76 22 sionen
248 1134 28 2 —
292 1121 93 22 ledsamt
406 1129 42 20 nog
464 1135 27 2 —
507 1122 55 21 varit
581 1125 96 24 tvungen
693 1124 32 19 att
741 1122 92 21 hänföra
847 1123 69 20 under

155 1156 116 27 kategorin
287 1155 24 22 af
324 1157 55 24 dem,
394 1156 74 22 hvilka
483 1157 18 27 ej
518 1157 85 21 kunnat
618 1157 146 27 ifrägasättas,
777 1157 139 21 alldenstund

154 1197 81 20 egaren
251 1190 27 21 af
290 1191 41 20 den
347 1197 42 14 ena
404 1193 90 22 tomten,
510 1199 36 14 n:o
564 1192 24 21 11
605 1192 35 21 vid
656 1191 98 22 Nikolai-
769 1191 53 22 eller
837 1198 35 14 n:o
889 1192 27 21 13

155 1225 36 21 vid
207 1224 147 28 Kyrkogatan,
370 1225 135 28 kategoriskt
520 1227 76 26 vägrat
612 1229 33 18 att
661 1227 29 26 pä
705 1227 68 26 nägra
790 1225 68 22 vilkor
874 1225 38 22 för-

154 1259 56 28 sälja
225 1260 134 21 densamma.

181 1324 60 25 2:0.
280 1322 127 27 Sådana
426 1325 116 32 platser
561 1333 70 18 som
653 1326 116 24 ansetts
789 1324 101 26 kunna

412 1358 241 34 ifrägakomma:

223 1398 24 26 a)
264 1397 212 23 Riddarhustomten.
506 1399 74 21 Ehuru
599 1399 169 21 kommissionen
789 1400 28 26 pä
833 1399 33 21 sin
882 1399 34 21 till

153 1430 263 24 Riddarhusdirektionen
432 1433 69 21 stälda
518 1433 119 27 skrifvelse,
649 1434 72 20 såsom
732 1433 48 21 från
791 1434 48 20 dess
851 1434 63 21 ofvan
