1031 1678
781 122 28 21 25

86 186 61 19 orten
172 184 84 21 utöfvas
280 186 53 19 utan
363 184 91 21 särskild
482 183 128 21 hemställan
638 184 39 20 hos
706 183 133 22 Bankdirek-

84 218 81 21 tionen.

155 252 97 21 Derefter
267 252 40 21 har
321 251 197 21 Bankdirektionen
534 252 31 20 uti
581 251 111 21 skrifvelse
707 251 33 21 för
755 252 41 21 den
813 253 26 20 19

87 286 58 21 Mars
166 287 53 20 1886
238 286 110 25 föreslagit
366 285 139 26 vidtagandet
524 285 22 21 af
560 285 93 27 följande
669 285 148 27 förändringar
832 286 7 20 i

86 320 133 21 förestående
238 321 134 23 räntesatser,
392 320 116 25 nemligen:
527 321 32 19 att
574 321 133 19 räntesatsen
723 319 33 21 för
771 320 68 20 vexel-

87 354 153 26 omsättningar
263 354 68 20 skulle
353 353 111 21 nedsättas
486 353 48 21 från
553 354 13 20 6
582 353 32 21 till
629 354 44 26 5'/>
691 355 93 24 procent,
807 354 34 20 att

86 390 77 18 räntan
181 388 32 20 för
231 388 36 20 lån
286 389 56 18 emot
361 389 53 24 pant
433 387 23 20 af
469 387 50 26 guld
535 387 40 20 och
591 387 78 25 silfver,
685 387 98 20 arbetadt
799 387 40 20 och

86 422 119 25 oarbetadt,
226 421 147 26 obligationer,
392 421 114 20 utfärdade
526 421 22 20 af
566 422 68 19 stater
649 421 50 20 eller
715 421 125 20 kommuner

86 456 51 21 eller
156 455 33 21 för
207 455 70 21 hvilka
296 456 67 20 stater
381 455 69 26 ingått
467 455 91 26 garanti,
574 454 107 21 äfvensom
698 455 142 26 bankdeposi-

86 489 116 21 tionsbevis
224 489 68 21 blefve
313 489 87 20 nedsatt
422 489 46 21 från
487 488 43 23 4'3>
549 489 32 20 till
601 489 14 20 4
633 491 94 24 procent,
749 489 33 20 för
804 489 35 20 län

87 525 45 19 mot
153 525 52 24 pant
227 523 22 21 af
266 523 141 26 obligationer
426 523 23 20 af
466 525 66 18 annat
551 523 51 25 slag,
620 523 69 20 aktier
704 523 39 20 och
758 522 82 21 inteck-

86 557 55 21 nade
164 557 133 21 skuldsedlar
319 557 47 20 från
385 558 13 21 5
417 557 33 20 till
468 555 44 24 4!/>
530 558 88 25 procent
637 557 40 20 och
695 557 33 20 för
746 557 34 20 lån
795 558 45 19 mot

87 593 51 24 pant
153 591 23 21 af
189 592 26 20 de
225 592 7 20 i
244 591 11 27 $
267 592 26 21 19
309 597 63 15 mom.
384 598 10 13 e
410 591 22 20 af
446 591 98 26 gällande
558 591 129 26 reglemente
702 590 33 21 för
750 591 89 20 Banken

87 625 138 27 uppräknade
245 625 122 21 säkerheter
386 625 47 20 från
448 625 13 21 6
477 625 32 21 till
531 626 7 21 5
552 626 90 25 procent
657 626 55 19 samt
727 626 32 19 att
774 625 66 20 inträ-

88 659 126 26 desafgiften
229 659 34 21 för
277 659 157 21 kassakreditiv
450 660 109 20 nedsattes
573 659 46 20 från
633 659 23 27 '/»
667 659 31 20 till
711 658 22 22 !/+
745 660 94 24 procent.

87 693 73 26 Enligt
175 695 31 19 ett
221 693 195 25 Bankfullmäktige
435 693 69 20 tillika
522 693 100 25 delgifvet
637 693 203 26 protokollsutdrag,

87 727 54 20 hade
164 727 35 20 vid
225 727 98 20 ärendets
349 727 159 26 handläggning
530 727 7 21 i
560 727 193 21 Bankdirektionen
780 726 60 26 fråga

84 761 79 26 jemväl
185 761 73 20 väckts
281 767 33 15 om
337 767 26 14 en
386 761 132 21 allmännare
540 761 136 26 nedsättning
698 760 23 21 af
741 760 99 22 Bankens

87 796 136 24 räntesatser,
243 795 84 21 hvilken
347 795 138 26 nedsättning
505 795 196 21 Bankdirektionen
719 794 55 21 dock
793 794 46 21 icke

87 830 71 19 ansett
174 828 22 21 af
210 829 35 20 det
261 828 121 21 dåvarande
398 829 163 26 penningeläget
575 828 107 27 påkallad.

157 862 69 21 Sedan
248 863 123 21 förberörde
393 863 80 25 förslag
493 863 40 20 den
549 863 26 20 27
592 863 57 20 Mars
667 863 53 20 1886
736 862 104 21 förehafts

86 896 33 21 till
141 902 121 20 gemensam
285 897 161 25 öfverläggning
469 897 48 20 med
536 896 203 26 Bankdirektionen,
756 896 83 21 beslöto

86 930 194 26 Bankfullmäktige
296 930 39 20 den
352 930 12 21 8
380 930 132 26 derpäföljde
527 930 66 26 April,
613 930 68 21 efter
674 926 12 35 i
694 930 88 21 ärendet
796 930 43 20 för-

86 964 115 26 siggången
221 964 137 26 omröstning,
379 966 31 18 att
429 964 100 21 nedsätta
547 966 160 19 räntesatserna
721 964 33 20 för
768 964 71 20 vexel-

86 998 154 25 omsättningar
259 998 31 20 till
305 999 44 25 5'/>
368 1001 89 23 procent
476 998 39 21 och
530 998 33 20 för
578 998 34 21 lån
628 1000 45 19 mot
687 1000 52 24 pant
754 998 23 20 af
791 998 25 20 de
831 998 8 20 i

86 1031 12 27 8
114 1032 26 21 19
156 1038 62 14 mom.
235 1038 10 13 e
261 1032 22 20 af
300 1032 197 26 bankreglementet
516 1032 138 26 uppräknade
671 1032 45 25 slag
731 1031 23 21 af
767 1031 72 21 säker-

85 1065 62 20 heter
166 1066 32 20 till
217 1066 13 21 5
249 1068 87 24 procent
355 1065 109 21 äfvensom
479 1065 185 26 inträdesafgiften
679 1066 33 20 för
727 1065 111 21 kassakre-

86 1099 52 20 ditiv
164 1099 32 21 till
221 1100 22 21 %4
266 1102 94 24 procent,
387 1100 111 20 hvaremot
520 1099 26 21 de
570 1099 23 21 af
614 1099 195 21 Bankdirektionen
832 1099 7 21 i

86 1133 63 26 öfrigt
167 1133 120 26 föreslagna
306 1134 191 25 nedsättningarna
516 1133 6 20 i
538 1133 98 21 Bankens
651 1133 110 21 läneränta
777 1133 62 21 ansä-

85 1173 37 20 gos
145 1167 117 21 tillsvidare
284 1168 47 20 icke
353 1168 53 20 böra
424 1167 160 26 ifrägakomma.
615 1168 107 26 Derjemte
737 1167 40 21 och
793 1173 45 15 som

85 1201 39 20 hos
139 1201 194 26 Bankfullmäktige
349 1201 79 26 förslag
444 1202 69 20 blifvit
528 1201 63 21 väckt
605 1203 32 19 att
651 1201 99 21 nedsätta
761 1203 77 18 räntan

84 1234 33 21 för
140 1235 141 26 affärsvexlar,
305 1235 33 21 för
361 1235 71 21 hvilka
455 1235 73 20 firmor
546 1235 48 20 med
614 1235 110 21 obestridd
744 1235 94 20 soliditet

85 1268 33 21 stä
137 1269 6 19 i
163 1269 140 26 ansvarighet,
319 1269 130 21 anmodades
472 1269 196 20 Bankdirektionen
691 1270 32 19 att
741 1269 97 20 häröfver

84 1302 32 21 till
132 1302 142 27 Fullmäktige
290 1303 77 26 afgifva
382 1303 106 26 yttrande.

152 1336 34 20 Dä
201 1339 44 18 mot
260 1337 64 20 slutet
339 1337 24 20 af
375 1337 47 20 äret
437 1338 158 19 räntesatserna
610 1337 33 20 för
659 1337 22 20 är
699 1337 53 20 1887
769 1337 68 20 skulle

83 1370 136 25 bestämmas,
235 1371 116 21 aflemnade
367 1370 195 21 Bankdirektionen
579 1371 32 20 uti
626 1371 109 20 skrifvelse
749 1371 33 20 för
797 1370 40 20 den

84 1405 26 21 16
129 1404 120 21 November
267 1405 81 26 förslag
367 1406 33 20 till
419 1411 26 15 en
464 1405 84 26 generel
563 1405 137 25 nedsättning
716 1405 6 20 i
738 1404 99 21 Bankens
