1031 1678
230 138 27 20 96

203 202 42 22 han
262 204 52 19 utan
331 202 129 27 tillräckliga
475 202 159 22 förberedelser
649 202 32 21 uti
697 202 63 21 skola
775 202 41 22 och
831 202 36 21 vid
882 201 84 22 univer-

201 237 54 22 sitet
278 235 70 23 blifvit
368 239 95 25 tvungen
483 238 33 20 att
535 237 111 26 samtidigt
661 237 48 21 lära
725 237 32 26 sig
772 237 99 27 begagna
885 238 80 20 tvänne

202 271 67 27 språk
288 271 36 22 vid
345 272 155 27 uppsättandet
519 272 20 21 at
555 271 304 27 domstolsförhandlingarna.
889 271 77 22 Denna

202 305 93 22 hämsko
310 305 37 22 vid
361 306 149 22 inhemtandet
520 306 23 21 af
555 307 40 20 den
607 307 94 20 nämnda
712 305 117 28 förmågan,
846 305 59 26 eller,
917 305 49 22 med

203 339 70 22 andra
288 340 45 26 ord,
351 340 35 22 vid
401 340 120 22 inlärandet
536 340 23 22 af
573 341 41 21 den
630 340 26 22 så
671 340 87 22 kallade
772 340 107 27 juridiska
895 339 69 26 stilen,

203 374 42 21 blir
261 376 28 19 än
304 381 59 15 mera
379 374 107 28 hinderlig
501 375 131 27 derigenom,
649 376 33 20 att
699 375 26 21 de
740 374 63 22 fleste
811 374 108 22 ordinarie
930 374 37 21 do-

204 414 59 15 mare
279 410 58 19 ännu
353 411 37 19 äro
406 409 25 21 så
446 409 48 22 litet
508 409 147 26 försigkomne
670 409 6 20 i
693 408 71 22 finska
779 408 95 27 språket,
891 409 33 20 att
940 408 26 21 de

204 443 70 21 sakna
293 442 99 28 förmåga
412 445 32 20 att
464 444 105 27 genomgå
584 443 41 22 och
640 445 60 20 rätta
715 443 58 21 hvad
789 443 61 21 deras
867 441 100 23 biträden

205 477 28 27 på
249 477 70 27 sagda
334 478 66 27 språk
416 477 89 22 affattat.
534 473 19 27 Å
568 478 68 21 andra
652 478 63 21 sidan
730 477 69 22 finnes
816 477 37 22 det
865 477 39 22 ock
915 476 53 22 flera

205 511 124 28 domsagor,
351 512 39 21 der
410 513 36 21 det
464 512 93 23 svenska
572 512 90 27 språket
677 518 91 15 numera
783 512 25 21 så
823 511 68 22 sällan
907 511 60 22 kom-

205 552 47 15 mer
274 547 32 20 till
327 547 140 27 användning,
489 549 32 19 att
540 547 27 21 de
586 553 56 20 unge
656 547 119 26 juristerne
793 545 111 22 derstädes
920 545 48 22 icke

206 580 73 22 kunna
299 580 106 22 förvärfva
424 581 33 27 sig
475 581 64 27 nödig
554 587 55 15 vana
625 583 33 19 att
673 581 34 21 för
723 580 162 27 ifrågavarande
901 580 67 21 ända-

206 615 43 21 mål
270 615 29 27 på
322 617 32 20 ett
373 615 200 22 tillfredsställande
593 617 45 20 sätt
657 615 102 28 begagna
777 615 32 27 sig
825 614 22 22 af
861 615 61 21 detta
936 613 33 22 för

207 649 174 27 tjenstemannen
404 651 83 21 kanske
508 652 26 19 än
552 657 46 14 mer
619 652 27 19 än
666 649 35 22 för
721 649 73 27 hvarje
810 655 69 16 annan
895 648 74 22 bildad

207 689 80 21 person
303 684 6 20 i
325 684 48 21 vårt
388 684 52 21 land
454 684 25 21 så
494 686 79 25 ytterst
588 684 139 26 nödvändiga
742 684 72 26 språk.
830 683 67 21 Häraf
907 683 61 21 torde

207 718 86 21 således
310 718 105 26 klarligen
430 718 88 27 framgå,
536 720 32 20 att
584 719 40 21 den
636 718 131 26 nuvarande,
779 718 7 21 i
799 718 104 26 språkligt
916 717 52 21 hän-

208 752 81 22 seende
305 752 176 22 reformatoriska
496 753 59 21 tiden
571 753 44 21 tills
631 753 75 21 vidare
722 752 48 22 icke
785 752 68 22 heller
869 751 101 28 erbjuder

209 787 67 27 några
291 787 110 27 garantier
420 787 32 22 för
468 789 32 19 att
516 787 26 22 de
562 794 56 20 unga
634 788 181 20 domareämnena
830 786 6 21 i
853 786 117 22 allmänhet

207 822 63 21 skola
290 822 73 21 kunna
383 822 106 21 förvärfva
509 822 33 26 sig
557 822 49 21 fullt
621 822 202 21 tillfredsställande
839 820 107 28 färdighet
963 821 7 20 i

209 856 40 21 den
270 856 107 28 juridiska
398 856 69 22 stilen.
503 857 61 21 Dock
584 856 65 28 hyser
666 856 39 28 jag
727 856 37 21 det
779 856 63 26 hopp,
858 857 33 19 att
907 856 27 20 de
950 854 22 22 af

207 890 44 27 mig
267 897 29 15 nu
312 890 94 28 antydda
422 891 214 21 missförhållandena
652 890 55 22 efter
723 890 66 26 något
804 890 61 21 tiotal
875 890 23 21 år
909 889 61 22 skola

208 924 65 22 blifva
289 925 82 21 mindre
387 925 101 26 känbara,
505 925 67 21 ehuru
589 925 41 21 den
646 924 34 22 för
696 924 65 27 öfrigt
777 924 137 27 oundvikliga
925 924 45 21 två-

207 959 156 27 språkigheten
385 959 107 27 sjelffallet
510 960 60 21 alltid
591 960 55 21 skall
668 959 155 27 ofördelaktigt
837 958 91 22 influera
942 959 28 26 på

204 994 131 27 juristernes
357 993 97 28 förmåga
470 996 32 19 att
517 996 58 19 sätta
591 994 32 21 till
639 1000 96 21 pappers
751 993 56 22 hvad
823 993 35 21 vid
874 993 95 21 domsto-

207 1027 62 22 larne
284 1027 143 22 förhandlats.

278 1129 37 23 Uti
331 1131 33 21 sin
380 1131 118 22 berättelse
514 1131 32 22 till
564 1133 53 20 1885
635 1133 35 20 års
686 1131 105 27 landtdag
807 1131 38 22 har
860 1131 43 21 min
914 1131 56 22 före-

209 1165 88 22 trädare
317 1165 7 21 i
345 1165 101 27 embetet,
470 1166 65 21 bland
554 1168 72 25 annat,
643 1167 102 26 upptagit
761 1166 32 21 till
809 1165 163 22 skärskådande

209 1199 40 21 hos
266 1205 36 16 oss
318 1199 100 27 gällande
434 1199 198 28 lagbestämningar
647 1200 115 27 angående
777 1200 84 21 skilnad
876 1200 7 21 i
899 1200 74 21 äkten-

209 1233 54 28 skap
281 1236 56 19 samt
353 1234 74 21 dervid
446 1235 68 20 tillika
533 1235 109 21 meddelat
658 1235 109 21 särskilda
782 1234 122 21 statistiska
919 1240 54 21 upp-

209 1268 111 27 lysningar
335 1268 93 22 rörande
439 1269 6 20 i
456 1269 72 21 landet
538 1269 126 22 förekomna
675 1269 97 21 ärenden
783 1275 34 15 om
829 1269 143 26 äktenskaps-

210 1302 93 26 skilnad,
319 1302 180 27 hufvudsakligen
515 1303 89 22 afsedda
613 1305 32 20 att
656 1303 85 25 utreda,
752 1303 7 20 i
767 1303 84 21 hvilken
863 1303 110 22 utsträck-

209 1337 52 26 ning
285 1336 179 27 dispenserandet
479 1337 46 21 från
544 1337 108 21 allmänna
666 1337 77 27 lagens
759 1337 133 27 stadganden
908 1338 7 21 i
930 1339 43 19 äm-

210 1372 37 19 net
267 1370 138 22 förekommit
424 1372 7 20 i
451 1371 132 22 förhållande
605 1372 32 20 till
659 1372 26 21 de
702 1371 43 26 fall,
762 1372 37 20 der
815 1371 83 22 skilnad
914 1372 7 20 i
937 1371 37 22 äk-

211 1405 92 27 tenskap
331 1405 56 22 efter
412 1405 129 28 föregången
566 1406 124 27 lagbunden
712 1405 99 27 pröfning
832 1406 98 27 beviljats
955 1404 22 22 af

209 1438 102 23 domstol.
