1031 1678
766 135 38 20 117

77 199 113 26 afbasning
205 199 49 21 med
269 199 36 26 ris,
322 198 103 22 hvarmed
440 198 86 22 återfall
541 199 7 21 i
564 199 217 26 skörlefnadssynden
796 199 38 21 ho-

77 235 39 24 tas,
133 233 70 21 skulle
218 233 72 21 kunna
305 233 32 21 till
354 235 32 19 ett
402 233 89 26 dygdigt
506 233 94 21 lefverne
612 233 93 21 återföra
714 233 25 21 de
751 233 84 27 engång

76 268 7 20 i
98 267 43 21 last
157 267 39 22 och
212 268 26 26 dy
257 267 91 28 sjunkna
371 267 119 27 qvinnorna
511 267 53 22 eller
578 267 115 22 afskräcka
707 267 66 22 andra
787 267 46 22 från

77 303 32 21 att
132 301 55 28 gifva
209 302 48 21 vika
275 302 33 21 för
327 300 162 28 osedlighetens
512 301 113 22 lockelser.
655 302 38 21 Ett
709 301 67 28 dylikt
791 302 42 21 till-

56 359 2 3 .
77 336 138 27 vägagäende
239 336 68 20 skulle
329 335 158 27 otvifvelaktigt
508 336 67 21 verka
591 335 87 27 derhän,
695 337 32 20 att
742 336 27 21 de
783 342 50 21 pro-

76 370 119 22 stituerade
218 370 97 26 jakttoge
338 371 70 20 större
431 369 139 27 försigtighet
590 370 40 21 och
648 370 47 27 just
711 370 122 26 derigenom

76 404 71 23 blefve
169 411 58 14 mera
250 404 81 27 farliga.
361 404 50 21 Men
434 410 29 15 nu
487 407 24 18 är
532 404 143 21 förhällandet
697 404 42 26 det,
759 405 32 20 att
807 405 26 20 de

76 445 111 21 personer,
207 445 45 14 som
270 438 45 26 här,
335 438 123 27 pätagligen
476 439 18 26 ej
510 439 56 21 blott
582 439 6 20 i
603 439 116 21 rättvisans
734 439 99 26 intresse,

76 474 32 21 till
131 473 85 21 hvilken
239 473 46 20 sida
300 472 23 21 af
339 472 75 27 frågan
428 473 44 26 jag,
494 473 71 21 såsom
580 473 95 26 nämndt,
691 473 72 26 längre
779 472 54 22 fram

77 508 150 25 återkommer,
243 509 51 19 utan
309 507 149 26 förnämligast
473 507 34 22 för
520 510 33 18 att
564 507 144 27 ävägabringa
719 509 32 20 ett
761 507 72 22 bättre

77 538 103 25 sakernas
197 542 102 24 tillständ,
315 542 84 21 fordrat
414 548 26 15 en
456 542 118 27 oblidkelig
589 543 134 26 tillämpning
733 541 22 22 af
763 542 69 27 lagen,

76 577 69 20 mäste
167 583 62 14 anses
250 576 63 21 hafva
331 576 50 21 farit
396 576 53 21 vilse
466 576 62 21 äfven
543 576 133 21 beträffande
692 577 36 21 det
742 577 90 26 lagrum,

78 611 66 26 enligt
159 611 72 21 hvilka
247 611 25 21 de
287 611 161 26 prostituerade
463 611 67 21 borde
542 611 40 21 och
593 611 72 21 kunde
675 610 90 22 straffas.
789 611 44 26 Mig

77 651 71 21 synes,
165 647 32 19 att
219 646 74 21 endast
315 645 48 21 dei
379 647 27 19 53
425 645 49 27 kap.
496 645 27 21 M.
540 645 24 21 B.
584 647 83 19 utsatta
689 645 84 27 ringare
796 651 37 15 an-

77 680 252 21 svarsbestämmelserna
344 679 72 21 kunde
432 679 13 21 &
466 679 71 26 dessa,
553 679 48 21 icke
617 679 6 21 i
640 679 119 27 glädjehus,
779 680 53 21 utan

77 716 83 19 ensamt
181 713 34 22 för
237 714 32 26 sig
291 713 90 26 boende,
402 714 49 21 med
471 714 95 26 otuktigt
584 716 105 24 umgänge
706 714 33 26 sig
754 714 78 26 syssel-

77 748 102 21 sättande
200 748 87 26 gvinnor
308 748 115 26 tillämpas,
446 748 75 27 hvarje
541 748 57 27 gång
614 748 26 21 de
660 748 172 22 öfverbevisades

78 788 33 16 om
126 782 81 27 verklig
223 782 96 27 utöfning
335 782 22 21 af
371 783 38 21 sitt
427 782 119 27 yrke
500 778 15 36 —
527 778 24 36 ty
562 783 78 21 endast
651 783 40 21 den
703 782 129 26 omständig-

77 816 72 27 heten,
165 818 33 20 att
220 817 25 21 de
267 817 49 21 lätit
338 817 33 26 sig
393 816 113 22 inskrifvas
529 816 53 22 eller
600 817 63 26 eljest
677 819 44 19 mot
736 816 32 22 sin
783 816 50 28 vilja

77 850 68 22 blifvit
161 851 102 21 inskrifna
273 852 7 20 i
291 851 94 27 polisens
402 851 93 27 register
510 851 60 21 öfver
580 851 253 27 besigtningsgvinnorna

76 885 42 21 kan
141 886 34 20 väl
194 886 47 20 icke
256 886 7 20 i
279 886 40 21 och
337 886 32 21 för
389 886 32 26 sig
437 886 88 26 betinga
542 886 62 21 deras
620 885 100 21 fällande.
750 881 30 25 Är
795 886 37 21 det

77 926 28 14 nu
122 926 37 15 ens
183 920 106 26 tänkbart,
306 922 32 19 att
357 920 71 26 någon
448 920 84 26 gvinna,
548 920 24 21 sä
588 920 62 26 djupt
665 920 63 21 fallen
744 926 46 14 som
806 926 26 15 en

76 954 146 27 prostituerad
237 955 98 25 vanligen
351 957 29 24 är,
397 954 69 22 skulle
486 954 45 21 läta
546 954 33 26 sig
594 956 58 20 rätta
669 954 22 21 af
707 954 26 21 de
748 954 7 21 i
770 956 61 19 näst-

77 989 92 20 berörda
184 989 82 26 lagrum
282 991 82 18 utsatta
379 989 62 26 ringa
457 989 105 20 böterna?
583 988 32 21 En
632 989 83 26 gvinna,
727 994 45 15 som
783 988 48 21 icke

76 1025 77 24 ryggat
169 1023 88 21 tillbaka
272 1023 32 21 för
319 1025 33 19 att
367 1023 53 21 söka
436 1023 32 20 sin
485 1023 75 26 näring
575 1023 7 20 i
595 1023 174 26 prostitutionen,
781 1023 51 20 oak-

77 1057 47 21 tadt
147 1057 40 22 den
210 1058 124 26 uppenbara
356 1057 47 21 fara
422 1057 34 22 för
470 1057 82 22 hennes
568 1057 61 22 helsa
644 1059 57 19 samt
716 1057 40 21 den
772 1063 59 20 nesa,

77 1091 96 28 vanfräjd
189 1092 39 21 och
245 1092 36 21 det
299 1092 207 27 besigtningstväng,
528 1098 46 15 som
590 1099 28 14 nu
634 1093 37 20 äro
687 1091 87 22 dermed
789 1091 42 22 för-

78 1127 74 25 enade,
168 1127 56 21 läter
238 1127 33 21 för
287 1127 56 21 visso
358 1127 48 21 icke
423 1126 115 22 afskräcka
554 1127 33 26 sig
602 1127 22 21 af
633 1127 71 21 hvilka
715 1126 62 21 straff
785 1132 46 15 som

77 1161 57 20 helst
156 1161 46 21 från
221 1163 32 19 att
275 1161 131 22 fortfarande
430 1161 69 22 drifva
519 1162 38 20 sitt
571 1161 58 28 yrke,
646 1167 46 16 som
707 1161 44 21 hon
765 1160 67 22 oftast

78 1195 76 22 endast
169 1195 23 22 af
206 1196 179 27 arbetsskygghet
400 1196 50 21 valt.

146 1230 31 21 De
189 1230 109 21 säkallade
309 1230 199 27 sedlighetsifrarne
519 1236 63 21 synas
591 1230 48 21 icke
649 1230 67 21 heller
726 1229 62 22 hafva
799 1229 32 21 för

77 1265 32 26 sig
115 1265 104 26 klargjort
227 1265 106 27 följderna
341 1265 22 21 af
370 1265 40 21 den
418 1264 79 22 reform
504 1277 27 2 —
538 1265 40 21 den
584 1265 159 21 kontrollerade
751 1264 79 27 prosti-

76 1299 109 21 tutionens
195 1299 163 22 afskaffande
339 1294 15 36 —
365 1305 45 15 som
420 1299 26 21 de
456 1299 79 21 önskat
542 1298 119 22 framkalla.
672 1299 41 26 Jag
722 1299 41 21 kan
771 1301 59 18 näm-

75 1333 56 26 ligen
148 1333 47 21 icke
211 1336 82 23 tro,att
308 1334 26 20 de
349 1334 69 20 skulle
434 1333 96 21 förmena
541 1336 32 18 att
584 1336 32 18 ett
631 1334 88 20 allmänt
732 1333 99 21 oskulds-

76 1367 97 21 tillständ
196 1368 86 21 dermed
298 1368 83 21 komme
403 1370 33 18 att
450 1368 91 25 inträda,
562 1370 22 24 ty
601 1368 25 20 de
646 1368 70 20 mäste
735 1368 23 26 ju
777 1368 54 24 inse,

76 1403 32 19 att
123 1403 15 19 t.
156 1408 31 15 ex.
202 1402 95 26 polisens
313 1402 7 21 i
335 1403 70 20 denna
420 1402 49 21 stad
487 1402 135 26 förteckning
638 1402 58 21 öfver
711 1402 26 21 de
753 1401 78 27 prosti-

75 1436 89 21 tuerade
180 1436 111 27 rimligtvis
307 1437 18 27 ej
342 1437 41 20 kan
400 1436 90 22 omfatta
506 1436 42 21 alla
563 1437 26 21 de
606 1436 150 27 gvinnor,
713 1432 36 36 som
769 1436 6 20 i
787 1437 43 19 sta-
