1031 1678
277 113 28 23 U.
322 114 39 22 B.
380 126 23 3 —
433 109 130 40 III-XX
573 115 85 24 XVI

361 489 220 27 Sttatsutskottets
604 489 151 24 Betänkande
777 490 65 24 N:o
825 485 20 38 8

322 524 103 29 anledning
447 523 20 24 af
484 523 217 31 Finans-Expeditionens
716 524 7 23 i
739 524 104 29 Kejserliga

292 559 80 24 Senaten
388 558 32 25 till
436 558 108 25 Ständerna
558 557 74 30 afgifna
646 558 81 25 relation
742 565 28 17 om
781 559 62 23 stats-

291 593 76 24 verkets
383 593 98 24 tillstånd.

153 688 88 23 Jemlikt
263 690 27 20 27
313 689 12 27 8
345 689 7 21 i
366 689 99 26 gällande
480 688 212 28 landtdagsordning,
709 696 44 15 som
768 689 75 27 bjuder

86 725 32 19 att
141 723 139 21 statsverkets
302 722 97 22 tillstånd
421 723 55 21 skall
498 723 34 21 för
555 723 119 21 Ständerna
696 724 105 27 uppvisas,
816 724 28 26 på

86 757 35 21 det
137 757 25 20 de
178 757 34 21 må
226 756 95 22 inhemta
335 756 55 22 huru
406 757 99 21 Kronans
520 757 118 22 inkomster
657 757 67 21 blifvit
746 757 32 21 till
800 757 43 21 lan-

86 791 47 21 dets
155 797 54 21 gagn
229 791 40 21 och
287 790 62 22 bästa
363 791 104 27 använda,
483 791 39 21 har
537 791 23 21 af
573 791 80 21 Finans
667 791 154 27 Expeditionen
836 791 7 21 i

86 825 119 27 Kejserliga
228 824 92 22 Senaten
343 824 31 22 till
398 825 120 21 Ständerna
540 825 149 21 öfverlemnats
712 832 26 15 en
753 825 90 21 relation

87 859 131 21 omfattande
239 859 198 27 kapitalräkningar
464 859 58 22 öfver
537 859 108 22 allmänna
660 859 137 22 statsmedlen
811 859 33 21 för

85 894 51 20 åren
160 894 60 25 1883,
245 894 54 21 1884
323 893 39 22 och
387 893 61 27 1885,
474 893 128 22 summarisk
625 893 89 27 räkning
735 893 57 22 öfver
807 893 37 22 all-

85 929 77 19 männa
185 927 132 22 statsfonden
339 926 33 22 för
394 928 24 21 år
444 928 61 26 1886,
528 927 73 27 kalkyl
624 927 58 22 öfver
701 928 143 21 statsfondens

86 960 112 28 tillgångar
220 961 31 21 till
273 961 137 22 bestridande
433 962 23 20 af
470 963 58 20 extra
544 961 87 27 utgifter
645 963 59 19 utom
719 964 42 19 stat
777 962 67 21 under

84 996 25 20 år
132 996 61 25 1887,
217 995 89 26 räkning
327 995 33 21 för
383 996 51 20 åren
456 996 61 25 1884,
535 996 55 20 1885
607 995 39 21 och
664 996 53 21 1886
733 995 58 21 öfver
806 996 38 21 all-

85 1031 77 19 männa
185 1029 157 26 militiekassan,
363 1029 243 22 militieboställskassan
622 1029 39 21 och
676 1029 167 26 krigsmanshus-

84 1062 84 27 kassan,
192 1063 55 21 1887
269 1063 35 21 års
327 1063 140 26 statsförslag,
490 1063 106 21 särskilda
618 1063 114 21 relationer
745 1063 34 21 för
793 1063 50 21 åren

87 1097 61 26 1884,
166 1097 53 21 1885
236 1097 39 22 och
291 1097 54 21 1886
362 1097 110 26 angående
487 1097 278 23 kommunikationsfonden,
782 1096 62 22 brän-

85 1130 137 27 vinsskatten,
249 1131 106 22 allmänna
380 1131 213 27 bevillningsfonden,
620 1132 59 20 extra
704 1131 140 26 bevillningen

85 1164 33 21 till
133 1165 81 21 förmån
230 1165 33 22 för
277 1165 52 21 röda
344 1165 80 26 korset,
440 1165 240 27 stämpelbevillningen,
703 1165 141 26 bevillningen

84 1198 34 21 för
142 1199 136 27 tillverkning
301 1199 23 22 af
347 1199 149 27 maltdrycker,
521 1199 324 27 lagmanstingsgästningsspan-

85 1233 76 24 målen,
186 1233 195 24 donationsfonden,
406 1233 267 26 amortissementsfonden,
689 1232 155 27 undsättnings-

84 1266 85 25 fonden,
192 1267 137 22 statsverkets
354 1267 124 21 reservfond
501 1267 40 21 och
564 1266 149 25 statsskulden,
737 1266 108 21 äfvensom

86 1306 26 15 en
126 1301 86 26 general
222 1301 122 22 hufvudbok
360 1300 58 22 öfver
433 1301 140 22 statsverkets
588 1301 75 21 fonder
677 1301 32 21 för
720 1301 51 21 åren
783 1301 61 26 1883,

86 1335 55 21 1884
165 1334 39 21 och
227 1336 61 24 1885,
311 1337 56 19 samt
390 1335 99 26 slutligen
512 1341 26 15 en
554 1335 115 21 berättelse
685 1341 34 15 om
734 1334 55 21 hvad
805 1334 40 21 till-

85 1368 72 27 gjordt
171 1367 68 22 blifvit
253 1369 7 20 i
275 1368 114 28 anledning
404 1368 22 22 af
440 1369 26 21 de
481 1368 47 22 utaf
542 1368 165 22 Statsutskottet
717 1368 34 22 vid
762 1370 83 19 senaste

84 1402 102 27 landtdag
207 1402 74 27 gjorda
303 1402 165 27 anmärkningar
490 1404 58 20 emot
568 1403 41 21 den
626 1402 27 22 då
668 1402 76 27 afgifna
760 1402 86 21 relatio-

86 1442 41 16 nen
143 1442 34 16 om
193 1436 138 22 statsverkets
346 1436 102 22 tillstånd.

155 1477 141 16 Statsutskottets
309 1477 111 16 betänkande
434 1478 34 16 N:o
481 1476 17 17 S.
