1031 1678
374 127 24 18 U.
410 126 24 19 B.
447 137 22 3 —
481 127 37 19 N:o
531 127 17 19 1.
805 128 10 19 7

86 183 141 29 dersökning
249 191 36 14 om
299 183 120 29 Pelkjärvi
434 183 94 29 dialekt,
546 187 25 18 är
586 185 37 21 för
637 185 144 22 närvarande
796 193 42 14 un-

86 217 41 22 der
149 218 130 29 tryckning.
310 217 145 30 Sällskapets
478 219 165 22 årsinkomster
663 219 70 22 hafva
754 227 84 21 genom

85 252 206 29 medlemsafgifter
305 252 44 22 och
364 252 73 22 andra
452 253 121 28 tillfälliga
588 253 84 29 bidrag
686 255 99 28 uppgått
800 254 39 22 till

86 286 83 23 endast
190 289 42 21 370
249 287 71 27 mark,
344 287 95 22 hvarför
453 287 129 22 detsamma
596 288 70 22 äfven
680 288 61 22 varit
755 288 84 22 nödsa-

87 321 57 21 kadt
159 323 34 19 att
207 321 126 21 inskränka
347 321 52 21 sina
414 321 106 28 utgifter.

155 355 35 22 Af
204 355 39 21 det
257 354 167 22 ofvanstående
438 355 109 29 framgår,
564 358 35 20 att
614 356 127 29 sällskapet
756 357 83 21 åtmin-

87 392 66 19 stone
175 389 74 22 delvis
271 389 112 29 fullföljer
405 390 179 28 vetenskapliga
604 390 119 29 uppgifter
745 391 44 21 och
804 393 36 19 att

88 423 51 22 dess
147 423 106 22 ändamål
261 423 96 22 sålunda
368 423 124 22 hemfaller
503 424 75 21 under
589 424 39 22 det
635 425 163 28 Längmanska
805 427 34 20 te-

87 459 136 20 stamentets
239 457 177 22 bestämmelser.
437 458 49 21 Och
502 458 30 21 då
546 459 128 28 sällskapet
689 467 67 20 synes
768 459 71 23 hafva

86 492 94 22 utöfvat
194 499 28 14 en
237 492 50 21 icke
303 493 24 20 så
342 492 94 23 alldeles
452 492 123 29 obetydlig
589 493 156 28 verksamhet;
763 493 30 22 då
800 493 40 23 det

85 527 87 29 jemväl
195 530 25 18 är
241 527 102 28 önskligt
365 529 36 19 att
423 527 69 21 äfven
508 527 86 22 sådana
612 527 115 29 samfund,
746 528 93 22 hvilkas

87 561 98 29 ledning
207 561 43 22 och
272 561 120 22 arbetsfält
413 561 198 29 hufvudsakligen
627 565 38 19 äro
681 561 106 30 förlagda
802 563 38 21 till

88 595 141 28 landsorten,
252 595 152 22 tillerkännas
426 596 79 28 någon
527 596 68 21 andel
615 596 25 21 af
653 596 98 22 fondens
767 597 73 21 vinst-

87 629 82 28 medel,
200 632 59 19 samt
284 629 117 22 dessutom
422 630 247 29 testamentsgifvaren
691 631 55 29 sjelf
765 631 75 22 lefvat

88 664 44 22 och
153 665 82 21 verkat
256 664 8 22 i
287 664 44 21 den
353 664 38 21 del
414 664 26 21 af
461 664 87 28 landet,
577 665 31 28 på
629 665 69 21 hvars
721 665 119 29 arkeologi

88 698 44 22 och
147 698 97 22 historia
259 698 124 29 sällskapet
398 698 165 22 företrädesvis
578 698 73 22 riktat
669 699 36 21 sin
716 699 124 29 uppmärk-

88 732 95 28 samhet,
205 733 42 21 har
268 733 121 22 Utskottet
412 733 52 21 icke
479 732 81 22 tvekat
576 734 34 20 att
625 733 94 21 förorda
734 733 105 29 ,Kuopio

87 767 173 22 fosterländska
281 767 112 29 sällskap"
416 767 38 21 till
469 766 134 22 erhållande
619 767 26 22 af
657 769 34 20 ett
706 767 133 28 understöd,

87 801 61 22 dock
162 801 51 22 icke
228 802 38 21 till
277 802 71 28 högre
363 802 85 28 belopp
459 805 29 17 än
497 803 92 20 ettusen
596 802 71 21 mark.
683 802 12 21 I
703 802 60 29 följd
771 802 70 21 häraf

86 836 92 22 komme
201 836 108 29 beloppet
331 836 26 22 af
373 836 29 22 de
417 836 88 28 anslag,
528 836 217 29 Bankfullmäktige
759 836 36 22 för
811 836 28 22 de

86 870 78 29 öfriga
179 870 138 22 samfunden
331 870 128 28 föreslagit,
475 872 35 20 att
524 870 105 29 undergå
640 878 29 14 en
677 870 162 22 motsvarande

85 904 132 22 reduktion.
239 904 64 22 Enär
317 905 59 21 dock
391 904 89 22 Finska
487 904 223 30 Konstföreningen,
726 912 49 14 som
785 904 54 22 med

85 939 27 21 sä
126 939 100 28 mycken
244 939 123 29 framgäng
381 939 83 21 verkat
479 938 37 22 för
532 938 45 22 den
592 939 121 21 inhemska
727 939 111 21 konstens

86 973 142 29 utveckling,
244 973 43 22 och
294 973 351 29 Folkupplysningssällskapet,
657 973 90 22 hvilket
754 980 84 21 genom

86 1007 42 22 sitt
150 1007 78 22 arbete
253 1008 36 21 för
310 1007 53 22 hela
380 1008 53 21 värt
451 1007 63 22 folks
530 1007 114 29 bildning,
669 1007 25 22 af
707 1007 66 22 dessa
787 1007 52 21 skäl

85 1043 89 21 ansetts
196 1042 56 21 böra
274 1043 90 28 hugnas
385 1041 54 22 med
462 1043 34 20 ett
518 1042 72 28 nägot
608 1041 133 29 rundligare
756 1041 82 29 anslag

86 1079 30 19 än
130 1077 216 28 Bankfullmäktige
361 1076 129 29 föreslagit,
506 1076 42 22 har
563 1076 122 22 Utskottet
700 1076 83 21 önskat
798 1083 40 14 an-

86 1110 189 29 slagsbeloppens
289 1111 101 28 höjande
404 1111 37 21 för
456 1111 67 21 dessa
537 1111 76 28 begge
628 1110 113 22 samfund.
771 1110 12 21 I
798 1117 40 14 an-

85 1144 98 29 ledning
197 1145 69 22 häraf
278 1145 45 22 blir
338 1153 29 14 en
381 1145 139 28 ytterligare
534 1145 125 21 reduktion
674 1145 9 21 i
697 1145 73 28 nägot
781 1145 56 22 eller

86 1179 73 28 nägra
178 1179 26 22 af
217 1179 28 22 de
260 1179 76 29 öfriga
351 1179 113 28 anslagen
478 1179 80 29 nödig.
588 1179 133 27 Historiska
735 1178 102 23 samfun-

86 1212 40 22 det
147 1213 42 22 har
210 1213 70 22 redan
302 1214 69 28 länge
386 1214 84 21 verkat
484 1213 9 22 i
509 1213 45 22 den
570 1213 171 22 fosterländska
755 1213 82 22 häfda-

84 1247 167 29 forskningens
265 1248 72 29 tjenst
352 1248 44 22 och
410 1247 66 22 torde
491 1248 31 29 pä
532 1248 76 21 denna
619 1247 77 30 grund
710 1248 56 21 böra
773 1247 64 22 kom-

84 1289 38 14 ma
144 1281 9 22 i
175 1282 136 29 åtnjutande
333 1283 26 21 af
380 1284 34 19 ett
435 1283 73 28 något
530 1283 72 28 högre
621 1282 81 29 anslag
717 1286 29 18 än
761 1282 76 29 öfriga

84 1315 77 22 nedan
182 1316 150 28 uppräknade
353 1316 141 28 föreningar,
514 1317 93 22 hvadan
622 1317 41 21 det
677 1317 26 21 af
713 1316 124 22 Banktull-

84 1350 103 28 mäktige
209 1350 130 30 tillstyrkta
353 1351 109 29 beloppet
477 1351 27 21 af
516 1351 122 22 Utskottet
652 1350 141 27 bibehållits,
808 1350 28 22 li-

85 1385 80 21 kasom
186 1384 121 23 Utskottet
329 1386 51 21 icke
399 1385 73 22 heller
487 1387 77 20 ansett
578 1386 79 28 nägon
673 1384 125 22 reduktion
813 1384 26 22 af

84 1418 40 22 det
144 1418 133 29 föreslagna
298 1419 105 29 anslaget
425 1420 37 21 för
480 1419 293 29 Fornminnesföreningen
792 1418 44 23 och

152 1454 139 17 Bankutskottets
302 1454 104 18 betänkande
418 1454 35 17 N:o
466 1455 16 16 1.
