1031 1678
181 134 12 21 2
412 133 26 21 U.
454 133 23 20 B-
494 145 26 3 —
536 134 113 19 XXXVIL

33 207 41 19 Sid.
87 207 47 18 1-8
221 195 78 22 Bland
323 195 28 22 de
374 195 42 22 hos
432 195 220 29 Bankfullmäktige
667 195 123 22 förehafda
806 196 102 21 ärenden

25 236 70 23 Bankf.
108 236 36 18 ber.
153 233 135 18 omnämnes
311 229 8 22 i
341 229 172 29 Fullmäktiges
536 230 125 21 berättelse
675 230 84 21 främst
773 230 84 29 frågan
872 237 37 14 om

151 264 147 22 inrättandet
313 264 26 21 af
351 272 47 20 nya
414 264 85 21 kontor
514 265 8 20 i
538 265 143 21 landsorten.

221 299 86 21 Medan
330 299 115 21 Finlands
468 299 68 21 Bank
560 299 60 21 ända
644 299 37 20 till
706 301 91 19 senaste
820 299 35 21 tid
871 301 36 18 ut-

153 333 90 21 sträckt
266 333 38 21 sin
326 333 150 21 verksamhet
498 333 62 21 blott
577 333 38 21 till
630 333 75 28 några
720 333 29 26 få,
766 340 63 14 mera
844 333 64 28 bety-

154 367 75 22 dande
245 368 82 21 orter
318 363 15 37 i
342 367 80 22 landet
439 368 43 20 och
497 368 75 21 under
588 368 28 21 de
627 368 40 21 två
683 368 57 20 sista
756 368 154 21 decennierna

152 402 137 21 tillkommit
312 402 83 21 endast
418 404 34 19 ett
466 404 54 26 nytt
536 402 227 28 afdelningskontor,
779 402 129 28 hvarjemte

153 437 131 28 agenturen
307 435 8 22 i
331 436 154 21 Tammerfors
501 436 124 21 ombildats
641 436 38 21 till
689 436 93 25 kontor,
797 435 42 22 har
854 436 56 21 ban-

153 471 46 21 ken
226 470 75 21 under
323 471 119 28 förloppet
464 471 26 20 af
509 471 104 21 sistlidet
636 471 25 20 är
683 470 111 28 utvidgat
817 470 36 21 sin
874 473 36 18 rö-

153 505 59 21 relse
238 511 85 22 genom
346 505 134 28 öppnandet
507 505 27 21 af
554 505 139 28 ytterligare
715 506 82 19 trenne
819 505 89 25 filialer,

154 553 27 2 —
204 539 9 21 i
235 539 141 28 Jyväskylä,
400 539 128 22 Sordavala
550 539 44 22 och
618 539 35 22 S:t
675 539 88 21 Michel
786 552 27 3 —
828 539 82 21 hvilka

154 575 61 20 dock
244 573 133 22 tillsvidare
404 577 39 18 äro
473 574 76 21 stälda
571 574 30 28 pä
624 573 149 28 provisorisk
795 574 42 21 fot.
868 574 41 21 Om

155 609 44 21 ock
229 608 40 21 det
293 608 120 28 egentliga
439 608 131 29 upphofvet
602 608 38 21 till
673 607 98 22 berörda
802 608 108 28 åtgärder

156 643 40 28 läg
225 643 9 20 i
256 642 174 22 vederbörande
454 643 211 21 stadskommuners
689 642 54 21 utaf
763 642 145 28 bankstyrel-

155 684 42 14 sen
227 676 159 21 understödda
412 676 90 22 önskan
525 679 34 18 att
582 676 87 22 bereda
692 676 155 21 allmänheten
870 676 40 21 län

154 712 49 20 mot
225 710 66 28 lägre
314 712 67 19 ränta
404 714 30 18 än
460 710 259 28 privatbankkontoren
742 710 8 21 i
775 710 66 21 dessa
864 712 46 19 stä-

155 745 40 21 der
210 745 41 21 vid
272 744 140 29 utläningen
428 745 106 28 betingat
550 745 42 27 sig,
609 744 44 22 och
669 744 135 28 derigenom
819 744 91 22 komma

155 779 176 22 affärsrörelsen
353 779 119 21 derstädes
494 779 38 21 till
554 779 70 28 hjelp,
644 780 25 20 sä
685 779 108 28 utgjorde
809 780 100 27 öfverty-

156 814 81 28 gelsen
253 820 37 15 om
305 815 104 19 orternas
424 814 139 21 merkantila
572 814 122 27 betydelse
702 814 75 20 likväl
787 813 124 21 Bankfull-

155 848 117 28 mäktiges
293 848 171 21 hufvudmotiv.
494 848 128 28 Angående
646 848 113 28 åtgärden
775 850 35 19 att
825 848 87 21 inrätta

155 885 34 19 ett
204 882 149 22 bankkontor
368 882 9 21 i
392 882 130 28 Jyväskylä
538 882 42 21 bör
595 882 143 25 framhällas,
748 884 35 19 att
797 889 37 15 om
843 882 69 22 äfven

158 916 145 23 dervarande
327 916 231 22 affärsförhällanden
572 917 118 21 mähända
705 917 130 21 tillsvidare
851 917 59 21 hade

155 952 92 22 kunnat
262 951 56 21 fullt
333 951 106 28 betjenas
455 951 26 21 af
493 951 28 21 de
538 952 40 20 tvä
593 951 155 28 privatbanks
763 951 85 21 filialer
863 959 49 14 som

156 987 9 21 i
181 986 83 21 staden
279 985 76 21 finnas
370 985 124 27 inrättade,
512 986 24 20 sä
552 987 70 26 utgör
638 988 67 18 orten
721 986 61 21 dock
797 987 34 19 ett
846 986 66 28 bety-

157 1020 76 22 dande
256 1019 178 22 trafikcentrum
457 1019 43 22 och
523 1023 25 18 är
569 1019 170 28 jemförelsevis
760 1019 67 29 längt
842 1019 70 29 afläg-

157 1062 42 14 sen
221 1054 55 21 frän
299 1053 72 22 andra
394 1053 84 28 städer,
501 1054 41 21 der
563 1053 114 22 Finlands
701 1054 68 21 Bank
784 1054 42 21 har
841 1054 71 21 afdel-

155 1088 169 29 ningskontor;
345 1088 45 21 och
405 1095 67 14 anser
487 1088 122 21 Utskottet
623 1089 64 27 förty
701 1088 146 29 tillräckliga
862 1089 51 21 skäl

157 1123 37 22 för
209 1123 121 21 kontorets
346 1122 134 21 inrättande
496 1122 72 22 hafva
582 1123 155 21 förekommit.
754 1135 27 3 —
796 1123 12 21 I
824 1123 34 22 S:t
869 1123 43 21 Mi-

158 1157 53 22 chel
234 1161 25 17 är
282 1157 102 21 handeln
398 1157 139 28 visserligen
552 1157 52 21 icke
620 1157 26 21 så
660 1157 61 28 liflig
737 1164 48 14 som
800 1158 30 28 på
845 1158 67 21 först-

157 1191 103 22 nämnda
276 1193 43 25 ort,
334 1199 53 13 men
404 1191 29 21 då
448 1191 82 21 staden
545 1191 63 21 inom
624 1191 53 22 kort
692 1191 46 22 blir
753 1191 97 22 förenad
860 1192 54 21 med

157 1226 92 21 landets
262 1226 156 28 jernvägsnät
433 1225 44 22 och
492 1225 133 28 derigenom
640 1225 122 22 sannolikt
770 1226 61 21 skall
841 1226 72 21 vinna

157 1261 62 21 ökad
249 1260 52 28 vigt
331 1260 76 21 såsom
432 1260 138 21 förmedlare
594 1260 26 21 af
646 1260 236 28 varuomsättningen
905 1261 8 20 i

157 1295 88 27 landet,
269 1294 66 21 torde
359 1295 77 20 denna
458 1294 172 29 omständighet
653 1294 142 29 rättfärdiga
812 1294 102 21 beslutet

159 1331 35 19 att
221 1329 38 21 till
284 1328 103 22 nämnda
409 1331 36 19 ort
468 1329 120 21 utsträcka
612 1329 105 21 området
739 1329 37 21 för
798 1329 116 21 statsban-

158 1364 59 20 kens
241 1363 154 29 operationer.
413 1376 26 2 —
455 1363 149 21 Beträffande
630 1363 110 21 kontoret
758 1363 8 21 i
787 1363 127 23 Sordavala

159 1404 69 22 synes
244 1398 41 20 det
300 1397 104 21 deremot
411 1404 55 15 vara
475 1397 167 29 tvifvelaktigt,
653 1397 118 22 huruvida
779 1398 134 25 detsamma,

158 1432 143 21 åtminstone
316 1432 38 20 till
369 1439 29 14 en
414 1432 88 28 början,
518 1432 104 21 kommer
637 1434 34 19 att
679 1432 58 21 bära
746 1432 168 29 förvaltnings-

228 1471 149 18 Bankutskottets
389 1471 109 18 betänkande
509 1471 33 18 N:o
555 1472 19 17 2.
