1031 1678
814 130 28 21 83

112 193 92 21 berörda
219 193 109 21 svarsbref
341 193 101 27 framgär,
458 193 48 21 icke
522 193 86 21 erhällit
624 193 68 26 nägot
707 192 106 22 definitivt
823 199 50 15 svar

110 228 29 26 pä
155 227 76 28 frägan
247 229 69 20 under
331 227 74 22 hvilka
420 227 69 22 vilkor
505 227 140 21 riddarhuset
659 227 72 21 kunde
741 227 33 20 till
785 227 87 26 delega-

111 261 74 22 tionen
201 262 73 25 afstäs,
291 262 41 21 och
348 262 69 21 ehuru
433 262 168 21 kommissionen
616 261 73 21 derför
701 261 18 27 ej
731 261 6 21 i
749 262 72 20 denna
832 261 39 21 sak

110 295 41 22 har
174 296 32 27 sig
228 299 67 18 annat
316 296 82 21 bekant
416 297 28 20 än
463 298 32 19 att
516 295 162 28 Ridderskapet
694 295 39 22 och
749 295 70 22 Adeln
835 296 36 21 vid

111 333 87 18 senaste
214 330 111 27 landtdag,
341 331 30 27 pä
390 331 72 20 derom
480 330 24 21 af
516 331 187 26 Borgareständet
718 331 62 27 gjord
795 329 76 22 förfrä-

110 371 51 20 gan,
185 364 87 21 beslutit
294 367 34 19 att
346 364 138 22 riddarhuset
502 364 74 22 kunde
595 364 33 21 för
644 365 37 20 det
697 372 29 13 nu
741 364 130 27 ifrägasatta

111 398 124 21 ändamälet
251 399 68 20 afstäs
338 401 45 18 mot
399 405 26 14 en
441 399 94 21 kontant
550 399 122 26 ersättning
688 399 24 21 af
724 399 95 23 420.000
834 398 36 21 mk

110 433 41 21 och
168 433 35 20 det
219 433 112 26 förbehäll,
347 436 33 18 att
392 434 48 21 dess
451 433 145 21 hufvudfasad
608 433 119 21 bibehölles
737 433 133 22 oförändrad

110 469 57 20 samt
181 467 24 22 R.
222 475 18 14 o.
257 468 24 21 A.
297 469 162 26 gvarstannade
475 469 7 20 i
498 468 98 21 orubbad
613 468 119 27 besittning
747 469 24 20 af
785 468 18 27 ej
815 468 54 21 min-

110 503 38 20 dre
163 502 134 21 riddarsalen
313 504 28 19 än
357 503 41 20 ock
414 503 26 20 de
456 503 62 21 flesta
533 503 7 20 i
556 502 75 21 husets
643 502 46 21 öfre
700 503 80 26 väning
793 503 76 20 befint-

110 537 45 27 liga
171 544 52 19 rum,
239 537 40 20 har
297 537 169 21 kommissionen
486 537 73 26 likväl,
576 537 29 21 dä
623 537 82 21 tanken
721 538 28 26 pä
765 537 104 27 antingen

111 573 32 19 ett
158 571 143 27 fullständigt,
317 572 20 20 d.
352 579 18 14 v.
383 578 15 14 s.
411 571 44 21 alla
466 572 93 20 ständen
571 571 150 28 inrymmande
732 571 138 25 ständerhus,

110 605 54 22 eller
180 605 130 21 ätminstone
326 613 25 13 en
369 606 234 27 ständerhuskomplex
620 613 45 14 som
682 613 26 14 en
724 607 39 20 röd
774 607 49 20 träd
833 613 36 20 ge-

112 641 98 26 nomgätt
221 640 218 27 ständerhusfrägans
450 641 97 24 historia,
559 640 41 21 och
608 641 81 26 jemväl
700 641 7 20 i
719 641 150 26 delegationen

111 675 49 20 med
176 675 48 20 dess
240 675 125 20 nuvarande
382 674 196 27 sammansättning
594 675 70 20 röster
679 674 46 27 höjt
741 674 31 27 sig
787 674 34 21 för
837 676 32 19 att

110 709 27 20 de
153 708 70 22 skilda
239 709 103 21 ständens
357 708 83 22 lokaler
456 709 19 27 ej
492 708 69 22 skulle
572 709 61 27 långt
645 708 47 22 från
700 709 127 21 hvarandra
838 708 31 21 af-

110 743 94 27 lägsnas,
219 743 48 21 icke
283 746 71 18 ansett
375 743 32 27 sig
422 743 76 21 kunna
513 743 116 21 underläta
646 746 32 18 att
694 744 69 20 under
778 743 91 27 alvarlig

111 777 104 27 pröfning
229 780 97 24 upptaga
341 778 137 26 spörsmälet,
495 778 108 21 huruvida
619 778 40 20 och
671 778 29 27 pä
710 778 56 20 hvad
777 778 44 20 sätt
832 778 37 20 det

109 812 114 21 tillernade
239 812 173 20 treständshuset
427 812 73 20 kunde
516 812 105 27 uppföras
636 812 4 20 i
651 812 157 27 sammanhang
820 812 49 20 med

110 846 53 22 eller
178 847 129 21 ätminstone
323 847 8 20 i
347 846 124 22 omedelbar
487 846 78 22 närhet
580 846 25 22 af
619 846 143 22 riddarhuset.

179 881 68 27 Tages
258 881 198 21 riddarhustomten
468 881 8 21 i
486 882 66 26 något
561 881 157 21 vidsträcktare
727 880 140 28 bemärkelse,

110 916 24 20 sä
149 918 33 18 att
198 916 46 20 deri
258 916 123 27 inbegripes
397 916 64 21 äfven
478 916 40 20 den
536 915 133 21 statsverket
684 915 111 27 tillhöriga
805 917 62 23 tomt,

108 956 46 15 som
170 950 68 27 ligger
253 950 6 21 i
275 952 110 25 gvarteret
396 950 104 22 Servalen
512 950 28 27 pä
551 950 69 21 andra
631 950 62 21 sidan
705 950 24 21 af
737 950 129 27 Regerings-

109 986 74 25 gatan,
200 986 57 19 samt
272 985 73 20 denna
360 986 58 25 gata,
434 991 46 14 som
497 984 39 21 här
552 984 102 27 möjligen
671 984 72 22 kunde
758 984 109 27 bebyggas

112 1018 39 21 och
168 1019 95 26 stängas,
279 1019 24 20 sä
318 1018 67 27 gifves
404 1019 35 20 det
454 1021 34 18 tre
504 1018 58 21 olika
578 1018 112 28 lösningar
705 1019 24 20 af
742 1018 77 27 frägan
831 1026 35 14 om

110 1052 137 28 uppförande
263 1053 25 20 af
301 1055 31 18 ett
348 1052 151 21 treständshus
514 1053 14 20 &
543 1053 73 21 denna
632 1055 64 20 tomt:

179 1088 32 20 1:o
226 1089 32 19 att
274 1088 36 20 det
325 1088 127 20 nuvarande
468 1087 138 21 riddarhuset
622 1088 108 21 nedrifves
745 1087 41 21 och
801 1087 7 21 i
818 1087 48 22 dess

111 1121 63 22 ställe
189 1121 102 28 uppföres
307 1124 31 18 ett
354 1124 47 25 nytt
417 1121 40 21 hus
472 1121 34 21 för
522 1121 44 22 alla
582 1121 48 28 fyra
645 1123 102 24 ständen;

177 1157 34 20 2:0
227 1159 32 18 att
280 1156 13 21 &
313 1157 91 26 sgvären
423 1156 91 21 framför
534 1156 139 21 riddarhuset
688 1156 103 28 uppföres
807 1156 59 21 invid

107 1191 201 26 Alexandersgatan
329 1192 32 19 ett
379 1190 35 21 för
432 1191 27 20 de
480 1193 32 18 tre
529 1191 78 20 ofrälse
623 1191 93 21 ständen
732 1191 70 21 afsedt
818 1190 47 23 hus,

108 1224 67 21 skildt
193 1224 55 21 ifrän
270 1224 137 21 riddarhuset
422 1225 78 21 endast
516 1231 77 21 genom
610 1228 32 18 ett
657 1225 128 21 mellanrum
801 1225 25 20 af
839 1225 28 21 50

106 1259 33 21 fot
154 1260 159 25 (motsvarande
329 1266 27 14 en
372 1259 7 20 i
395 1259 135 27 Helsingfors
551 1259 73 27 vanlig
640 1262 62 24 gatas
718 1259 76 27 bredd)
810 1262 56 18 samt

106 1293 101 22 förenadt
222 1295 48 19 med
287 1295 120 20 detsamma
422 1301 78 20 genom
516 1293 50 28 låga
581 1293 135 22 kolonnader
727 1294 53 21 eller
791 1293 75 22 täckta

105 1328 107 26 gallerier,
227 1328 93 27 löpande
335 1328 113 27 längsmed
458 1329 93 21 Riddar-
562 1329 40 20 och
614 1329 166 27 Mariegatorna,
791 1328 74 21 äfven-

106 1369 48 15 som
177 1364 32 20 att
225 1363 148 21 riddarhusets
388 1366 56 24 yttre
463 1363 69 21 skulle
551 1363 3 21 i
570 1364 42 20 den
628 1364 51 20 män
695 1363 122 27 förändras,
832 1364 33 19 att

107 1398 38 20 det
161 1396 132 22 tillsamman
309 1398 49 20 med
375 1398 35 20 det
426 1398 114 20 tilltänkta
550 1397 155 21 ständerhuset
714 1397 61 27 gäfve
785 1397 80 27 intryc-

105 1431 39 21 ket
159 1432 24 21 af
198 1438 26 14 en
240 1431 106 28 homogen
365 1432 226 27 byggnadskomplex;
