1031 1678
212 129 27 19 30

182 192 85 22 förfarit
288 193 101 26 felaktigt
412 193 30 20 uti
461 193 27 20 de
506 192 23 21 af
542 192 193 21 Advokatfiskalen
759 192 112 21 anmärkta
893 191 54 22 hän-

182 227 102 25 seenden,
300 227 6 20 i
323 227 109 21 anseende
455 227 86 20 hvartill
564 226 117 21 Hofrätten
704 225 103 28 pröfvade
829 226 117 25 rättvist,
936 221 14 36 i

182 262 49 21 stöd
248 261 22 21 af
289 261 37 21 det
349 260 48 22 utaf
418 260 193 22 Advokatfiskalen
635 260 124 28 åberopade
781 260 164 27 lagstadgande,

181 296 64 21 döma
260 295 162 28 Domkapitlets
438 295 132 22 förbemälde
587 295 130 22 ordförande
732 295 41 21 och
783 295 119 22 ledamöter
913 297 33 19 att

181 330 81 22 enhvar
284 330 52 21 böta
355 332 27 18 20
402 330 60 21 daler
484 330 48 21 med
554 332 26 19 38
596 330 62 20 mark
680 331 26 19 40
726 329 70 27 penni,
821 329 32 21 till
876 331 71 19 utsatt

181 364 128 26 fördelning.

249 394 98 31 Ändring
363 399 6 20 i
386 399 60 20 detta
469 398 71 26 utslag
560 398 74 21 söktes
657 398 22 21 af
693 398 26 21 de
735 397 97 22 sakfälde
853 397 92 21 medelst

180 432 149 27 underdåniga
345 433 86 25 besvär;
448 439 49 14 men
512 432 122 27 Kejserliga
652 432 94 21 Senaten
761 432 38 25 lät,
817 437 76 22 genom
909 433 35 18 ut-

181 467 47 26 slag
243 467 42 21 den
304 469 24 18 17
346 467 101 21 Februari
463 467 62 25 1886,
542 467 35 20 vid
593 467 129 21 Hofrättens
740 467 76 26 åtgärd
832 467 57 20 bero.

249 501 74 21 Ehuru
340 501 122 27 Kejserliga
482 501 106 22 Senatens
608 501 41 22 och
664 501 127 21 Hofrättens
807 501 113 27 yttranden
937 500 6 20 i

179 536 68 21 målet
263 536 90 21 sålunda
369 536 110 25 inneburo,
496 537 32 20 att
544 536 161 26 Domkapitlets
721 535 138 21 oftanämnda
871 535 73 26 åtgär-

181 570 44 25 der,
249 570 72 21 såvidt
341 570 26 21 de
387 570 83 21 sträckt
488 570 34 26 sig
546 569 84 22 utöfver
654 570 50 21 dess
727 569 137 27 befogenhet,
888 569 56 21 varit

180 605 100 26 olagliga,
305 604 55 21 hade
381 604 109 21 desamma
509 605 55 20 dock
578 604 48 21 icke
643 604 70 21 blifvit
728 604 145 27 uttryckligen
889 610 55 20 upp-

179 638 72 26 häfda,
277 641 51 18 utan
352 639 102 26 gvarstod
474 639 159 26 Domkapitlets
653 638 163 27 ifrågavarande
835 638 72 26 utslag
922 637 22 22 af

180 672 41 22 den
239 674 24 19 12
281 673 41 27 Maj
341 674 51 20 1881
412 673 32 21 till
453 672 49 22 hela
510 673 39 21 sitt
563 668 79 36 innehäll
659 672 132 22 fortfarande
800 672 35 21 vid
844 672 99 26 gällande

179 706 57 22 kraft
245 709 56 19 samt
314 707 100 27 utgjorde
427 707 86 21 formelt
525 707 76 21 hinder
609 706 33 22 för
651 708 102 26 Drengen
763 707 26 21 G.
797 707 40 21 och
846 707 97 21 Amanda

178 742 29 21 M.
224 743 38 24 att,
279 742 35 26 lag
330 742 39 20 och
387 742 63 21 deras
466 742 54 26 pligt
528 741 114 27 likmätigt,
651 741 108 21 fullborda
768 741 37 21 det
814 741 128 26 äktenskap,

178 776 32 20 till
227 776 83 21 hvilket
327 776 32 25 de,
378 776 29 26 pä
423 778 44 19 sätt
486 775 62 21 ofvan
568 778 93 23 nämnts,
678 776 67 21 redan
761 776 24 20 är
802 777 53 19 1879
872 774 70 22 blifvit

179 812 33 19 tre
235 810 82 26 gänger
340 810 108 27 förelysta,
473 812 51 19 utan
542 812 33 19 att
588 810 33 26 jäf
636 813 58 18 emot
718 810 61 21 deras
803 810 138 25 förbindelse,

178 850 51 15 vare
244 844 33 27 sig
293 844 22 21 af
329 844 133 22 förbemälda
481 844 138 22 Wilhelmina
638 845 25 20 K.
680 856 29 4 —
725 850 45 16 som
786 844 6 21 i
809 845 32 20 sin
857 844 41 21 den
915 846 25 19 31

177 879 43 27 Maj
246 880 55 20 1883
325 879 32 21 till
380 879 115 21 Hofrätten
514 878 80 27 afgifna
614 878 118 28 förklaring
748 880 5 20 i
770 879 66 21 mälet
855 878 87 22 förmält

177 914 34 25 sig
227 914 18 26 ej
262 913 64 21 hafva
341 914 67 26 nägot
423 915 33 20 att
471 914 93 20 invända
582 916 58 18 emot
659 914 93 20 nämnda
767 913 131 21 förbindelse
914 925 27 3 —

178 948 53 20 eller
246 947 23 21 af
283 948 70 26 nägon
369 954 70 15 annan
455 948 6 20 i
476 948 141 21 föreskrifven
633 948 92 26 ordning
740 948 99 20 anmälts.

248 982 144 21 Alldenstund
408 982 37 21 det
460 982 121 21 emellertid
597 983 6 20 i
620 982 78 21 sakens
720 982 140 21 omförmälda
879 982 62 21 skick

178 1018 73 25 syntes
275 1017 147 20 Prokuratorn
446 1017 48 21 icke
516 1017 72 20 kunna
608 1016 21 21 få
649 1017 52 21 bero
722 1016 23 21 af
758 1016 184 22 kontrahenterna

177 1051 82 27 sjelfva,
285 1051 73 21 hvilka
373 1051 65 21 redan
455 1051 5 21 i
475 1051 121 22 December
616 1051 79 21 månad
718 1053 61 24 1882,
800 1051 28 21 då
845 1051 97 22 Amanda

176 1085 40 21 M:s
232 1085 131 26 klagoskrift
379 1085 31 21 till
421 1085 309 24 Prokurators-expeditionen
741 1085 139 27 inlemnades,
892 1087 49 20 med

176 1119 123 22 hvarandra
314 1119 55 22 hade
385 1121 80 20 tvenne
480 1120 60 26 barn,
557 1120 106 21 huruvida
674 1120 62 21 detta
746 1119 21 22 af
775 1119 96 27 offentlig
882 1127 57 20 myn-

176 1154 75 27 dighet
269 1154 90 25 vållade,
379 1156 46 19 mot
443 1154 36 27 lag
498 1154 40 21 och
554 1154 109 27 sedlighet
679 1155 111 21 stridande
805 1154 135 22 förhållande

176 1189 49 20 dem
246 1188 91 21 emellan
359 1188 70 21 skulle
447 1189 22 20 tå
483 1188 91 21 fortfara
590 1189 52 21 eller
658 1189 55 25 icke,
729 1188 50 21 fann
795 1189 146 21 Prokuratorn

175 1223 34 26 sig
225 1223 61 20 såväl
303 1222 22 21 af
339 1223 32 20 sin
388 1223 140 26 embetspligt
544 1223 5 20 i
566 1223 120 21 allmänbet
701 1229 47 15 som
761 1223 23 21 af
793 1223 96 22 Amanda
900 1223 40 21 M:s

175 1257 159 22 ofvanberörda
349 1257 108 26 klagomål
473 1257 77 22 manad
567 1259 33 19 att
615 1264 25 15 ur
651 1264 30 14 nu
691 1256 128 23 framhållna
831 1258 110 27 synpunkt

175 1291 77 27 bringa
276 1291 71 21 denna
369 1291 40 21 sak
430 1292 68 21 under
518 1291 59 22 Hans
593 1291 124 28 Kejserliga
732 1291 114 27 Majestäts
863 1292 78 27 nådiga

175 1325 172 22 skärskådande.
372 1326 147 21 Prokuratorn
535 1326 122 21 hemstälde
674 1326 93 26 således,
783 1327 7 20 i
805 1327 136 26 underdånig

175 1359 114 22 skrifvelse
305 1359 23 22 af
342 1360 42 22 den
401 1362 11 19 9
429 1360 58 22 Mars
505 1362 62 24 1886,
584 1366 34 16 om
634 1360 131 27 vidtagande
781 1360 22 22 af
817 1360 68 22 sådan
896 1361 44 21 för-

174 1394 101 27 fattning,
292 1396 33 20 att
345 1394 160 28 Domkapitlets
529 1394 166 27 ifrågavarande
715 1395 93 27 utslag
800 1390 14 36 i
825 1396 26 20 de
873 1396 66 25 delar,

173 1428 62 22 hvari
251 1428 38 22 det
305 1429 18 27 ej
341 1429 123 21 tillkommit
479 1429 151 27 Domkapitlet
645 1431 34 19 att
694 1431 58 25 yttra
768 1430 39 26 sig,
818 1430 68 21 måtte
897 1429 45 22 för-
