1031 1678
777 136 26 21 19

146 200 24 24 d)
187 199 69 21 Sedan
271 199 202 26 Bankdirektionen,
490 199 68 20 under
571 199 154 26 förutsättning
735 199 32 20 att
777 199 56 20 Ban-
863 198 19 21 &
896 199 58 16 Anta-

77 234 51 21 kens
151 233 171 27 sedeltryckning
345 233 84 20 komme
449 234 33 19 att
501 232 114 22 öfverlätas
634 233 21 20 ät
670 232 124 27 Litografen
809 232 24 21 F.
841 221 61 40 gande
913 226 19 34 af
947 220 30 41 för

78 268 117 26 Tilgmann,
211 267 118 21 understält
345 267 208 26 Bankfullmäktiges
569 267 115 26 afgörande
699 268 31 19 ett
740 267 7 20 i
762 262 68 36 sådant
839 267 30 20 för
877 266 101 27 sedeltryc-

77 302 100 21 afseende
192 301 114 27 uppgjordt
320 301 80 26 förslag
416 301 33 20 till
464 301 103 20 kontrakt
582 301 47 20 med
645 301 56 20 Herr
715 300 118 27 Tilgmann,
889 291 53 16 eriet

78 338 55 19 samt
155 336 33 20 för
207 335 132 27 jemförelses
358 335 56 20 skull
434 335 96 26 delgifvit
549 335 142 25 Fullmäktige
709 340 25 15 en
750 334 85 21 afskrift

78 370 24 20 af
122 370 37 20 det
181 369 90 21 emellan
295 368 96 26 Sveriges
409 368 113 21 Riksbank
541 368 39 21 och
598 368 137 21 tillverkaren
750 368 23 21 af
786 368 48 21 dess

78 404 71 20 sedlar
175 403 97 26 gällande
298 402 108 27 kontrakt,
434 402 83 21 beslöto
540 402 195 26 Bankfullmäktige
758 402 40 20 den
821 403 13 20 2

79 438 51 21 Juni
146 437 55 21 1886
217 438 32 19 att
264 437 21 20 ät
301 437 122 26 Litografen
439 437 112 26 Tilgmann
568 436 130 21 öfverlemna
712 436 123 21 utförandet

78 472 24 20 af
122 471 103 21 Finlands
244 471 72 20 Banks
331 471 173 26 sedeltryckning
522 470 28 27 pä
565 471 26 20 de
607 471 74 24 vilkor,
697 470 138 21 förenämnda

80 505 22 22 af
116 505 143 26 Fullmäktige
275 505 46 20 med
337 504 67 27 nägra
419 505 151 26 förändringar
585 505 114 26 godkända
713 504 80 26 förslag
802 504 34 21 till

79 539 103 21 kontrakt
197 539 100 25 innehöll,
313 539 117 26 hvarjemte
446 539 145 26 Fullmäktige
602 539 152 26 bemyndigade
765 538 70 21 Bank-

81 573 134 21 direktionen
235 574 31 19 att
284 573 7 20 i
309 573 94 25 enlighet
423 573 87 20 dermed
526 573 12 20 å
553 573 102 20 Finlands
670 573 71 20 Banks
757 574 79 25 vägnar

81 607 48 22 med
144 607 55 20 Herr
215 607 111 26 Tilgmann
342 606 78 21 afsluta
436 606 106 21 definitivt
557 607 59 20 aftal.

149 641 31 20 Pä
202 641 69 26 grund
293 640 23 21 af
336 640 162 26 ifrägavarande
517 640 103 21 kontrakt
637 641 97 26 upplätes
749 641 87 20 lokalen

80 675 34 21 för
128 675 122 27 tryckeriet,
265 674 78 26 färdigt
359 674 81 25 inredd,
454 674 68 27 jemte
537 674 110 26 ledningar
662 674 33 21 för
710 681 43 20 gas,
764 676 72 19 värme

81 709 39 21 och
142 710 74 20 vatten
238 708 151 21 kostnadsfritt
412 708 22 21 af
455 708 95 26 Banken,
574 714 46 15 som
635 708 78 27 jemväl
732 709 104 21 bestrider

80 743 118 26 utgifterna
216 742 33 21 för
268 742 147 21 anskaffandet
433 742 40 21 och
492 743 166 26 uppsättningen
677 742 22 22 af
713 743 42 21 alla
770 742 66 22 erfor-

82 777 81 26 derliga
181 776 107 21 maskiner
307 776 39 21 och
365 778 115 25 apparater
496 776 108 21 äfvensom
619 776 34 21 för
667 777 109 26 ritningar,
792 783 44 15 mo-

80 811 68 21 deller
163 811 39 20 och
219 811 196 25 originalgravyrer.
441 811 103 20 Deremot
560 810 80 27 äligger
655 811 54 20 Herr
724 811 112 26 Tilgmann

81 847 32 19 att
132 845 27 27 pä
177 845 33 21 sin
228 844 118 21 bekostnad
366 844 126 21 underhälla
508 844 39 21 och
563 850 100 21 reparera
677 845 112 26 maskiner,
804 845 32 20 in-

80 880 119 25 rättningar
207 879 39 20 och
255 879 128 20 inventarier
394 881 55 18 samt
461 878 96 21 anskaffa
567 878 33 21 för
610 878 137 27 tryckningen
758 879 79 26 nödiga

81 913 136 25 materialier,
244 912 152 27 kopparplätar
424 912 38 21 och
490 912 95 26 clicheer,
612 912 71 21 hvilka
705 913 132 21 sistnämnda

81 947 61 21 skola
160 947 68 20 under
247 948 72 24 sträng
338 946 94 21 kontroll
449 946 110 21 tillverkas
574 946 31 21 uti
621 946 125 27 tryckeriets
761 947 76 20 atelier

81 981 33 21 för
136 980 176 26 galvanoplastik.
342 980 126 21 Tillsvidare
491 980 143 21 tillförsäkras
653 980 55 21 Herr
725 981 112 26 Tilgmann

82 1015 165 25 tillverkningen
263 1014 22 21 af
299 1015 41 20 fem
356 1014 72 21 marks
443 1015 75 20 sedeln
533 1014 53 21 efter
601 1014 99 21 faststäld
715 1021 28 20 ny
757 1015 80 26 ritning

81 1049 7 20 i
111 1055 25 14 en
160 1049 93 26 upplaga
276 1048 22 21 af
319 1048 114 25 2,000,000
456 1047 95 28 stycken,
574 1048 86 21 hvilken
682 1049 93 26 upplaga
797 1048 40 21 bör

81 1089 51 14 vara
157 1082 71 21 utförd
253 1082 57 21 inom
332 1082 36 20 två
390 1082 25 20 år
437 1081 55 21 efter
515 1082 126 26 tryckeriets
663 1082 129 27 upplåtande
815 1082 22 21 ät

81 1116 169 26 föreständaren,
266 1116 110 20 hvaremot
392 1115 51 21 aftal
459 1121 35 15 om
517 1115 113 21 utförande
649 1116 22 21 af
685 1122 69 15 annan
770 1116 67 21 sedel-

81 1151 94 26 upplaga
197 1150 54 21 skall
274 1150 72 21 träffas
369 1151 73 19 senast
460 1156 38 14 sex
517 1149 102 21 mänader
633 1149 45 21 före
693 1150 107 26 utgängen
816 1151 22 20 af

82 1185 65 26 sagde
162 1185 37 20 tvä
214 1184 35 21 ärs
264 1185 80 26 period.
367 1184 43 21 För
425 1184 107 26 komplett
546 1184 70 26 färdig
630 1185 121 20 levererade
766 1184 71 21 sedlar

81 1219 92 26 godtgör
191 1218 88 21 Banken
297 1218 56 21 Herr
371 1218 118 26 Tilgmann,
509 1218 34 20 för
562 1218 26 21 de
602 1219 82 20 mindre
699 1219 111 20 valörerna
825 1219 12 20 &

82 1254 20 24 5,
119 1253 27 20 10
165 1252 38 21 och
223 1253 28 20 20
266 1253 66 25 mark,
348 1252 99 21 försedde
463 1252 47 20 med
528 1252 90 26 löpande
632 1249 97 24 nummer
744 1252 39 21 och
799 1258 38 15 un-

82 1286 132 26 derskrifter,
233 1286 24 21 af
274 1287 71 20 hvilka
362 1286 83 21 valörer
463 1286 13 21 6
496 1286 13 21 &
528 1286 12 21 8
557 1286 88 27 stycken
660 1293 37 20 per
712 1286 38 21 ark
765 1286 73 21 kunna

81 1320 93 28 tryckas,
197 1321 48 20 med
267 1320 43 21 fem
331 1320 60 21 mark
414 1320 33 21 för
470 1320 84 21 hundra
577 1320 94 26 stycken,
694 1320 39 21 och
755 1320 34 21 för
811 1320 26 21 de

81 1355 67 25 högre
166 1354 119 24 valörerna,
305 1354 99 21 försedde
422 1354 48 20 med
486 1354 92 26 löpande
594 1360 102 19 nummer,
713 1354 26 20 dä
753 1354 14 20 4
782 1355 56 25 styc-

81 1389 41 20 ken
141 1394 38 20 per
195 1388 39 20 ark
252 1388 73 20 kunna
339 1388 92 26 tryckas,
447 1388 50 20 med
512 1388 33 26 sju
560 1387 61 21 mark
635 1387 73 21 femtio
724 1387 64 27 penni
802 1386 34 21 för

81 1422 84 22 hundra
187 1422 95 26 stycken,
305 1422 40 21 och
364 1422 27 20 dä
410 1422 76 20 endast
505 1422 36 20 tvä
556 1421 87 27 stycken
659 1428 38 20 per
712 1422 39 20 ark
765 1420 73 22 kunna
