1031 1678
202 137 12 18 4
474 135 22 18 U.
508 135 21 17 B.
542 135 92 18 XXXVII.

180 200 42 21 gas
237 193 40 20 till
292 194 28 20 30
335 191 108 29 miljoner
457 191 72 28 mark,
546 198 50 14 som
612 191 73 27 detta,
701 190 74 28 enligt
790 189 63 22 hvad
869 189 71 22 ofvan

179 226 148 27 framhällits,
342 225 56 22 fullt
412 226 219 21 öfverensstämmer
646 224 53 21 med
714 231 32 14 nu
757 223 109 29 gällande
876 223 63 29 prin-

181 261 36 28 cip
234 261 39 20 för
288 259 110 22 Bankens
414 259 186 28 sedelutgifning
617 258 44 21 och
673 265 48 14 som
733 257 134 29 derigenom
878 257 62 21 Ban-

181 295 57 20 kens
255 293 104 22 soliditet
375 293 21 28 ej
417 293 3 21 i
436 293 86 21 minsta
536 293 55 20 män
606 292 132 27 riskeras.*)

250 339 37 21 Dä
302 345 54 14 man
376 338 43 21 hos
439 337 240 28 bankförvaltningen
702 337 73 21 mäste
793 337 80 21 kunna
893 336 47 20 för-

181 374 90 20 utsätta
293 372 44 21 den
357 372 109 21 omtanke
489 371 43 21 och
555 371 153 28 försigtighet
731 372 34 19 att
788 370 47 21 hon
858 369 83 22 endast

181 407 9 21 i
216 406 62 21 tider
304 405 26 22 af
352 405 84 28 högsta
463 405 116 28 trångmål
610 405 60 20 skall
696 404 89 28 nödgas
811 404 48 21 låta
884 404 57 20 ban-

182 441 57 20 kens
270 439 292 28 sedelemissionsförmäga
591 439 80 28 uppnå
701 438 39 21 det
765 438 26 21 af
819 438 123 21 Utskottet

182 474 135 27 föreslagna
345 473 136 27 maximum,
508 480 69 21 synes
608 472 39 21 det
676 479 56 14 vara
761 472 72 27 nägot
862 471 79 21 konst-

182 508 51 21 ladt
259 509 36 19 att
321 507 36 21 för
383 507 171 21 sedelstockens
581 506 89 21 storlek
695 506 75 21 såsom
795 505 146 28 lagbestämd

183 541 65 28 regel
271 541 116 21 fastställa
407 543 34 18 ett
458 541 132 26 maximum,
608 547 49 14 som
679 539 74 22 likväl
772 539 9 21 i
798 539 143 28 undantags-

183 575 44 22 fall
253 575 63 28 finge
342 575 162 21 öfverskridas.
543 575 49 21 Och
618 575 20 28 ej
666 575 73 20 heller
761 573 118 22 förefaller
902 573 40 22 det

183 609 140 22 välbetänkt
341 611 34 19 att
395 616 28 13 en
442 609 71 20 sädan
533 610 116 26 temporär
668 608 88 28 ökning
775 608 26 21 af
817 607 125 22 sedelstoc-

184 643 46 21 ken
246 643 77 21 skulle
341 646 68 25 göras
429 642 115 21 beroende
560 643 26 20 af
603 642 101 21 särskild
720 642 109 21 anhällan
843 642 42 21 hos
901 642 40 21 Se-

184 679 78 19 naten.
289 677 36 27 Ty
340 678 65 19 utom
421 678 35 20 att
474 676 75 21 denna
566 676 149 28 bestämning
733 676 112 28 möjligen
862 676 78 21 kunde

185 711 93 21 komma
301 712 35 19 att
359 710 72 28 skapa
449 710 127 21 ledsamma
594 710 126 22 konflikter
738 710 87 21 mellan
839 710 102 28 regerin-

185 753 46 20 gen
247 744 44 22 och
306 744 104 22 bankens
427 744 103 28 styrelse,
547 744 76 21 skulle
639 744 132 21 densamma
786 744 77 21 lemna
877 752 65 20 rege-

185 780 84 27 ringen
292 781 34 19 ett
347 778 131 28 inflytande
499 779 30 27 pä
552 778 105 22 bankens
680 778 151 28 förvaltning,
851 778 91 22 hvilket

185 814 57 27 föga
261 813 206 21 öfverenstämmer
489 812 53 22 med
564 813 165 27 reglementets
752 812 60 22 anda
835 812 43 21 och
896 820 46 14 me-

185 847 65 28 ning.
281 847 55 21 Men
351 846 139 22 framförallt
508 846 79 22 kunde
608 854 29 14 en
655 846 72 22 sädan
745 846 110 22 anhällan
869 846 72 28 ingif-

185 888 31 14 va
235 888 29 14 en
288 880 37 22 del
344 880 26 21 af
387 880 157 22 allmänheten
563 882 9 20 i
590 882 54 26 eget
662 880 56 22 land
741 881 42 21 och
806 880 136 28 isynnerhet

185 915 46 21 den
247 914 54 22 med
315 915 56 21 vära
387 914 164 22 förhällanden
571 915 116 21 obekanta
703 914 166 22 affärsverlden
883 915 8 21 i
906 916 36 20 ut-

185 949 82 21 landet
291 956 29 14 en
343 948 113 29 oförtjent
477 949 93 21 misstro
594 949 37 21 till
654 948 103 22 bankens
780 949 104 27 förmäga
908 950 35 20 att

185 983 104 28 fullgöra
305 983 50 21 sina
370 983 160 27 förbindelser,
548 982 43 22 och
610 982 99 22 sälunda
727 982 104 28 skadligt
845 983 97 21 inverka

185 1017 30 28 pä
231 1017 53 20 dess
303 1017 84 21 kredit.
418 1017 122 22 Utskottet
562 1024 68 13 anser
649 1016 36 21 för
705 1016 44 21 den
765 1016 62 21 skull
843 1016 99 21 sedelut-

184 1051 186 28 gifningsrätten
389 1051 8 20 i
416 1051 53 21 hela
488 1051 52 21 dess
559 1050 95 28 omfång
673 1051 62 26 böra,
755 1051 75 20 såsom
849 1050 93 27 hittills,

185 1085 114 21 förblifva
311 1085 129 21 oberoende
452 1085 26 22 af
487 1085 99 21 särskild
604 1085 110 21 anhållan
730 1085 43 21 hos
786 1085 156 28 Regeringen.

255 1131 66 21 Inom
341 1131 123 22 Utskottet
481 1131 42 21 har
542 1131 9 21 i
570 1131 76 21 denna
664 1131 67 28 fråga
746 1131 127 20 framstälts
886 1130 57 29 jem-

184 1165 41 20 väl
248 1167 35 18 ett
306 1167 71 18 annat
400 1165 93 28 förslag,
516 1165 74 28 enligt
616 1165 92 21 hvilket
733 1165 80 20 trettio
836 1164 108 29 miljoner

185 1199 67 21 mark
267 1199 139 28 visserligen
426 1199 75 21 skulle
522 1199 137 21 bestämmas
676 1199 75 20 säsom
766 1199 125 20 maximum
906 1199 38 20 för

185 1233 126 21 skilnaden
333 1233 87 21 mellan
443 1233 104 21 bankens
570 1233 133 21 metalliska
725 1232 80 21 valuta
827 1232 43 21 och
891 1231 52 22 dess

186 1266 256 28 sedelutgitningsrätt,
462 1274 51 13 men
536 1267 92 20 hvilket
654 1266 89 28 förslag
765 1266 73 21 likväl
863 1266 81 28 skiljer

186 1300 36 28 sig
241 1301 53 20 frän
314 1300 39 21 det
375 1301 27 20 af
421 1301 133 22 Utskottets
573 1300 122 29 pluralitet
713 1300 129 21 omfattade
861 1299 82 28 deruti,

255 1380 18 22 *)
289 1380 8 17 I
313 1379 52 23 fråga
384 1385 29 12 om
431 1380 84 18 bankens
534 1380 146 22 sedelutgifning
696 1379 86 17 hänvisas
797 1379 30 17 till
844 1378 22 18 de
879 1379 65 17 betän-

185 1408 73 17 kandet
271 1408 98 22 vidfogade
383 1408 105 18 tabellerna
500 1409 11 17 &
524 1408 46 18 sidd.
585 1408 21 18 17
619 1408 34 18 och
666 1408 28 17 18.

256 1448 138 16 Bankutskottets
406 1448 104 17 betänkande
522 1448 35 16 N:o
570 1448 17 16 3.
