1031 1678
235 121 26 20 14
471 120 19 23 U.
507 120 18 23 B.
544 133 25 2 —
587 119 120 24 111-—XXXVI.

275 181 152 22 Kostnaderna
450 182 33 22 för
506 182 114 22 tullverket
642 182 64 22 hafva
728 181 46 22 frän
796 188 55 21 resp.
867 182 100 25 959,231:

207 216 27 21 99
265 215 41 22 och
329 216 99 27 996,650:
456 217 26 21 35
513 216 69 22 under
605 217 52 21 åren
684 216 56 22 1883
764 216 39 21 och
829 217 55 21 1884
910 216 58 27 stigit

203 249 34 22 till
261 250 119 27 1,818,713:
407 251 26 20 51
450 251 32 21 för
511 251 24 21 är
551 251 62 24 1885,
639 250 86 22 hvilken
748 249 107 28 betydliga
873 250 95 27 stegring

205 283 66 22 delvis
295 283 71 22 berott
388 285 28 26 pä
436 285 64 27 inköp
515 285 23 21 af
551 291 41 21 nya
607 284 117 28 tullfartyg,
749 283 65 22 delvis
836 283 132 23 framkallats

205 317 22 21 af
251 323 26 15 en
302 324 76 20 genom
404 318 56 27 Kejs.
491 319 142 26 kungörelsen
659 319 42 20 den
725 319 28 20 23
777 317 50 22 Juni
853 318 55 21 1885
938 318 30 21 in-

205 350 47 22 förd
281 351 123 27 förändring
432 352 6 21 i
468 354 65 20 sättet
558 352 32 22 för
619 352 222 27 tulltjenstemännens
869 351 98 27 aflöning.

205 385 11 21 I
237 384 53 27 följd
316 385 21 22 af
361 386 40 20 den
428 386 94 27 antydda
549 386 158 26 förändringen,
736 386 33 21 för
793 386 84 21 hvilken
907 385 61 22 äfven

205 419 115 26 redogöres
341 418 8 21 i
369 419 42 21 den
437 419 22 22 af
482 419 78 22 Finans
582 419 167 28 Expeditionens
772 419 66 22 första
862 419 107 27 afdelning

205 452 33 22 till
261 452 121 22 Ständerna
405 453 116 22 aflemnade
543 453 122 26 berättelse,
685 453 40 22 har
741 453 40 22 den
797 453 104 22 tillförene
916 459 53 21 upp-

205 486 69 22 burna
300 486 60 23 lösen
387 487 33 22 för
447 487 97 22 frisedlar
569 487 116 27 afskaffats,
711 487 90 22 likasom
825 487 143 27 sigillpennin-

205 526 67 21 garna
295 521 40 21 och
356 521 7 21 i
385 521 56 22 vissa
462 521 38 22 fall
522 521 62 22 äfven
603 521 244 28 bevakningsafgifterna
862 521 104 27 upphört;

206 554 42 22 den
263 555 67 27 enligt
344 555 58 27 Kejs.
418 555 82 22 brefvet
515 557 41 20 den
573 557 9 19 1
600 555 99 22 Oktober
715 556 54 21 1845
785 555 32 22 till
831 555 82 22 förmån
936 555 33 22 för

206 588 184 23 tullanstalternas
414 589 126 27 tjenstemän
559 589 40 23 och
614 589 96 28 betjente
725 589 106 28 utgående
845 591 89 25 procent
948 589 23 22 af

206 623 165 27 tulluppbörden
394 623 40 22 har
455 624 93 27 frångått
570 623 99 22 bemälde
683 623 128 28 tjenstemän
825 625 56 20 samt
896 623 41 22 den
952 629 16 16 s.

206 657 21 21 k.
251 657 200 27 nederlagsafgiften
474 658 80 26 tillagts
576 658 93 25 kronan;
690 657 40 22 och
753 657 98 27 slutligen
873 657 40 22 har
928 657 41 22 den

207 690 35 22 vid
257 690 82 28 fartygs
353 690 31 22 in-
400 691 39 21 och
450 691 131 27 utklarering
591 691 169 27 uppdebiterade
771 690 198 28 expeditionsafgift,

206 731 46 15 som
267 724 45 22 förr
327 724 114 22 oafkortad
456 725 70 22 tillföll
541 725 162 22 föreståndaren
718 725 33 22 för
761 725 40 21 den
813 725 155 27 tullkammare,

208 758 38 22 der
264 758 123 22 densamma
402 759 100 27 uppbars,
517 759 103 22 bestämts
635 761 33 20 att
683 759 92 22 fördelas
791 759 77 21 mellan
883 760 86 26 tjenste-

207 794 92 20 männen
323 793 39 21 och
385 792 95 28 betjente
501 793 35 22 vid
558 793 84 22 landets
657 793 100 27 samtliga
772 793 143 22 tullanstalter
930 793 39 22 och

207 826 106 22 tullbåtar
328 826 7 22 i
350 826 132 23 förhållande
496 827 33 21 till
544 827 90 22 enhvars
651 827 107 22 ordinarie
773 827 42 21 lön.
845 826 125 22 Emellertid

207 860 40 22 har
269 860 60 22 detta
351 861 127 22 förändrade
501 861 146 27 aflöningssätt
667 863 56 19 samt
739 861 36 21 det
789 860 58 22 antal
861 867 42 21 nya
917 861 53 27 tjen-

207 896 50 25 ster,
273 901 46 15 som
335 895 32 21 för
382 895 132 22 kontrollens
530 896 119 26 skärpande
665 895 110 27 samtidigt
790 895 123 27 inrättades,
934 901 36 16 en-

207 928 39 27 ligt
261 928 80 22 Finans
356 929 167 27 Expeditionens
538 935 49 22 nyss
602 929 123 28 åberopade
742 928 115 22 berättelse
879 929 91 22 förorsa-

207 962 38 22 kat
260 964 71 20 staten
347 969 25 15 en
389 963 95 27 stegring
494 963 7 21 i
512 964 48 21 dess
569 964 67 26 årliga
644 963 89 27 utgifter
743 963 48 21 med
801 963 90 27 112,500
902 963 67 22 mark.

277 997 47 21 Den
340 996 79 22 reform
434 997 32 21 uti
481 997 176 27 aflöningssättet,
673 997 86 22 hvilken
773 997 90 22 sålunda
877 997 93 22 infördes

207 1036 77 21 genom
299 1031 58 26 Kejs.
373 1031 141 27 kungörelsen
530 1031 41 22 den
586 1032 28 21 23
628 1031 53 22 Juni
698 1031 62 26 1885,
775 1037 63 21 synes
859 1030 112 23 Utskottet

207 1064 64 23 hafva
294 1065 55 21 varit
371 1065 135 27 synnerligen
528 1065 175 27 ändamålsenlig,
727 1065 45 22 dels
791 1064 88 22 emedan
894 1071 76 20 genom

207 1099 42 21 den
271 1098 125 22 förenklade
420 1099 125 28 uppbörden
568 1105 27 16 en
616 1099 96 28 betydlig
731 1099 84 22 lättnad
829 1098 141 28 åvägabragts

207 1132 33 22 för
262 1132 162 25 trafikanterna,
447 1133 45 22 dels
515 1133 88 22 emedan
625 1133 150 27 fördelningen
794 1132 23 23 af
830 1132 140 28 expeditions-

208 1166 87 27 afgiften
318 1167 78 21 mellan
419 1167 42 22 alla
479 1167 127 28 tjenstemän
622 1167 93 22 medfört
730 1173 26 16 en
769 1167 96 27 jemnare
879 1166 93 28 aflöning

207 1202 27 20 än
257 1200 50 22 förr.
338 1201 50 21 Men
412 1201 96 22 deremot
530 1201 40 22 har
591 1201 58 22 inom
672 1201 113 22 Utskottet
799 1200 122 27 ifrågasatts
936 1207 35 16 om

208 1235 69 21 denna
293 1235 78 22 reform
388 1235 50 22 med
452 1235 157 27 nödvändighet
623 1235 58 22 hade
696 1235 105 22 erfordrat
816 1235 24 21 så
849 1236 60 20 stora
919 1241 53 21 upp-

208 1268 101 28 offringar
331 1269 46 21 från
400 1271 82 20 statens
504 1269 52 28 sida,
579 1276 46 15 som
648 1275 30 16 nu
700 1269 56 22 varit
777 1268 65 22 fallet.
873 1269 34 22 Då
921 1268 51 23 flere

207 1303 94 26 sportler
323 1303 134 28 afskaffades,
480 1310 38 15 var
540 1304 36 21 det
592 1303 33 22 väl
640 1303 108 28 sjelffallet
763 1305 32 20 att
810 1303 69 26 någon
895 1303 77 27 förhöj-

207 1337 51 26 ning
280 1337 7 21 i
311 1337 26 22 de
359 1339 13 19 å
395 1339 44 20 stat
459 1340 107 25 upptagna
580 1337 187 22 löneförmånerna
781 1337 68 21 skulle
864 1342 39 22 ega
918 1343 54 18 rum,

209 1371 55 21 dock
279 1371 54 22 hade
348 1372 82 22 kanske
446 1372 60 22 äfven
522 1372 48 21 med
586 1378 26 15 en
627 1372 84 21 mindre
721 1371 94 27 stegring
825 1370 80 23 sådana
915 1371 58 21 löne-

209 1405 71 23 vilkor
295 1406 88 26 ernåtts,
400 1408 34 20 att
448 1406 181 27 tjenstemännens
644 1406 141 22 ekonomiska
795 1404 100 27 ställning
905 1404 69 22 skulle

208 1438 83 24 kunnat
314 1446 61 17 anses
398 1440 48 22 fullt
462 1440 123 28 betryggad,
601 1440 63 22 äfven
680 1446 35 16 om
730 1440 82 28 hänsyn
828 1441 59 25 tages
903 1438 70 22 dertill

283 1480 155 18 Statsutskottets
450 1480 116 18 betänkande
578 1482 35 15 N:o
626 1480 18 18 8.
