1031 1678
804 119 39 22 101

183 180 41 21 Vid
247 180 192 27 handläggningen
462 180 24 21 af
507 181 61 21 detta
590 181 81 21 ärende
687 181 40 22 har
742 181 133 22 Riddarhus-

114 215 143 26 direktionen,
274 215 49 21 med
338 215 84 27 hänsyn
442 215 33 21 till
490 215 27 21 de
533 215 25 21 af
571 215 164 28 Riddarskapet
749 215 41 22 och
805 215 70 22 Adeln

113 249 34 22 för
163 249 150 22 riddarhusets
332 249 128 28 försäljning
480 249 120 28 uppstälda
615 249 41 22 och
672 250 32 21 uti
720 250 154 27 protokollsut-

114 285 53 26 drag
183 283 34 22 för
237 285 42 20 den
298 284 27 21 22
341 283 42 28 Maj
403 284 55 21 1885
473 283 144 22 Direktionen
633 284 98 27 delgifna
745 285 75 26 vilkor,
836 291 39 15 an-

114 321 43 19 sett
171 319 33 26 sig
222 319 79 20 endast
317 319 69 20 under
401 318 97 28 följande
514 318 185 28 förutsättningar
715 326 40 20 ega
771 319 102 27 rättighet

114 354 33 20 att
163 353 34 21 för
211 352 129 22 utförandet
355 352 25 22 af
394 353 36 20 det
446 352 32 22 uti
494 355 120 19 momentet
629 353 14 21 2
654 352 144 22 omförmälda
809 353 66 28 bygg-

114 386 137 28 nadsförslag
274 386 81 27 afyttra
377 386 138 22 riddarhuset
539 387 41 21 och
603 388 42 20 den
669 389 62 24 tomt,
747 387 66 22 hvarå
829 388 46 21 det-

114 427 83 15 samma
213 422 24 20 är
253 420 111 28 uppfördt,
380 421 120 27 nemligen:

184 457 32 19 att
240 455 149 22 riddarhusets
411 455 119 22 framfasad
553 455 48 22 icke
622 456 109 27 undergår
752 457 70 26 någon
839 457 36 20 vä-

115 489 79 27 sentlig
209 490 107 27 ändring
306 485 15 36 :

184 527 33 18 att
239 524 112 22 afståndet
373 524 93 21 emellan
488 525 27 20 de
531 524 58 21 båda
604 524 76 26 husen,
697 524 34 22 för
745 527 33 19 att
793 525 82 21 riddar-

115 559 75 21 husets
213 559 120 21 framfasad
356 559 18 27 ej
400 559 67 21 måtte
486 559 25 21 af
530 559 41 21 den
588 565 42 21 nya
644 559 129 28 byggnaden
789 560 86 21 undan-

115 593 115 28 skymmas,
246 594 7 20 i
269 593 126 27 sträckning
410 593 48 22 från
475 600 51 15 norr
541 593 33 21 till
590 594 64 21 söder
669 593 77 22 blifver
761 594 65 21 minst
843 594 30 27 fy-

115 629 56 20 ratio
187 628 74 27 alnar;

183 665 33 19 att
232 663 37 21 det
285 669 42 21 nya
342 662 64 21 huset
421 662 7 20 i
444 662 52 28 höjd
516 662 48 21 icke
580 662 97 22 kommer
693 665 33 19 att
741 663 134 27 öfverskjuta

115 697 149 21 riddarhusets
280 697 55 21 krön
350 696 41 22 och
406 696 82 22 utföres
504 697 6 21 i
526 704 27 14 en
569 696 43 28 stil.
628 704 46 14 som
684 696 56 22 låter
750 697 49 21 hela
810 698 65 26 bygg-

115 731 186 28 nadskomplexen
317 731 91 21 framstå
423 732 71 20 såsom
510 733 32 19 ett
555 731 137 21 harmoniskt
708 731 55 27 helt;
781 734 56 18 samt

184 768 33 20 att
240 767 42 20 den
303 772 42 21 nya
360 765 140 28 byggnadens
517 766 120 21 framfasad
652 766 77 21 varder
744 767 57 20 vänd
817 768 58 19 emot

115 802 42 20 den
179 800 92 22 framför
293 800 139 21 riddarhuset
454 800 101 22 lemnade
578 801 75 27 öppna
668 800 91 28 platsen,
776 800 96 22 derifrån

115 836 37 21 det
164 834 81 29 jemväl
261 835 39 21 bör
316 834 82 22 erhålla
414 834 33 22 sin
462 834 172 28 hufvudingång.

183 870 10 20 I
216 869 55 28 följd
293 869 25 21 af
330 870 64 20 dessa
413 869 107 21 förbehåll
536 869 40 21 och
592 870 28 20 då
636 869 144 28 nyssberörda
794 868 81 28 förslag

115 904 32 21 uti
163 905 38 20 det
215 904 146 25 betänkande,
377 911 46 14 som
438 904 8 21 i
462 905 73 20 ämnet
551 904 97 27 afgifvits
663 904 25 22 af
701 905 42 20 den
758 904 59 21 inom
833 904 42 21 De-

115 938 125 28 legationen
259 938 94 22 tillsatta
373 938 177 26 kommissionen,
567 938 49 22 icke
630 938 123 22 innehåller
769 939 41 20 den
826 939 49 20 när-

115 980 60 14 mare
198 973 131 28 detaljering
352 973 25 21 af
393 972 201 28 byggnadsplanen,
610 980 46 14 som
677 980 50 15 vore
749 973 127 27 erforderlig

115 1007 34 22 för
164 1007 137 22 bedömande
316 1007 25 22 af
353 1014 35 15 om
403 1007 158 28 Delegationen
577 1007 83 28 åsyftar
675 1008 53 21 eller
744 1014 50 15 vore
809 1007 7 21 i
832 1007 43 21 till-

116 1041 53 22 fälle
191 1044 33 19 att
247 1042 117 27 behörigen
386 1042 115 27 tillgodose
525 1043 63 20 dessa
608 1042 25 21 af
645 1042 174 27 Ridderskapets
836 1041 40 22 och

117 1076 81 21 Adelns
214 1077 71 21 beslut
301 1076 116 27 betingade
432 1076 132 27 fordringar,
576 1077 43 21 kan
630 1077 143 21 Direktionen
785 1076 33 21 för
828 1077 49 20 när-

116 1111 96 21 varande
235 1111 48 21 icke
306 1111 51 27 ingå
375 1111 8 21 i
402 1111 75 27 slutlig
492 1111 103 28 pröfning
611 1111 25 21 af
649 1111 77 28 frågan
743 1118 35 14 om
793 1111 85 21 riddar-

116 1145 75 22 husets
214 1145 121 26 afstående,
352 1145 33 21 för
408 1145 64 22 hvars
491 1145 127 28 afgörande,
634 1146 71 21 såvidt
722 1147 60 20 detta
797 1145 29 28 på
840 1145 37 21 Di-

117 1179 114 22 rektionen
255 1179 133 26 ankommer,
404 1180 143 21 Direktionen
570 1180 64 21 aktar
657 1181 76 27 nödigt
753 1182 32 19 att
800 1187 79 20 genom

117 1214 78 21 eskiss-
211 1215 40 20 och
267 1214 161 28 planritningar
443 1215 59 22 öfver
518 1216 37 21 det
566 1214 127 23 tillämnade
704 1214 174 22 treståndshuset

114 1249 69 26 jemte
199 1249 86 28 uppgift
301 1250 13 20 å
329 1250 48 21 dess
394 1250 146 21 dimensioner
556 1250 40 21 och
611 1250 49 27 läge
677 1250 65 21 vinna
752 1249 80 22 visshet
843 1256 35 15 om

117 1282 168 29 ifrågavarande
300 1283 81 28 förslag
397 1284 43 21 kan
456 1284 25 21 af
494 1284 143 22 Direktionen
653 1284 135 27 godkännas.

186 1318 173 22 Vidkommande
379 1319 67 22 sedan
463 1320 37 21 det
515 1320 70 20 under
600 1321 119 19 momentet
734 1319 13 21 3
764 1320 115 26 upptagna

118 1352 87 28 förslag,
221 1359 64 15 anser
302 1352 150 27 Direktionen,
469 1353 7 21 i
497 1353 103 21 händelse
616 1354 61 20 detta
691 1352 71 22 blefve
777 1352 25 22 af
814 1352 66 21 Dele-

118 1386 104 28 gationen
238 1387 123 26 omfattadt,
378 1387 32 27 sig
425 1387 48 22 icke
489 1387 69 22 heller
574 1387 75 22 kunna
665 1387 74 21 skrida
749 1386 34 22 till
795 1386 85 28 försälj-

118 1421 53 27 ning
186 1421 25 21 af
225 1421 146 27 riddarhuset,
387 1423 67 21 innan
470 1422 144 22 Direktionen
628 1422 26 21 af
662 1422 103 27 behöriga
776 1421 105 27 ritningar
