1031 1678
214 123 29 21 40

192 185 27 21 19
227 185 44 21 Juli
281 185 61 26 1859,
352 185 84 20 hvilken
451 185 125 26 författning
585 185 117 26 ingalunda
715 191 50 14 vore
774 184 101 27 upphäfd,
889 185 61 20 hvar-

191 219 42 21 ken
248 225 76 20 genom
343 219 140 21 förenämnda
498 219 125 26 förordning
638 219 23 21 af
676 219 41 21 den
733 219 13 20 9
761 219 117 20 December
895 219 54 21 1867

192 253 53 21 eller
261 259 76 14 senare
353 253 112 20 tillkomna
484 253 144 26 reglementen
645 253 33 21 för
693 253 102 21 Finlands
811 253 67 25 Bank,
895 253 55 20 före-

192 287 92 21 skrifves
299 287 31 20 uti
351 287 93 26 punkten
460 287 14 21 5
489 289 32 18 att
537 287 99 26 beloppet
652 287 23 21 af
689 287 40 20 den
746 286 97 27 aflöning,
859 293 44 14 som
920 287 30 20 vi-

192 321 128 21 karierande
336 321 127 26 tjensteman
478 321 35 20 vid
530 323 31 19 ett
576 321 96 21 embetes
687 321 96 25 ledighet
797 321 58 25 må,
845 316 12 36 i
871 320 79 20 förhäl-

192 355 64 21 lande
279 354 33 21 till
331 354 187 27 pensionskassan,
538 355 21 21 få
578 355 89 26 åtnjuta,
683 355 56 21 skall
758 354 33 21 för
807 354 71 27 hvarje
894 354 56 26 gång

192 389 131 21 bestämmas
339 388 23 21 af
376 388 60 21 Hans
451 389 122 26 Kejserliga
589 389 102 26 Majestät
707 389 53 20 eller
779 388 118 26 Kejserliga
913 388 37 21 Se-

193 425 70 23 naten,
280 423 24 20 så
323 425 72 24 syntes
418 423 62 20 deraf
501 423 174 26 ovedersägligen
696 422 83 27 framgå
798 424 31 19 att
848 429 25 14 en
893 422 57 27 dylik

193 456 195 26 maktbefogenhet,
404 457 137 26 hvarigenom
562 457 191 26 pensionskassans
769 458 44 19 rätt
828 457 70 20 kunde
915 458 35 19 vä-

193 491 105 25 sentligen
313 491 126 25 förnärmas,
456 491 45 21 icke
522 491 68 21 blifvit
609 491 22 21 ät
646 491 197 26 Bankfullmäktige
859 490 91 21 öfverlä-

193 527 42 18 ten.
259 524 38 21 Att
307 525 68 26 nägon
387 525 114 20 förändrad
512 525 90 26 ordning
617 525 7 20 i
640 525 69 21 denna
725 525 33 20 del
776 525 45 20 icke
837 525 66 20 heller
918 524 32 20 in-

193 559 55 21 förts
264 565 75 20 genom
359 559 42 20 den
420 559 184 26 ofvanäberopade
620 559 79 26 nädiga
714 559 142 26 kungörelsen
873 558 22 21 af
910 558 40 21 den

194 594 26 21 31
237 593 92 26 Augusti
346 593 62 26 1876,
424 593 103 26 framgick
550 593 46 21 äter
614 593 63 21 deraf
695 595 33 18 att
747 593 48 20 dess
811 593 13 20 3
840 599 61 14 mom.
919 594 32 19 ut-

193 627 119 27 tryckligen
332 627 100 26 innehöll,
448 629 32 19 att
500 627 40 21 den
560 628 6 19 i
586 627 73 26 hvarje
675 627 39 20 fall
730 627 77 26 nödiga
824 627 127 20 bestämnin-

194 667 41 20 gen
254 661 125 20 ankommer
398 661 12 20 &
430 661 58 20 Hans
504 661 122 26 Kejserliga
640 661 109 26 Majestät,
766 661 55 20 Dess
838 661 65 20 Senat
919 660 33 20 för

194 694 92 21 Finland
302 694 53 21 eller
373 701 69 14 annan
463 695 159 21 vederbörande
642 694 214 27 embetsmyndighet,
872 700 80 20 uppen-

194 728 97 26 barligen
309 729 129 25 alternativt,
448 729 39 20 allt
503 729 53 21 efter
572 735 44 15 som
629 729 96 21 vikarien
743 729 6 20 i
765 728 61 26 fräga
841 730 58 19 utses
916 734 36 15 an-

195 763 72 26 tingen
283 762 22 21 af
319 762 60 21 Hans
395 763 118 26 Kejserliga
529 762 107 27 Majestät,
649 763 93 21 Senaten
758 762 53 21 eller
826 768 68 15 annan
910 768 42 15 em-

195 796 180 27 betsmyndighet.
406 797 167 21 Vidkommande
596 797 46 21 åter
666 796 207 22 Bankdirektionens
897 798 55 19 utta-

195 831 64 20 lande
278 831 73 20 derom
370 832 32 19 att
421 831 112 21 Allmänna
551 831 185 21 Revisionsrätten
756 830 45 21 icke
824 836 50 15 vore
894 830 58 21 befo-

195 864 43 27 gad
261 866 31 19 att
310 864 32 20 till
362 864 117 26 afgörande
498 867 92 24 upptaga
608 865 164 27 ifrägavarande
791 864 160 27 anmärknings-

196 899 49 26 mäl,
265 899 39 20 har
323 899 23 21 af
367 899 142 21 Kamreraren
527 899 157 21 Nordenskiöld
705 899 129 21 framhällits
853 899 99 21 hurusom

197 933 26 21 de
239 932 23 21 af
275 932 196 22 Bankdirektionen
488 933 116 21 aflemnade
619 933 189 26 redovisningarne
819 933 60 21 öfver
889 933 64 21 enke-

197 967 39 21 och
259 966 157 27 pupillkassans
439 967 117 21 inkomster
577 974 50 14 vore
647 969 31 19 att
697 967 107 21 likställas
824 967 47 20 med
887 967 66 20 andra

196 1000 159 27 myndigheters
374 1000 115 28 enahanda!
505 1002 113 25 räkningar
633 1004 56 18 samt
705 1003 32 18 att
752 1001 133 26 följaktligen
899 1001 54 26 jem-

196 1035 33 20 väl
249 1034 148 21 förstnämnda
416 1035 160 26 redovisningar
595 1035 70 21 kunde
681 1035 68 21 blifva
764 1035 88 20 föremål
869 1035 32 20 för
917 1041 36 14 an-

196 1069 137 26 märkningar
348 1069 47 21 frän
412 1069 89 21 kassans
517 1069 52 26 sida,
580 1069 73 21 hvilka
662 1069 68 26 jemte
747 1069 86 20 dermed
849 1075 105 14 samman-

195 1103 112 26 hängande
326 1103 139 28 tvistefrägor
484 1103 66 21 borde
569 1104 32 20 till
621 1104 116 20 Allmänna
760 1103 193 22 Revisionsrättens

195 1137 128 22 afdömande
340 1138 148 23 öfverlemnas.

265 1173 70 21 Sedan
349 1173 79 27 jemväl
444 1173 205 28 Bankfullmäktiges
665 1175 101 26 yttrande
777 1174 6 21 i
795 1174 64 21 saken
876 1174 22 21 af
909 1174 45 21 All-

197 1209 76 20 männä
295 1207 183 22 Revisionsrätten
503 1209 120 26 infordrats,
646 1209 64 21 hafva
730 1209 142 25 Fullmäktige
896 1209 5 20 i
921 1208 33 20 sä-

197 1242 51 21 dant
267 1241 102 22 afseende
389 1242 29 21 uti
438 1242 113 21 skrifvelse
566 1243 32 21 för
614 1243 39 21 den
670 1243 28 21 29
714 1243 90 20 Januari
821 1242 54 21 1885
890 1242 64 21 fram-

196 1275 61 21 hällit
273 1277 38 24 att,
327 1276 75 26 ehuru,
418 1277 67 26 enligt
500 1277 11 27 $
528 1278 25 21 77
570 1278 5 19 i
592 1277 98 26 gällande
712 1277 130 26 reglemente
858 1275 32 21 för
905 1276 50 21 Fiu-

196 1309 61 22 lands
272 1310 68 25 Bank,
352 1310 121 27 Kejserliga
485 1311 102 21 Senatens
598 1312 285 25 Ekonomie-Departement
897 1317 58 20 eger,

196 1343 27 27 pä
245 1343 208 27 Bankfullmäktiges
477 1344 163 27 framställning,
657 1345 138 21 tillförordna
818 1344 81 21 vikarie
922 1344 34 20 för

196 1377 153 21 bankdirektör
365 1378 34 20 vid
416 1378 66 21 behof
496 1379 62 20 deraf
571 1380 66 20 under
654 1379 75 26 längre
745 1378 30 21 tid
792 1380 25 18 än
834 1378 35 20 tvä
885 1378 71 20 mäna-

197 1411 44 26 der,
257 1411 106 21 vikariens
383 1412 93 27 aflöning
492 1413 53 21 dock
560 1413 61 21 alltid
637 1413 106 21 bestämts
759 1412 23 21 af
795 1412 161 20 Bankfullmäk-

197 1445 50 27 tige,
263 1445 79 27 hvilka,
359 1448 47 19 näst
425 1447 102 21 Finlands
550 1447 96 26 Ständer,
663 1447 71 21 såsom
751 1446 99 22 Bankens
866 1446 90 26 styrelse
