1031 1678
216 138 13 20 6

187 201 57 26 finge
259 201 90 25 antagas
363 201 46 20 mot
427 205 26 15 en
468 199 119 26 ersättning
602 199 24 22 af
639 200 44 21 600
697 200 61 21 mark
773 200 34 21 för
822 200 30 25 år,
868 201 32 20 att
915 200 32 21 till

188 240 104 22 expenser
310 234 36 20 vid
365 233 106 22 kontoren
488 233 70 22 skulle
573 233 71 22 anslås
661 233 42 22 800
718 233 61 22 mark
795 235 39 20 och
849 235 33 20 till
897 234 50 21 aflö-

188 269 71 21 nande
275 268 22 21 af
311 267 88 27 vikarie,
414 268 45 21 ifall
474 267 162 22 föreståndaren
652 270 61 24 toges
728 268 47 21 från
790 269 99 20 Bankens
900 268 48 21 huf-

187 303 54 21 vud-
263 303 52 20 eller
337 301 204 27 afdelningskontor,
565 302 65 26 2,400
651 302 62 21 mark
733 308 33 15 om
785 302 46 21 året
846 304 55 20 samt
916 304 32 19 att

189 336 316 22 diskontkomitéledamöterne
522 336 107 20 hvardera
645 336 68 21 borde
729 337 80 20 erhålla
824 338 31 20 ett
870 337 78 20 arvode

189 370 23 22 af
226 370 43 22 700
283 370 68 25 mark,
370 370 113 20 hvarutom
502 370 40 20 den
558 376 40 14 ena
614 370 23 20 af
650 370 153 26 ledamöterna,
819 377 45 14 som
879 370 69 21 tillika

189 411 51 15 vore
255 404 134 21 kontrollant
404 404 22 21 af
439 404 84 25 kassan,
535 404 7 20 i
553 404 67 21 sådan
632 404 107 27 egenskap
751 404 68 21 skulle
829 404 120 21 tillkomma

190 440 31 20 ett
237 438 80 21 arvode
332 437 23 22 af
368 438 43 21 800
428 437 60 21 mark
504 443 33 15 om
553 437 53 22 året.
630 437 45 22 Och
691 438 86 21 anhöllo
788 438 160 21 Bankfullmäk-

189 473 45 26 tige
256 473 6 20 i
287 472 93 26 enlighet
402 472 94 25 härmed,
519 473 32 20 att
566 472 148 26 tillägsanslag
733 473 47 20 med
797 473 76 25 10,400
888 472 60 21 mark

189 507 34 21 för
244 507 63 20 hvart
329 506 40 21 och
392 508 32 19 ett
445 505 23 21 af
489 506 26 21 de
534 505 149 27 ifrågakomna
698 506 113 26 kontoren,
826 507 7 20 i
848 506 100 21 händelse

189 540 128 22 bokhållare
336 540 51 21 eller
406 540 76 21 kassör
500 541 7 20 i
523 540 89 21 Banken
627 540 106 21 bestrider
748 541 201 26 föreståndaretjen-

190 577 55 24 sten,
267 580 49 15 men
339 574 48 21 med
411 575 77 24 11,000
505 574 67 26 mark,
595 581 34 14 om
649 581 26 14 en
693 581 79 20 person
787 576 59 20 utom
861 575 88 21 Banken

191 609 71 22 dertill
277 611 66 24 utses,
359 608 56 27 finge
430 609 7 20 i
452 609 100 20 Bankens
567 610 45 19 stat
627 611 112 24 upptagas.

260 643 62 21 Efter
344 643 35 20 det
402 643 70 20 denna
494 643 158 26 framställning
671 643 23 20 af
711 643 119 26 Kejserliga
849 643 99 26 Senaten,

192 677 67 27 enligt
281 676 111 21 skrifvelse
414 676 33 21 för
470 676 40 21 den
534 676 27 22 23
577 676 105 21 Februari
699 676 62 25 1887,
785 677 33 20 till
833 677 42 21 alla
891 676 59 21 delar

191 712 95 25 bifallits,
302 710 64 22 hafva
381 710 161 27 ifrågavarande
557 710 79 21 kontor
650 710 33 21 för
698 711 143 21 allmänheten
852 712 97 25 öppnats,

191 746 102 21 kontoret
307 746 8 20 i
331 745 30 21 St.
376 744 77 22 Michel
468 744 41 21 den
528 745 11 20 1
557 744 131 27 derpåföljde
709 744 43 21 Juli
771 747 56 19 samt
844 744 105 22 kontoren

191 781 8 20 i
213 779 117 28 Jyväskylä
345 778 40 22 och
401 778 116 22 Sordavala
532 778 40 21 den
589 779 10 20 1
618 778 133 27 September.

47 817 17 22 0)
89 817 96 26 Ansöknin-
263 813 22 27 0)
300 813 38 21 Uti
359 812 106 22 särskilda
486 812 68 21 under
573 812 58 21 Mars
647 812 40 22 och
703 813 60 26 April
778 812 101 21 månader
895 812 54 22 1887

46 846 45 33 tul
110 845 20 41 af
139 842 46 37 bank.
193 848 80 26 ingifna
296 847 87 21 skrifter
402 846 63 22 hafva
484 846 106 26 åtskillige
608 846 124 21 handlande
748 847 38 20 och
802 846 127 22 trafikanter
944 847 7 21 i

76 885 81 17 kontor
153 876 14 36 i
193 882 138 26 Tavastehus,
356 880 198 27 Stadsfullmäktige
576 881 8 21 i
606 881 179 21 Willmanstrand
808 881 39 21 och
868 880 84 27 Kajana

64 909 110 39 an
193 918 56 20 samt
264 916 107 25 åtskillige
385 921 103 21 personer
500 915 7 21 i
518 915 83 21 Torneå
616 915 97 25 anhållit,
729 916 32 20 att
775 914 101 22 Finlands
890 914 62 22 Bank

48 954 66 19 strand,
132 954 54 27 Kaja-
194 950 160 27 underlydande
369 950 79 21 kontor
460 950 79 26 jemväl
555 949 66 21 måtte
639 949 3 21 i
659 949 92 21 nämnde
766 949 73 21 städer
853 949 97 21 inrättas.

48 976 138 40 fen
262 984 51 21 Med
329 984 115 26 anledning
459 984 23 20 af
494 984 62 20 dessa
567 983 152 26 ansökningar,
731 983 58 21 öfver
800 983 72 21 hvilka
881 983 71 21 Bank-

55 1022 21 21 by
91 1023 29 16 oeh
137 1022 43 17 Kex-
194 1019 147 21 direktionens
362 1018 100 27 yttrande
483 1017 123 26 infordrats,
629 1017 40 20 har
687 1017 141 21 Direktionen
844 1017 31 20 uti
890 1016 62 21 skrif-

94 1044 52 17 holm.
194 1053 69 21 velser
285 1052 34 21 för
341 1053 40 20 den
401 1052 27 21 29
448 1051 58 21 Mars
526 1051 38 21 och
586 1051 26 21 19
628 1051 68 26 April,
713 1051 55 20 hvad
783 1051 54 21 först
852 1051 101 20 beträffar

195 1087 147 26 ansökningen
359 1093 33 14 om
408 1085 148 26 förläggandet
571 1085 23 21 af
608 1087 32 19 ett
655 1085 100 21 Bankens
773 1085 79 21 kontor
866 1085 32 21 till
914 1085 38 21 Ta-

194 1121 109 26 vastehus,
322 1120 117 21 framhållit
454 1121 31 20 att
500 1119 124 25 detsamma,
641 1119 67 26 enligt
723 1119 152 21 Direktionens
891 1119 61 26 åsigt,

194 1156 36 20 väl
244 1155 85 21 komme
345 1156 32 19 att
392 1154 53 21 bära
460 1154 32 26 sig
504 1155 54 19 samt
570 1153 57 27 förty
638 1153 108 25 hemstält,
759 1155 32 19 att
802 1153 74 26 åtgärd
887 1153 66 21 måtte

195 1190 98 26 vidtagas
311 1189 33 21 för
362 1188 132 21 inrättandet
510 1188 108 21 derstädes
634 1187 23 21 af
671 1189 32 19 ett
718 1187 137 21 bankkontor
870 1188 27 26 på
911 1187 42 21 fem

195 1225 34 20 års
253 1224 31 21 tid
307 1223 40 21 och
369 1223 48 20 med
442 1229 80 14 samma
541 1222 146 26 organisation
707 1228 46 14 som
768 1221 186 22 bankkontoren
941 1217 16 35 i

195 1258 124 27 Jyväskylä,
343 1257 30 21 St.
390 1257 77 20 Michel
490 1256 39 21 och
554 1256 124 25 Sordavala,
701 1255 90 21 hvarvid
810 1255 55 21 dock
884 1256 70 20 Bank-

196 1292 135 21 direktionen
347 1291 105 26 framhöll,
473 1292 38 24 att,
527 1296 34 15 om
577 1290 59 21 bifall
652 1290 33 20 till
702 1289 123 27 öppnandet
841 1289 22 21 af
876 1289 78 27 ifråga-

196 1327 80 20 komna
298 1326 79 20 kontor
400 1325 84 25 erhölls,
507 1325 48 19 med
574 1325 49 19 dess
638 1324 6 20 i
661 1323 91 26 ordning
767 1323 106 21 ställande
887 1324 68 20 borde

196 1360 62 22 anstå
273 1360 50 26 inpå
339 1360 23 20 år
378 1359 63 21 1888.
470 1359 102 20 Deremot
588 1358 66 26 ansåg
670 1356 197 22 Bankdirektionen
882 1358 74 20 tvifvel

195 1394 158 22 underkastadt
366 1393 106 21 huruvida
486 1392 185 21 handelsrörelsen
684 1392 7 20 i
702 1391 177 21 Willmanstrand
889 1392 67 20 redan

196 1429 70 21 skulle
282 1428 91 27 uppnått
388 1427 41 21 den
444 1427 136 26 betydenhet,
592 1428 33 18 att
637 1426 146 20 kostnaderna
798 1425 33 21 för
847 1427 32 19 ett
889 1425 67 21 bank-

196 1462 79 22 kontor
301 1461 111 22 derstädes
437 1460 70 22 blefve
531 1466 77 20 genom
632 1460 49 20 dess
704 1459 131 27 omsättning
856 1459 101 21 betäckta
