1031 1678
197 131 28 22 20

167 196 32 19 ett
217 194 138 21 ständerhus.
385 194 33 21 En
434 195 67 20 sådan
517 194 148 27 organisation
680 193 25 22 af
717 193 207 28 protokollföringen

166 235 46 14 som
227 229 21 20 vi
264 228 65 21 ofvan
347 228 89 21 tecknat
455 229 70 21 säsom
546 229 41 21 den
603 228 227 27 ändamälsenligaste,
846 229 25 20 är
885 227 39 21 all-

167 263 58 21 deles
247 263 90 27 omöjlig
359 263 49 21 med
430 264 37 21 det
489 263 61 21 antal
565 271 53 17 rum,
635 270 46 14 som
697 263 34 21 för
746 263 125 21 kanslierna
885 269 39 14 var

166 297 100 28 anslaget
281 297 8 21 i
304 297 294 27 ständerhusdelegationens
613 297 117 21 berättelse
746 297 25 21 af
783 298 25 20 är
826 297 58 26 1882,
896 297 28 20 dä

167 331 109 26 nämligen
291 333 14 20 3
321 332 7 20 i
343 331 141 28 byggnadens
500 331 58 22 olika
573 331 54 21 hörn
644 332 110 20 situerade
765 338 53 21 rum,
830 331 94 21 etthvart

167 372 34 14 om
226 367 25 20 13
265 370 20 20 X
299 367 25 20 11
348 366 62 21 alnar
432 373 51 14 voro
506 366 34 21 för
562 365 205 22 ständskanslierna
791 365 132 21 beräknade.

165 399 33 21 De
217 400 148 27 Sjöströmska
388 401 142 26 ritningarne,
549 400 32 21 uti
603 400 75 21 hvilka
701 400 50 20 med
774 400 101 21 afseende
895 399 30 28 pä

166 436 94 19 tomtens
276 434 51 21 vidd
342 441 51 14 man
409 434 47 21 icke
472 434 92 21 behöfde
578 441 65 20 spara
654 435 29 26 pä
693 436 123 25 utrymmet,
828 436 95 25 upptogo

165 468 48 21 icke
229 469 84 20 mindre
329 469 27 20 än
373 469 47 20 ätta
435 476 46 13 rum
497 469 25 21 af
530 469 67 20 delvis
607 468 84 27 ganska
702 471 61 18 stora
772 468 152 27 proportioner

166 501 33 22 för
214 503 13 20 4
243 503 72 20 ständ.

234 537 141 21 Beträffande
391 538 26 20 de
432 537 34 21 för
480 537 240 27 stenografkanslierna
735 537 80 28 nödiga
825 543 97 15 rummen

165 571 72 21 tilläta
251 571 22 21 vi
289 578 36 15 oss
340 572 31 21 uti
387 571 222 28 protokollföringens
624 572 42 21 och
681 571 85 22 säledes
779 571 76 28 sjelfva
865 572 57 21 stän-

166 606 53 21 dens
233 606 93 21 intresse
342 606 115 21 framhålla
474 606 96 27 följande
585 606 174 27 önskningsmäl:

234 641 25 26 a)
275 643 33 18 att
326 640 236 28 stenografkanslierna
582 641 69 21 mäste
667 641 76 21 arbeta
757 641 69 21 under
841 647 83 14 samma

166 673 37 21 tak
225 675 51 20 med
299 674 91 22 ständen
409 674 41 22 och
469 674 19 28 ej
505 676 70 20 säsom
590 675 86 21 härtills
692 676 29 26 pä
736 674 71 22 skilda
822 674 78 22 ställen
915 674 8 20 i

166 709 76 21 staden
259 712 56 18 samt
329 711 33 19 att
377 710 63 20 dessa
454 709 84 21 lokaler
553 710 18 26 ej
589 710 75 20 kunna
679 709 108 21 beräknas
802 709 34 21 för
851 709 71 27 nägon

165 742 88 22 kortare
268 743 53 21 eller
335 743 75 27 längre
424 744 32 20 tid
472 750 52 15 vara
539 744 124 27 disponibla
677 744 34 21 för
727 744 68 21 andra
812 743 110 25 ändamäl;

234 777 22 28 0)
272 780 33 18 att
320 779 48 20 med
384 778 88 26 ledning
487 778 24 21 af
524 781 85 19 senaste
625 778 117 27 landtdags
756 778 123 21 erfarenhet
889 778 34 21 för

165 812 160 27 dechiffrering,
340 812 129 28 redigering,
488 812 167 28 kollationering
670 813 41 21 och
722 812 200 27 korrekturläsning

165 846 108 21 erfordras
289 846 33 21 för
337 846 75 28 hvarje
428 848 64 20 ständ
508 850 30 18 ett
554 854 47 14 rum
618 854 34 14 om
665 848 25 20 11
706 852 19 19 X
731 842 13 38 8
762 847 68 25 alnar,
840 846 82 22 hvilket

164 887 67 20 gerna
247 880 67 22 borde
329 888 52 14 vara
396 881 128 27 afplankadt
539 882 8 20 i
563 883 48 20 2:ne
626 882 145 26 afdelningar,
782 884 56 18 samt
848 883 33 19 att
889 880 33 22 för

164 915 175 27 protokollernas
355 915 149 22 utskrifvande
519 917 49 20 med
583 916 84 21 maskin
685 916 109 21 erfordras
813 916 34 21 tvä
866 922 55 14 sam-

165 949 167 27 manhängande
347 950 127 25 arbetsrum,
490 950 107 21 hvardera
612 957 35 14 om
665 952 27 20 13
705 954 20 21 X
737 952 13 20 3
765 950 71 26 alnar;

233 985 21 26 c)
269 987 56 18 samt
341 986 32 19 att
387 984 42 21 alla
446 985 63 21 dessa
524 992 47 14 rum
586 985 143 26 ovilkorligen
740 985 53 21 böra
803 986 76 25 utgöra
889 991 28 15 en

165 1018 214 27 sammanhängande
395 1018 107 28 komplex,
518 1019 29 27 pä
562 1019 36 21 det
613 1021 33 18 att
663 1019 26 21 de
701 1019 33 20 till
745 1019 69 21 hands
824 1019 95 21 varande

164 1052 187 22 arbetskrafterna
371 1054 36 20 mä
421 1053 75 21 kunna
511 1054 29 27 pä
555 1053 221 27 ändamälsenligaste
793 1054 43 20 sätt
851 1053 69 27 tillgo-

165 1087 98 26 dogöras,
285 1087 112 22 hvaremot
420 1088 36 21 det
476 1088 18 27 ej
514 1089 26 20 är
558 1088 24 21 af
599 1089 72 26 nägon
693 1089 120 20 nämnvärd
829 1087 44 27 vigt
889 1089 33 19 att

165 1121 63 21 dessa
243 1129 48 13 rum
311 1121 58 28 ligga
385 1122 7 21 i
408 1121 104 22 närheten
529 1122 33 21 till
578 1122 166 27 plenirummen,
761 1123 51 20 enär
828 1123 36 20 det
879 1121 43 21 till-

163 1155 76 28 fälliga
254 1155 68 22 behof
335 1156 24 21 af
375 1156 138 26 arbetslokal,
530 1164 45 14 som
591 1157 35 21 vid
642 1159 89 19 senaste
747 1157 104 26 landtdag
866 1156 56 21 visat

164 1190 39 27 sig,
226 1191 70 20 under
318 1191 113 26 pägäende
454 1191 88 27 plenum
565 1192 49 20 med
635 1191 82 22 lätthet
737 1191 43 21 kan
796 1191 126 27 tillgodoses

164 1231 78 20 genom
258 1225 186 25 utskottslokaler,
460 1225 74 22 hvilka
547 1225 62 22 alltid
621 1227 70 20 under
701 1226 104 21 ständens
816 1232 105 15 samman-

163 1259 77 21 träden
258 1259 35 21 stä
308 1259 78 27 lediga.

232 1293 50 21 Alla
293 1294 62 21 dessa
366 1294 183 27 omständigheter
559 1294 66 21 hafva
635 1295 21 21 vi
667 1296 73 19 ansett
751 1301 34 14 oss
797 1294 53 21 böra
859 1294 61 21 vörd-

164 1330 56 18 samt
235 1327 116 21 framhälla
361 1328 33 21 till
404 1329 294 27 ständerhusdelegationens
708 1329 167 26 gunstbenägna
886 1328 36 21 be-

163 1361 122 27 hjertande,
302 1362 29 21 dä
345 1362 20 21 vi
376 1364 38 20 äro
424 1362 62 28 litligt
497 1363 139 27 öfvertygade
646 1370 36 14 om
693 1365 33 19 att
737 1364 120 20 desammas
867 1362 54 21 iakt-

164 1397 95 25 tagande
270 1398 25 19 är
305 1399 30 19 ett
346 1396 137 28 oeftergifligt
493 1396 70 22 vilkor
570 1397 34 21 för
613 1400 33 18 att
655 1397 176 27 offentlighetens
841 1398 80 25 grund-

164 1433 45 18 sats
227 1430 44 22 kan
291 1430 22 22 få
333 1431 32 21 sin
382 1431 118 28 tillbörliga
515 1432 57 27 plats
588 1432 81 21 erkänd
686 1432 7 20 i
709 1432 48 21 vårt
773 1430 102 29 politiska
889 1431 31 21 lif.
