1031 1678
241 141 23 16 14
516 140 22 18 U.
550 140 21 17 B.
584 139 94 18 XXXVII.

217 204 49 14 men
283 199 31 19 att
329 197 105 21 Bankens
449 197 145 25 skuldsedlar,
608 199 82 26 panter
707 197 39 20 och
759 196 218 21 säkerhetshandlin-

216 237 42 22 gar
273 231 112 28 äfvensom
400 231 178 21 sedelblanketter
593 231 35 20 stä
647 231 71 20 under
732 231 77 20 Andre
823 231 154 20 kamrerarens

217 265 56 20 värd
289 265 37 20 och
343 265 77 28 tillsyn
434 267 57 18 samt
510 265 102 27 förvaras
631 265 9 20 i
659 264 68 21 skildt
745 265 68 27 hvalf,
829 264 91 21 hvartill
936 270 40 14 ena

216 299 93 27 nyckelm
328 298 194 27 omhänderhafves
538 299 28 26 af
577 299 78 20 honom
674 298 39 21 och
731 299 41 20 den
790 298 73 21 andra
878 298 25 27 af
918 298 58 20 För-

217 335 31 18 ste
263 332 153 25 kamreraren;
431 335 57 17 samt

287 368 32 18 att
335 366 41 20 den
393 366 138 27 ansvarighet
549 366 37 27 för
601 365 105 21 Bankens
721 366 63 20 läne-
799 366 40 20 och
853 364 123 22 säkerhets-

217 400 142 27 handlingar,
376 400 48 20 med
438 400 114 27 undantag
568 400 28 26 af
608 400 82 24 vexlar,
706 402 56 17 samt
773 400 36 26 för
819 399 86 20 nedsatt
914 398 61 28 gods,

217 433 87 21 hvilken
319 433 115 21 härintills
450 433 73 27 älegat
534 433 41 20 den
587 433 91 20 medlem
691 433 28 27 af
727 433 151 23 Direktionen,
887 432 86 21 hvilken

205 469 124 26 närmaste
345 467 109 20 inseendet
470 467 58 27 öfver
543 467 225 20 kamrerarekontoret
787 466 137 25 tillkommer,
940 465 35 28 öf-

217 501 112 27 verflyttas
340 501 33 27 pä
389 501 78 20 Förste
482 501 147 20 kamreraren.

561 558 13 25 8
591 559 33 20 11.

293 603 125 20 Förutom
445 603 29 20 de
500 603 8 20 i
533 603 15 26 $
574 604 50 19 111
651 603 32 27 af
705 603 170 27 reglementet
901 603 73 27 före-

216 636 110 27 skrifna
341 636 208 28 inventeringar,
566 636 44 21 bör
625 637 170 27 inventering
815 637 26 27 af
849 637 125 20 Bankens

216 671 74 20 läne-
310 670 43 20 och
373 670 311 27 säkerhetshandlingar
705 672 68 19 samt
792 671 183 27 depositioner

215 704 83 20 minst
321 711 29 13 en
371 704 69 27 gäng
463 704 9 20 i
493 704 131 20 mänaden
650 704 161 21 verkställas
837 704 32 28 af
887 704 87 28 nägon

215 738 65 27 utaf
299 738 193 20 Direktionens
510 738 177 25 medlemmar,
710 738 135 21 hvarutom
868 738 48 21 den
934 738 40 20 in-

215 772 138 27 ventering
369 772 31 26 af
412 772 214 25 handkassorna,
642 772 111 21 hvilken
769 772 104 21 hittills
885 773 89 27 älegat

215 806 196 20 Direktionens
427 806 169 27 ordförande,
612 806 146 27 framdeles
773 806 203 26 verkställesaf

216 840 47 20 den
293 840 108 20 medlem
431 840 8 20 i
468 840 187 24 Direktionen,
685 847 52 13 som
763 840 86 21 denna
876 840 96 20 dertill

215 876 80 18 utser.

213 937 148 33 Ändringar
375 942 38 22 uti
428 942 46 23 och
489 943 87 27 tillägg
597 943 40 21 till
655 942 116 22 bankens
789 942 50 23 den
854 943 28 21 18
897 942 73 28 April

456 976 56 22 1886
527 976 134 23 utfärdade
677 977 50 21 stat

216 1029 9 18 1
247 1026 84 29 Tredje
353 1027 141 21 Kamrerare
516 1027 30 28 på
569 1029 65 19 extra
657 1029 52 25 stat,

390 1061 86 21 ALVOÄG:
498 1077 34 4 «6
557 1077 33 5 a;
614 1077 5 5 a
644 1077 5 4 m
673 1077 4 4 a
701 1077 5 4 €
733 1062 64 26 5,000
814 1061 73 21 mark.

387 1094 145 28 hyresmedel
558 1109 6 6 .
588 1111 4 4 .
616 1111 5 4 .
645 1110 63 5 0...
736 1095 63 26 1,500
842 1111 9 10 ,
907 1101 64 26 6,500

468 1157 106 21 Kontoret
590 1158 8 19 i
613 1157 104 21 Joensuu.

214 1202 10 20 1
243 1201 213 28 Bankkomissarie,
472 1202 39 21 lön
530 1217 1 5 .
558 1218 2 5 .
584 1218 4 4 .
613 1219 4 4 .
642 1219 32 4 ..
700 1219 5 4 .
731 1203 64 26 6,000
813 1202 72 21 mark.

464 1235 145 29 hyresmedel
644 1252 5 5 .
673 1252 4 5 .
702 1253 5 3 .
736 1237 61 26 1,000
841 1253 9 10 ,
907 1232 65 41 7,000

213 1276 11 20 1
240 1275 96 27 Kassör,
352 1275 41 21 lön
418 1292 2 4 .
445 1291 4 5 .
491 1291 15 5 <
530 1292 177 5 L.
734 1277 64 26 3,000
841 1292 10 11 ,

350 1309 301 29 missräkningspenningar
672 1326 4 4 .
700 1326 5 4 .
693 1311 137 31 2,000
840 1327 9 10 ,
905 1317 65 26 5,000

213 1349 9 20 1
240 1347 172 28 Vaktmästare,
429 1348 39 21 lön
494 1364 5 5 .
524 1365 4 5 .
552 1365 4 4 .
580 1364 5 5 .
610 1365 32 4 ..
668 1365 4 4 a
926 1350 44 20 600

210 1382 180 28 Expensmedel,
406 1384 62 20 emot
482 1382 152 29 redovisning
664 1399 6 5 .
693 1399 5 5 .
905 1383 65 27 1,000

891 1423 78 26 13,600

280 1450 139 18 Bankutskottets
430 1451 104 17 betänkande
546 1452 34 16 N:o
593 1452 17 16 3.
