1031 1678
440 105 16 20 I
771 105 26 20 23

66 173 167 27 tullförfattning
253 173 61 21 hafva
339 172 118 21 Ständerna
479 173 87 26 anmält,
588 174 32 19 att
644 172 118 21 Ständerna
778 171 48 21 med

67 207 66 27 nägra
148 207 81 21 mindre
245 207 112 26 ändringar
373 207 95 26 godkänt
484 207 40 20 den
535 207 120 26 föreslagna
667 206 159 27 författningen.

137 242 69 21 Sedan
224 242 59 21 Hans
301 241 119 27 Kejserliga
438 241 106 27 Majestät,
561 241 27 26 pä
604 241 103 21 Senatens
721 240 105 21 underdä-

67 277 49 26 niga
132 277 160 26 framställning,
309 276 48 21 lätit
373 276 39 21 den
428 278 27 19 30
471 276 117 21 December
606 278 53 19 1887
676 275 85 21 utfärda
776 275 49 21 tull-

68 311 75 27 stadga
159 311 32 21 för
208 311 205 21 Storfurstendömet
428 311 96 25 Finland,
541 310 39 21 har
595 311 7 20 i
618 310 94 27 enlighet
722 310 49 20 med
781 316 44 14 om-

68 345 105 21 förmälda
195 345 79 27 förslag
297 351 80 14 samma
401 345 41 27 dag
464 344 107 22 utfärdats
591 344 128 26 förordning,
736 343 89 21 innefat-

67 380 70 26 tande,
161 380 66 21 bland
249 384 68 20 annat,
337 379 224 21 straffbestämmelser
576 378 33 21 för
624 378 56 21 vissa
695 378 58 21 brott
769 379 57 20 emot

67 415 98 26 gällande
180 413 173 27 tullförfattning.

136 451 55 19 40:0.
221 448 90 21 Medelst
334 447 63 27 nådig
420 447 133 27 proposition
576 447 39 21 har
632 447 60 20 Hans
707 447 119 26 Kejserliga

67 483 100 26 Majestät
182 482 48 21 lätit
246 482 107 26 förelägga
370 482 118 21 Ständerna
504 481 81 27 förslag
600 481 33 21 till
650 481 123 26 förordning
788 487 37 14 an-

68 517 81 27 gäende
167 517 106 20 lättnader
291 517 6 20 i
315 517 157 26 värnepligtens
488 516 134 27 fullgörande
638 515 33 22 för
685 515 67 21 finske
767 515 58 20 med-

67 551 97 27 borgare,
190 557 46 14 som
258 551 65 20 vistas
346 551 7 20 i
375 551 111 26 Ryssland,
510 551 118 26 hvarjemte
653 550 117 21 Ständerna
792 549 33 20 till

67 585 119 22 kännedom
210 585 105 27 delgifvits
333 585 114 27 uppgjordt
463 585 80 26 förslag
558 585 32 21 till
607 585 127 26 kungörelse
750 591 33 14 om
801 583 24 21 de

67 623 98 18 närmare
181 619 138 27 föreskrifter,
335 626 45 14 som
397 619 33 21 för
445 620 162 26 tillämpningen
622 619 22 20 af
655 619 39 20 den
705 618 120 27 föreslagna

68 655 149 26 förordningen
239 654 69 21 blefve
329 654 85 26 nödiga.
446 654 68 21 Sedan
538 654 118 20 Ständerna
675 653 52 21 härä
742 653 31 20 uti
788 659 37 14 un-

68 689 101 27 derdänig
185 688 110 22 skrifvelse
311 688 22 22 af
347 688 40 21 den
404 690 25 20 23
446 688 42 27 Maj
507 690 53 20 1885
578 688 86 26 anmilt,
676 690 32 18 att
719 688 40 20 den
770 687 55 21 före-

67 725 74 26 slagna
163 723 149 27 förordningen
334 723 49 21 med
405 724 57 20 vissa
478 722 86 28 angifna
579 722 81 21 mindre
675 722 114 26 ändringar
805 721 22 21 af

68 758 119 22 Ständerna
202 758 110 26 godkänts,
332 757 108 21 äfvensom
456 759 32 19 att
504 757 119 21 Ständerna
638 757 46 21 icke
699 756 46 21 haft
760 756 65 26 något

68 795 32 19 att
114 792 100 27 påminna
229 792 130 21 beträffande
375 792 104 26 förslaget
494 792 34 20 till
543 792 126 26 kungörelse
680 792 6 20 i
697 793 77 24 ämnet,
786 790 39 21 har

67 828 59 21 Hans
149 827 100 26 Majestät
272 826 39 20 den
331 828 26 19 29
376 826 118 21 December
512 827 53 20 1885
581 826 49 20 låtit
645 826 8 20 i
668 825 93 27 enlighet
776 825 49 21 med

68 862 129 21 Ständernas
216 861 69 21 beslut
305 860 85 21 utfärda
405 860 125 27 förordning
545 860 108 26 angående
669 860 90 20 berörda
775 860 50 20 lätt-

67 896 193 26 nader,hvarjemte
269 901 80 15 samma
359 895 40 27 dag
407 895 127 27 kungörelse
542 894 76 27 utgått,
625 894 146 21 innehållande
780 896 44 18 sär-

67 930 69 22 skilda
159 929 132 22 föreskrifter
313 929 33 21 för
370 929 233 27 uppbådsnämnderna,
629 929 196 26 pastorsembetena

68 965 39 21 och
122 964 208 21 häradsskrifvarene
345 964 6 20 i
367 964 73 20 landet
456 965 55 19 samt
526 963 68 21 finska
609 962 215 27 passexpeditionen
813 958 14 36 i

68 1000 32 21 S:t
114 999 131 26 Petersburg
259 998 48 21 med
323 998 98 21 afseende
432 998 12 20 å
455 997 67 21 finske
532 997 159 26 värnepligtige,
703 1003 46 14 som
759 1003 65 20 uppe-

66 1033 58 22 hålla
140 1033 31 27 sig
186 1033 57 20 inom
259 1032 111 27 Ryssland.

136 1070 55 19 41:0.
221 1067 69 21 Sedan
312 1067 59 20 Hans
394 1066 120 27 Kejserliga
536 1065 100 27 Majestät
656 1066 89 21 medelst
760 1065 64 28 nådig

66 1102 133 28 proposition
214 1101 90 26 förelagt
321 1101 117 21 Ständerna
449 1100 81 27 förslag
540 1100 33 21 till
583 1100 123 27 förordning
717 1100 107 27 angående

66 1137 121 22 officerares
203 1135 76 28 afgång
295 1142 25 14 ur
336 1135 151 27 krigstjensten
503 1135 35 21 vid
553 1135 42 20 viss
612 1134 64 27 ålder,
693 1135 37 20 och
747 1135 6 20 i
769 1141 55 14 sam-

66 1171 107 27 manhang
189 1170 86 21 dermed
289 1170 33 21 till
337 1170 127 27 upplysning
479 1169 107 21 meddelat
597 1171 31 19 ett
638 1169 79 27 förslag
728 1169 32 21 till
771 1169 53 21 kun-

66 1206 83 27 görelse
173 1211 34 15 om
229 1204 104 21 särskilda
355 1206 99 19 närmare
476 1204 70 20 vilkor
564 1203 38 21 och
618 1204 158 26 bestämningar
791 1205 33 19 rö-

66 1240 66 22 rande
148 1245 81 16 samma
244 1241 66 24 ämne,
326 1238 65 21 hafva
408 1238 119 21 Ständerna
546 1238 7 20 i
568 1238 130 27 underdånig
714 1237 110 22 skrifvelse

66 1275 23 21 af
111 1274 40 21 den
171 1275 24 20 22
214 1273 43 27 Maj
276 1274 53 21 1885
346 1273 81 21 anmält
443 1275 32 19 att
492 1272 124 26 Ständerna,
632 1272 67 21 under
713 1272 111 21 förutsätt-

65 1309 50 26 ning
130 1310 33 19 att
178 1308 149 27 förändringen
341 1307 46 21 icke
403 1307 91 21 berörde
510 1307 40 21 den
565 1309 44 18 rätt
623 1307 120 20 nuvarande
755 1306 70 22 office-

65 1349 55 20 rare,
143 1342 53 21 hvar
219 1342 56 21 inom
293 1342 32 20 sin
340 1341 59 27 grad,
416 1342 93 26 lagligen
523 1341 110 26 innehade,
650 1341 81 27 antagit
746 1341 79 27 lagför-

65 1377 70 27 slaget
158 1376 142 26 oförändradt,
324 1378 55 19 samt
400 1378 32 19 att
447 1376 36 20 vid
498 1375 103 27 förslaget
615 1376 34 20 till
664 1376 125 26 kungörelse
805 1375 18 27 ej

65 1411 69 21 heller
155 1411 56 21 varit
233 1411 64 27 något
316 1412 32 20 att
367 1410 110 27 påminna;
494 1410 39 21 och
549 1410 39 20 har
603 1410 59 20 Hans
677 1410 100 26 Majestät
793 1416 32 14 se-
