1031 1678
374 127 22 18 U.
408 127 21 18 B.
442 127 95 18 XXXVII.
802 127 11 16 9

77 183 100 28 indraga
199 183 108 28 tjensten,
327 183 42 22 har
387 183 53 22 från
458 185 14 26 S
488 185 13 20 9
516 183 9 21 i
540 182 224 29 bankfullmäktiges
780 183 55 21 änd-

78 217 143 29 ringförslag
236 217 57 22 sista
307 219 128 20 momentet
449 217 128 22 uteslutits.

147 252 35 21 De
198 251 57 28 skäl,
267 259 49 14 som
331 251 48 22 tala
394 252 38 21 för
446 251 122 22 kontorets
584 251 9 22 i
621 258 89 15 Joensuu
720 251 115 22 ställande
848 251 9 22 $
870 251 11 17 9
894 251 20 22 ($
926 251 20 22 8)

77 286 31 28 pä
126 285 117 22 ordinarie
262 285 43 28 fot,
320 285 43 22 har
377 285 124 22 Utskottet
519 285 112 28 framlagt
649 285 36 21 uti
700 285 41 21 sitt
755 285 80 21 betän-

78 319 77 22 kande
171 320 65 20 öfver
250 319 105 21 bankens
371 319 98 28 styrelse
485 319 45 21 och
544 319 116 21 tillstånd.

147 353 110 21 Likasom
279 352 217 29 Bankfullmäktige
519 360 68 14 anser
604 352 89 29 jemväl
707 352 128 26 Utskottet,
848 353 9 21 $
871 352 22 18 10
906 352 19 22 ($
937 352 21 22 9)

78 388 36 20 att
121 387 212 21 hvalfsdirektören
343 387 127 28 omöjligen
480 387 47 21 kan
537 386 138 22 handhafva
685 394 30 13 en
726 386 111 21 tillfreds-

78 420 116 22 ställande
209 421 104 21 kontroll
328 421 68 21 öfver
411 421 159 28 depositioner
587 420 44 22 och
644 419 192 22 säkerhetshand-

78 455 84 28 lingar,
175 455 78 21 såvidt
264 455 47 21 han
322 455 51 21 icke
385 455 37 21 för
434 455 76 21 denna
522 455 95 28 uppgift
632 454 139 22 åsidosätter
786 454 51 21 sina

79 489 76 28 öfriga
178 489 147 28 åligganden.
355 489 72 21 Detta
452 488 214 28 missförhållande,
689 489 31 28 på
745 487 92 22 hvilket

79 523 211 21 bankdirektionen
306 523 114 21 särskilda
435 523 89 28 gånger
536 523 47 21 fäst
594 522 242 29 uppmärksamheten,

78 557 91 21 fordrar
178 559 57 19 utan
246 557 84 21 tvifvel
339 565 28 13 en
379 564 53 14 snar
440 557 102 28 rättelse,
556 557 29 28 pä
597 557 39 21 det
648 559 35 19 att
694 557 58 26 icke,
761 556 8 21 i
780 556 57 21 hän-

80 591 65 21 delse
160 591 77 28 någon
253 591 84 28 olycka
352 591 130 27 inträffade,
495 591 180 21 underlåtenhet
691 592 35 20 att
740 590 97 28 vidtaga

80 625 88 28 nödiga
183 625 230 28 säkerhetsåtgärder
431 625 75 21 skulle
525 625 57 21 falla
600 625 180 28 bankstyrelsen
798 623 39 22 till

79 659 53 21 last.
162 659 46 21 Det
228 659 41 21 bör
288 659 95 28 erbjuda
403 659 94 21 banken
516 659 48 21 lika
584 661 48 19 stor
646 659 93 28 garanti
754 660 35 20 att
805 657 32 22 öf-

80 693 120 21 verlemna
215 692 46 22 den
276 692 95 28 dagliga
387 692 134 22 kontrollen
537 692 27 22 af
576 692 67 22 dessa
658 692 141 28 handlingar
813 692 25 21 åt

80 726 74 22 förste
169 727 153 27 kamreraren,
331 734 49 13 som
392 726 52 21 med
460 726 110 22 afseende
583 727 13 21 å
608 726 170 22 löneförmåner
789 729 25 17 är
829 725 8 21 i

80 760 40 22 det
135 763 102 19 närmast
252 760 97 22 likstäld
363 760 53 21 med
432 760 105 22 bankens
554 760 135 22 direktörer.
718 760 54 21 Men
788 759 49 22 der-
850 764 21 18 IT
885 760 8 21 S

78 794 73 29 jemte
170 802 67 14 anser
252 794 122 22 Utskottet
390 794 28 21 de
434 794 26 21 af
472 794 217 28 Bankfullmäktige
704 794 133 28 föreslagna

80 828 205 28 bestämningarna
301 828 120 28 angående
436 828 90 22 vården
538 828 43 22 och
592 828 133 22 kontrollen
741 828 26 21 af
780 828 56 21 ban-

80 862 58 22 kens
161 862 75 22 medel
255 862 76 22 blifva
349 862 174 28 ofullständiga,
540 862 77 22 derest
637 862 39 22 det
691 862 52 22 icke
758 862 79 21 tillika

81 896 94 28 stadgas
191 898 36 20 att
244 896 150 28 inventering
414 896 26 22 af
459 896 63 22 låne-
542 896 44 22 och
608 896 228 22 säkerhetshandlin-

80 938 74 20 garna
169 932 60 20 samt
247 930 8 22 i
274 930 92 22 banken
385 930 95 22 nedsatt
495 930 58 28 gods
568 930 138 22 verkställes
721 930 72 21 minst
808 937 29 14 en

80 965 63 27 gång
159 964 8 21 i
182 964 115 22 månaden
312 965 53 21 utaf
379 965 78 27 någon
469 965 27 21 af
510 964 160 22 direktionens
681 964 155 22 medlemmar.

80 998 36 21 Då
128 998 116 21 utskottet
257 998 116 21 dessutom
389 1006 67 14 anser
466 998 106 21 bankens
583 998 81 21 kassor
674 998 51 21 icke
737 998 100 21 ovilkor-

80 1031 65 29 ligen
161 1032 101 21 behöfva
273 1032 132 21 inventeras
421 1032 26 21 af
460 1032 159 21 direktionens
631 1031 144 28 ordförande,
788 1039 49 14 som

80 1069 26 18 är
121 1073 48 21 nog
184 1067 91 27 strängt
289 1068 119 27 upptagen
424 1067 26 20 af
463 1066 73 21 andra
554 1067 112 27 göromål,
678 1066 97 21 föreslår
795 1066 42 21 Ut-

80 1100 89 21 skottet
193 1107 28 14 en
248 1100 71 21 sådan
345 1100 138 28 förändring
501 1101 9 20 i
528 1100 159 28 reglementet,
711 1102 34 19 att
768 1099 69 22 också

80 1134 249 29 kassainventeringen
345 1135 62 28 finge
422 1134 140 21 verkställas
578 1134 25 21 af
616 1134 45 21 den
672 1134 105 27 medlem,
788 1141 49 14 som

80 1168 149 22 direktionen
247 1169 63 20 inom
329 1169 36 28 sig
381 1168 78 21 dertill
475 1169 89 28 utsåge.
594 1169 122 21 Utskottet
730 1168 43 21 har
787 1167 50 22 der-

79 1202 37 21 för
130 1203 37 20 uti
183 1203 112 28 förslaget
309 1203 74 21 under
398 1205 14 25 &
428 1204 25 21 11
470 1203 73 21 infört
562 1203 146 28 stadganden
723 1203 8 20 i
746 1202 43 21 här
804 1201 33 22 of-

80 1243 46 14 van
142 1236 105 28 antydda
263 1237 83 28 syften.

149 1271 12 20 I
180 1271 128 28 anledning
333 1271 26 21 af
379 1273 35 19 ett
432 1271 64 21 inom
515 1270 170 22 bondeståndet
705 1270 68 21 väckt
791 1269 46 22 för-

80 1305 52 27 slag
150 1304 43 21 har
211 1305 122 22 Utskottet
348 1305 61 28 tagit
427 1305 9 21 i
454 1305 180 28 öfvervägande,
650 1304 116 22 huruvida
781 1303 56 22 kän-

79 1338 85 22 nedom
183 1339 27 21 af
231 1339 76 21 finska
325 1339 95 28 språket
435 1339 72 21 borde
522 1339 115 21 erfordras
653 1339 76 20 såsom
743 1338 94 27 kompe-

80 1372 129 22 tensvilkor
231 1373 37 21 för
290 1373 107 21 embeten
419 1372 44 22 och
486 1372 98 29 tjenster
602 1372 9 22 i
629 1372 113 22 Finlands
761 1371 75 21 Bank.

78 1406 87 22 Medan
181 1414 28 14 en
229 1406 38 22 del
285 1406 254 22 utskottsmedlemmar
554 1408 78 20 ansett
646 1406 67 29 dylik
727 1404 108 29 kunskap

148 1442 140 17 Bankutskottets
299 1441 104 17 betänkande
415 1441 35 17 N:o
463 1442 18 16 3.
