1031 1678
796 129 27 19 27

89 198 41 21 och
153 198 143 22 Bondesonen
319 199 30 25 L.,
371 198 129 25 tillträdare,
525 198 134 21 sistvämnde
681 199 43 26 dag
744 198 108 21 meddelat

88 233 79 26 utslag,
184 233 137 27 hvarigenom
337 233 67 20 bland
420 235 66 18 annat
500 233 123 25 förklarats,
640 235 33 18 att
688 233 23 20 P.
723 233 68 20 under
810 233 41 21 den

88 267 32 21 tid
135 267 42 21 han
198 267 97 22 innehaft
317 267 105 21 bostället
440 267 52 21 derå
512 267 107 21 verkstält
641 267 156 26 förbättringar
819 266 33 22 för

88 301 159 27 sammanlagdt
262 303 63 24 2,573
342 302 60 20 mark
419 303 27 19 48
462 302 65 26 penni
548 303 56 20 samt
620 303 39 24 att,
675 301 28 21 då
719 301 45 21 från
781 301 70 21 denna

88 342 83 15 summa
193 335 99 27 afdroges
309 336 18 26 ej
344 335 93 21 allenast
457 336 68 26 priset
547 335 33 22 för
596 335 147 27 afhjelpandet
759 335 22 21 af
794 335 56 21 före-

87 370 83 27 fintliga
192 370 80 21 brister
295 372 50 18 utan
367 369 62 22 äfven
451 370 36 21 det
507 370 85 27 belopp,
610 376 46 15 som
671 370 23 21 P.
711 370 102 26 uppburit
829 370 23 21 af

88 404 32 21 sin
136 404 135 22 företrädare
287 405 6 20 i
309 404 121 27 åboskapet
446 404 72 21 såsom
535 404 120 27 ersättning
665 404 32 21 för
708 404 91 21 husröta
809 404 39 21 och

86 438 101 25 vanhäfd,
201 439 68 27 jemte
285 441 33 18 ett
333 439 34 20 års
383 441 64 18 ränta
462 439 12 20 å
491 439 37 21 det
544 438 22 22 af
573 441 143 24 synemännen
729 438 72 21 åsatta
811 439 37 20 be-

86 473 81 27 loppet,
184 473 23 21 P.
224 473 31 21 till
278 473 56 26 godo
357 473 111 21 återstode
490 475 61 24 1,746
571 473 60 21 mark
646 474 27 20 25
690 473 70 26 penni,
777 473 71 20 hvilka

86 507 24 21 L.
126 507 71 27 ålagts
213 510 39 23 att,
269 507 25 22 så
309 510 60 19 snart
384 507 96 27 utslaget
495 507 75 21 vunnit
585 507 50 27 laga
650 507 63 26 kraft,
730 507 31 20 till
777 507 23 21 P.
815 509 33 19 ut-

86 542 79 26 betala,
182 546 58 17 emot
256 542 37 21 det
304 544 32 19 att
347 548 82 15 samma
440 548 83 15 summa
535 542 48 21 med
594 542 52 21 derå
657 541 48 21 från
715 541 131 26 betalnings-

86 576 71 26 dagen
175 577 93 26 löpande
289 583 37 15 sex
346 579 102 24 procents
466 577 54 26 årlig
535 579 63 19 ränta
612 577 85 21 komme
713 578 32 19 att
760 576 35 21 vid
811 576 35 21 L:s

85 611 126 21 afträdande
233 611 47 21 från
303 611 104 21 bostället
430 611 79 22 honom
532 611 33 21 till
586 611 54 26 godo
662 611 112 23 beräknas,
790 610 55 21 hade

84 645 247 26 Prokuratorsembetet,
348 652 45 15 som
410 645 46 22 från
473 646 121 27 Kejserliga
610 645 95 22 Senaten
720 645 41 21 fått
777 646 67 20 emot-

84 682 51 24 taga
151 680 156 26 handlingarna
321 680 6 20 i
344 680 96 26 ärendet,
457 680 5 20 i
480 680 112 21 skrifvelse
608 679 22 21 af
644 680 41 20 den
700 681 12 19 8
723 678 121 22 November

85 715 56 20 1882
157 714 23 21 åt
195 714 273 22 Advokatfiskalsembetet
483 715 7 20 i
506 714 162 22 vederbörande
687 713 88 22 Hofrätt
790 719 54 21 upp-

84 748 70 27 dragit
174 751 33 19 att
222 751 45 19 mot
281 749 213 27 Häradssynerätten
518 748 72 22 utföra
612 749 50 26 laga
680 748 44 21 åtal
744 747 33 22 för
793 748 49 20 dess

83 782 140 22 omförmälda
246 783 129 22 förfarande.
406 783 46 21 Och
472 784 56 20 hade
549 782 293 22 Advokatfiskalsembetet
830 778 15 37 i

83 817 116 27 anledning
214 818 63 21 häraf
291 818 32 20 till
338 818 121 27 Kejserlige
475 818 115 21 Hofrätten
606 818 70 26 ingått
691 817 48 21 med
751 816 91 22 embets-

82 852 117 26 memorial,
223 852 67 25 hvari,
313 853 68 21 under
401 852 156 22 framhållande
578 852 62 22 deraf
653 854 33 19 att
701 851 140 27 Synerättens

83 887 113 20 anmärkta
212 886 77 27 åtgärd
305 887 72 21 strede
394 887 48 21 icke
458 887 92 21 allenast
566 889 58 19 emot
640 886 39 22 den
696 886 32 20 uti
740 885 101 21 arrende-

81 920 127 22 kontraktet
223 921 90 21 emellan
329 922 87 20 Kronan
433 921 40 21 och
489 922 23 20 P.
529 921 122 27 åberopade
667 920 120 27 Kejserliga
798 919 42 22 för-

82 955 119 27 ordningen
217 955 22 21 af
254 956 40 20 den
311 957 26 20 25
354 955 128 27 September
496 957 62 25 1863,
568 955 112 27 angående
691 954 151 27 kungsgårdar

82 991 57 19 samt
154 990 85 21 militie-
255 990 40 20 och
310 990 133 21 civilstatens
455 990 114 25 boställen,
580 992 52 19 utan
644 990 40 20 ock
695 991 58 20 emot
763 988 80 27 nådiga

81 1023 152 27 förordningen
248 1024 6 20 i
271 1029 81 16 samma
367 1025 77 24 ämne,.
453 1024 70 27 gifven
535 1024 41 21 den
588 1025 26 20 26
626 1024 59 26 April
698 1024 60 25 1871,
769 1023 72 20 hvilka

82 1057 48 21 icke
146 1057 113 27 medgåfve
278 1058 102 27 Synerätt
400 1060 39 24 att,
456 1057 56 23 efter
527 1058 105 27 uppgjord
649 1058 118 26 beräkning
783 1057 59 22 öfver

82 1091 77 21 värdet
175 1091 22 22 af
211 1092 27 21 de
257 1093 96 25 arbeten,
377 1092 128 22 afträdande
526 1093 127 20 arrendator
673 1092 112 25 verkstält,
801 1091 41 22 och

81 1125 57 22 hvad
153 1125 42 22 han
212 1127 117 21 underlåtit
344 1127 99 26 fullgöra,
464 1127 78 27 ålägga
558 1127 134 21 tillträdaren
708 1125 134 28 utgifvandet

81 1160 23 21 af
117 1161 70 26 någon
203 1161 139 27 godtgörelse
357 1161 33 22 för
405 1161 125 28 byggnader
545 1162 49 21 med
610 1168 65 19 mera,
692 1163 56 20 samt
761 1163 33 19 att
805 1161 35 20 P:s

80 1195 130 26 rättigheter
221 1195 40 22 och
272 1195 148 28 skyldigheter
430 1196 50 21 bort
490 1196 103 21 bedömas
605 1195 54 22 efter
670 1195 171 27 grundsatserna

81 1229 7 21 i
103 1229 148 22 förstnämnda
267 1229 131 27 förordning,
420 1230 74 27 yrkats
510 1232 39 24 att,
566 1232 52 19 enär
633 1230 158 21 Häradsrätten
807 1229 34 21 så-

80 1263 67 21 lunda
161 1263 131 22 härutinnan
308 1264 89 21 handlat
413 1267 58 18 emot
487 1265 41 26 lag,
546 1265 50 21 dess
608 1264 127 22 ordförande
746 1263 93 22 Härads-

80 1297 116 28 höfdingen
217 1298 32 27 B.,
270 1298 85 22 hvilken
379 1299 114 21 anmärkta
516 1299 77 26 åtgärd
616 1299 105 21 stannade
745 1298 31 21 till
798 1298 44 21 last

81 1332 72 21 såsom
172 1331 27 22 fel
215 1333 7 19 i
238 1333 204 21 domare-embetets
466 1333 105 27 utöfning,
594 1333 67 21 måtte
685 1333 72 21 derför
778 1333 63 21 fällas

81 1365 32 21 till
137 1372 77 15 ansvar
237 1366 68 27 enligt
325 1368 25 20 12
367 1366 10 27 $
396 1369 7 19 1
422 1367 48 27 kap.
491 1368 25 20 R.
532 1367 25 21 B.
577 1369 56 19 samt
655 1368 81 20 kronan
760 1367 80 21 lemnas

80 1401 67 26 öppet
167 1402 33 20 att
220 1400 104 22 särskildt
342 1403 59 19 emot
417 1401 78 21 honom
511 1401 71 22 utföra
598 1402 57 20 talan
672 1408 34 14 om
722 1401 119 27 ersättning
