1031 1678
234 139 25 19 12
579 137 11 20 I

203 205 36 21 det
263 204 23 21 af
308 205 118 21 Ständerna
442 205 23 21 år
483 207 53 20 1885
552 205 34 21 för
601 205 66 27 sagda
683 205 33 21 års
732 205 232 28 landtdagskostnader

202 239 106 26 beviljade
332 239 79 27 anslag,
435 241 26 19 än
485 239 39 21 ock
546 240 34 21 till
602 239 137 22 bestridande
762 239 23 22 af
806 240 26 21 de
850 240 7 21 i
873 241 10 26 &
899 242 27 19 82
943 240 24 21 af

202 273 243 28 Landtdagsordningen
468 274 127 21 omnämnda
618 275 107 20 allmänna
743 275 89 26 utgifter
847 274 33 21 för
895 275 69 20 landt-

205 307 69 27 dagen
289 307 24 22 år
330 310 53 19 1888
405 310 55 19 samt
479 308 32 21 till
527 308 110 21 aflönande
654 308 23 21 af
691 314 25 15 en
732 309 90 20 ekonom
837 309 33 20 för
885 309 80 20 vården

205 341 23 21 af
243 342 130 21 Ständernas
389 342 65 26 arkiv,
470 342 104 21 bibliotek
591 342 39 21 och
645 342 68 27 öfriga
724 342 101 27 egendom
837 343 66 20 under
914 342 51 21 åren

207 377 142 21 1886—1888
365 376 38 21 och
424 377 33 20 till
472 377 131 21 betäckande
619 377 23 21 af
657 377 25 21 de
698 377 48 21 med
761 377 66 27 sagda
841 377 53 21 vård
909 377 55 21 före-

203 410 56 21 nade
283 410 121 26 kostnader,
428 411 38 20 har
490 411 141 20 omförmälda
650 411 76 26 belopp
742 411 109 26 upptagits
865 411 8 20 i
888 410 76 27 nådiga

204 444 144 27 kungörelsen
371 445 23 20 af
415 445 40 20 den
475 446 26 20 25
516 445 89 21 Januari
623 447 54 19 1886
693 445 73 20 ibland
782 445 25 20 de
823 445 78 26 anslag,
918 451 46 14 som

205 478 23 21 af
243 479 119 21 Ständerna
377 479 98 27 beviljats
490 479 35 20 vid
540 479 130 26 landtdagen
686 479 23 20 år
726 480 61 21 1885.

276 515 54 19 21:0.
360 513 49 21 Med
432 513 150 21 föranledande
603 513 23 21 af
640 513 129 22 Ständernas
785 514 69 21 beslut
869 514 7 20 i
891 513 73 21 anled-

203 547 52 27 ning
271 548 23 21 af
307 548 78 27 nädiga
404 548 160 27 propositionen
582 548 108 26 angäende
705 549 73 26 anslag
793 548 24 21 af
830 549 135 26 bevillnings-

203 582 72 21 medel
297 582 34 21 för
353 582 156 21 folkskolornas
532 582 7 21 i
561 582 72 21 landet
651 582 118 26 underhäil,
786 582 39 21 har
840 583 59 20 Hans
914 582 50 27 Kej-

205 617 79 26 serliga
299 617 99 26 Majestät
414 617 48 21 lätit
479 617 39 20 den
534 617 26 21 25
574 617 89 20 Januari
677 619 53 18 1886
741 617 86 21 utfärda
837 617 64 26 nädig
912 617 52 20 kun-

203 652 91 26 görelse,
311 651 135 27 upptagande
462 651 92 27 följande
570 652 74 26 anslag
659 651 33 21 för
708 651 208 22 folkskoleväsendet
926 658 38 15 un-

203 686 38 20 der
256 685 170 27 finansperioden
443 688 147 24 1886—1888,
606 686 117 26 nemligen:

203 754 42 21 Till
260 753 113 22 underhåll
389 754 23 21 af
426 754 110 21 städernas
552 753 119 21 folkskolor
698 770 4 4 .
735 770 4 5 .
788 755 92 25 530,400
896 754 68 21 mark.

203 789 42 21 Till
261 789 92 26 atlöning
371 788 23 21 af
410 788 164 21 folkskollärare
594 788 37 21 och
651 788 88 20 lärarin-

274 829 39 15 nor
329 822 27 27 pä
371 822 73 22 landet
483 839 4 4 .
518 839 4 4 .
554 839 4 4 .
771 824 112 24 1,822,200
924 839 8 10 ,

204 857 42 21 Till
266 856 170 27 löneförhöjning
456 856 21 22 ät
496 857 37 20 och
552 838 150 45 jansa
719 839 23 38 E

275 891 131 21 sistnämnda
422 892 70 20 lärare
508 891 38 21 och
562 891 119 21 lärarinnor
699 907 3 4 .
734 907 4 4 .
792 893 91 24 140,000
924 908 8 9 ,

204 926 42 21 Till
261 926 149 26 pensionering
426 926 22 20 af
461 926 163 21 folkskollärare
636 926 38 20 och
686 926 55 20 lära-

276 961 72 20 rinnor
363 960 6 20 i
386 960 99 21 städerna
520 976 4 4 .
556 977 4 3 .
592 976 4 5 .
736 976 3 4 5
807 962 76 24 39,000

924 976 10 9 ”

204 995 42 21 Tili
270 991 181 30 Öfverstyrelsens
474 994 32 21 för
533 976 208 39 folkskoleväsendet

276 1029 125 26 disposition
418 1029 33 20 för
466 1028 107 27 tillfälliga
587 1028 116 21 understöd
719 1030 22 19 ät

276 1063 177 21 folkskollärare.
486 1079 3 4 .
737 1079 4 4 E
809 1064 76 25 15,000

205 1097 41 22 Till
262 1097 121 21 inrättande
399 1097 23 20 af
436 1079 124 39 folkskolor
567 1097 7 20 i
589 1079 85 44 Salmis,
687 1079 53 39 Suo-

274 1131 55 27 järvi
345 1131 38 21 och
399 1131 128 27 Korpiselkä
542 1132 142 20 kommuner
677 1127 14 36 i
697 1132 43 20 Wi-

277 1166 64 27 borgs
356 1166 36 20 län
412 1182 4 4 .
448 1182 4 4 .
484 1183 4 4 .
700 1183 39 4 SE
808 1168 76 24 10,000
925 1181 9 10 ,

205 1200 74 21 hvilka
301 1201 74 26 anslag
397 1183 140 38 tillsammans
556 1183 76 44 uppaa
653 1183 33 38 till
710 1201 119 26 2,556,600,
848 1199 119 27 hvarjemte

204 1235 61 20 Hans
288 1235 99 26 Majestät
410 1235 81 26 tillätit,
515 1237 31 18 att
569 1235 23 20 af
613 1235 68 20 denna
705 1241 82 14 summa
805 1236 32 19 ett
853 1234 76 26 belopp
946 1233 23 21 af

207 1271 115 24 1,200,000
345 1269 61 21 mark
430 1269 54 21 skall
507 1269 92 27 utgifvas
614 1275 26 15 ur
655 1269 167 26 besparingarna
837 1269 7 20 i
859 1268 109 21 allmänna

206 1303 141 26 statsfonden,
363 1303 112 22 hvaremot
491 1303 121 21 äterstoden
630 1305 112 24 1,356,600
759 1303 60 20 mark
835 1302 64 27 utgär
909 1302 23 21 af
942 1302 26 21 de

205 1337 49 21 utaf
269 1337 119 21 Ständerna
404 1337 99 21 anvisade
519 1337 75 21 medel.

276 1371 136 21 Beträffande
428 1372 75 26 frägan
518 1372 108 26 angäende
642 1372 120 26 förhöjning
778 1371 23 21 af
811 1371 157 27 statsbidragen

205 1404 34 22 för
263 1405 174 22 folkskollärare-
461 1406 39 21 och
522 1406 245 27 lärarinnepersonalens
786 1406 28 26 pä
829 1406 72 21 landet
917 1406 50 21 atlö-

205 1439 58 27 ning,
280 1440 39 20 har
334 1440 59 21 Hans
408 1440 120 27 Kejserliga
543 1440 99 27 Majestät
658 1441 6 20 i
680 1440 64 27 nädig
755 1440 128 27 kungörelse
894 1440 24 21 af
927 1440 41 21 den

925 1079 9 10 ”
