1031 1678
235 127 28 18 44

208 191 143 22 löftesmanna
365 193 145 26 ansvarighet,
526 193 41 21 den
585 195 25 19 10
626 193 123 21 November
770 193 53 20 1875
840 191 81 22 afträdt
936 190 32 21 sin

208 226 106 25 egendom
330 226 31 21 till
381 227 47 21 sina
447 227 143 26 borgenärers
610 227 133 28 förnöjande,
763 226 40 21 och
823 226 145 21 Arrendatorn

208 260 37 20 R:s
261 259 93 27 fordran,
372 262 71 20 såsom
459 262 127 25 grundande
602 262 33 27 sig
651 263 13 20 å
679 263 38 20 det
733 261 92 22 smellan
835 261 81 21 kronan
928 260 40 21 och

207 294 211 23 Landthushällaren
437 297 20 20 S.
475 297 107 26 ingångna
599 297 105 21 kontrakt
723 296 112 27 angående
855 295 113 21 boställets

207 328 137 27 förvaltning,
359 330 85 26 jemlikt
465 333 4 18 1
488 332 11 24 $
517 331 3 20 i
537 331 91 26 Kejserl.
646 331 153 25 förordningen
807 330 112 26 angående
929 330 39 20 löf-

209 365 114 19 tesmanna
338 365 138 25 ansvarighet
492 364 22 22 af
528 366 41 20 den
585 366 27 20 24
620 365 105 21 Februari
739 366 62 21 1873,
812 365 55 25 bort,
879 364 89 21 säframt

208 397 57 20 talan
285 400 58 18 emot
366 398 155 22 löftesmännen
538 400 69 20 skulle
624 405 63 15 anses
708 399 101 25 bevarad,
824 399 5 20 i
846 398 122 21 Landthus-

208 431 97 21 hållaren
328 432 33 21 S:s
381 433 101 26 konkurs,
499 434 60 21 hvari
582 434 165 26 inställelsedag
764 433 95 21 inträffat
879 433 41 20 den
940 434 28 19 24

208 465 59 27 April
293 468 61 23 1876,
375 468 93 21 bevakas
489 468 52 21 eller
560 469 103 26 anmälas,
680 475 49 14 men
746 468 77 21 sädant
838 467 48 22 icke
901 467 66 25 skett,

209 502 22 24 ty
246 500 103 26 pröfvade
366 502 191 21 Rädstufvurätten
566 503 89 21 rättvist
665 503 99 21 förkasta
774 502 147 21 Arrendatorn
929 502 38 21 R:s

209 537 58 18 emot
282 535 218 23 Länelandtmätaren
516 538 24 20 R.
558 537 87 21 utförda
661 537 65 22 talan.
736 549 27 3 —
779 537 147 21 Arrendatorn
941 536 27 21 R.

209 569 63 21 sökte
289 571 66 20 sedan
372 571 34 20 vid
427 571 159 22 Häradsrätten
602 573 5 20 i
629 573 26 20 K.
672 572 93 21 sockens
781 571 94 27 tingslag
887 571 80 27 jemväl

209 604 144 21 statsverkets
369 605 142 27 förpligtande
528 609 31 18 att
575 607 31 20 till
623 607 25 20 R.
665 606 88 27 utgifva,
767 606 68 26 jemte
845 608 68 22 ränta,
924 611 42 15 om-

209 637 104 22 förmälda
329 639 78 22 honom
424 640 21 21 af
458 641 211 21 Landthushällaren
682 641 21 21 S.
713 641 105 20 utdömda
828 640 140 25 ersättnings-

208 671 79 27 belopp
311 674 63 24 4,670
397 675 34 20 mk
452 676 26 20 96
493 676 70 25 penni,
588 682 46 14 som
657 676 96 20 hvarken
773 674 22 21 af
809 674 21 21 S.
847 674 52 21 eller
914 674 53 21 hans

210 706 127 26 borgesmän
357 708 82 21 kunnat
458 709 65 26 utfäs;
548 716 47 14 men
614 712 53 19 enär
685 710 91 24 kronan,
789 709 85 27 jemlikt
889 711 27 19 54
932 709 13 25 8
961 709 7 20 i

209 740 208 28 boställsordningen
437 743 23 21 af
478 744 39 20 den
539 746 26 19 26
581 745 59 26 April
663 746 62 23 1871,
743 746 24 19 är
785 744 91 26 fritagen
891 743 33 21 för
939 743 29 21 all

208 776 139 25 ansvarighet
362 776 34 22 för
411 779 217 27 ersättningsbelopp,
644 779 74 21 hvilka
729 779 40 21 hos
780 778 104 27 afgäende
895 784 72 15 arren-

209 809 62 21 dator
287 810 52 21 eller
355 812 53 20 hans
424 812 128 27 borgesmän
568 814 47 20 icke
632 814 60 26 utgå,
703 813 126 21 förkastade
837 812 131 22 Häradsrät-

208 845 36 19 ten
261 850 77 20 genom
354 846 72 26 utslag
441 847 41 21 den
498 849 26 19 29
541 848 58 26 April
619 850 54 19 1882
688 847 95 21 nämnda
798 847 65 21 talan.
877 859 22 3 —
911 847 57 21 Slut-

209 878 58 26 ligen
287 880 85 21 utförde
393 882 145 21 Arrendatorn
555 883 25 20 R.
596 883 48 21 åter
659 883 36 21 vid
711 882 194 22 Rädstufvurätten
921 882 7 20 i
943 881 25 21 K.

209 913 55 25 stad,
281 916 45 19 mot
341 914 57 22 förre
414 916 208 22 Landskamreraren
639 918 6 20 i
662 918 25 20 N.
704 918 36 20 län
756 917 27 21 H.
800 917 40 21 och
855 917 57 21 förre
927 917 41 21 Bo-

209 947 203 28 ställsinspektören
428 951 6 20 i
450 957 81 15 samma
546 952 42 25 län,
604 951 206 27 Häradshöfdingen
825 952 24 21 A.
864 952 58 21 talan
934 958 35 15 om

210 982 62 21 deras
295 982 147 28 förpligtande
465 988 33 18 att
517 989 134 23 gemensamt
674 987 54 21 eller
749 986 40 22 den
809 986 22 21 af
849 986 54 25 dem,
923 992 46 16 som

208 1016 72 21 kunde
297 1024 62 15 anses
376 1019 72 20 dertill
463 1020 90 27 skyldig,
573 1021 32 20 till
622 1021 24 21 R.
664 1021 66 26 gälda
745 1021 92 21 berörda
852 1021 116 26 penninge-

209 1050 78 28 belopp
304 1053 48 20 med
368 1055 63 19 ränta
446 1057 56 18 samt
518 1056 121 25 ersättning
654 1055 33 22 för
703 1056 38 21 R:s
758 1055 111 27 umgälder
883 1056 7 20 i
901 1055 68 22 saken

209 1085 48 21 med
274 1087 42 20 250
332 1087 46 26 mk;
395 1094 47 15 men
459 1089 54 21 efter
528 1090 37 21 det
573 1090 213 21 Landskamrararen
795 1089 26 22 H.
832 1090 39 21 hos
882 1089 26 22 X.
919 1089 51 22 Hof-

209 1121 44 19 rält
268 1120 57 22 hade
341 1121 71 22 anfört
426 1123 78 21 besvär
520 1124 98 21 deröfver
634 1127 33 18 att
683 1125 69 26 sagda
768 1125 57 20 talan
837 1125 20 20 at
868 1124 102 21 Rädstuf-

209 1156 100 20 vurätten
326 1157 110 26 upptagits
453 1158 31 21 till
501 1158 137 27 behandling,
658 1159 123 21 förklarade
796 1159 114 22 Hofrätten
925 1166 44 15 me-

209 1189 57 21 delst
286 1190 73 26 utslag
379 1191 41 20 den
436 1193 24 19 21
484 1193 60 26 April
562 1195 53 20 1883
632 1194 44 25 det,
691 1194 87 27 jemlikt
793 1196 11 18 7
821 1200 62 15 mom.
900 1196 13 19 2
929 1195 11 24 $
956 1196 13 19 8

209 1223 47 27 kap.
273 1224 25 21 R.
320 1225 33 25 B.,
372 1225 47 21 icke
441 1227 119 22 tillkomma
576 1228 195 21 Rädstufvurätten
788 1230 32 19 att
835 1228 75 27 pröfva
925 1234 44 15 om-

208 1257 105 22 förmälda
323 1260 251 27 ersättningspästäende
580 1265 45 19 mot
633 1263 213 21 Landskamreraren
854 1263 34 25 H.,
897 1263 6 21 i
913 1269 57 15 sam-

209 1292 108 26 manhang
333 1293 101 22 hvarmed
451 1296 57 21 talan
524 1299 44 18 mot
589 1297 206 26 Häradshöfdingen
814 1298 25 20 A.
854 1293 115 36 lämpligen

205 1327 80 25 jemväl
301 1328 68 20 borde
385 1329 139 27 handläggas,
540 1333 56 19 samt
616 1332 104 21 anvisade
735 1332 64 27 förty,
814 1332 49 21 med
880 1331 89 28 upphäf-

208 1361 70 21 vande
294 1362 23 20 af
331 1362 56 21 hvad
403 1364 193 22 Rädstufvurätten
612 1366 6 20 i
634 1366 69 21 saken
715 1366 98 28 tillejort,
824 1366 146 22 Arrendatorn

208 1396 25 20 R.
250 1398 33 19 att
299 1397 13 20 å
328 1399 39 23 ort,
385 1404 45 15 som
447 1400 137 26 vederborde,
595 1401 39 21 :sin
650 1401 60 21 talan
726 1400 98 28 fullfölja.

278 1432 146 22 Arrendatorn
449 1434 25 21 R.
496 1435 71 21 inkom
588 1435 68 27 derpä
675 1435 33 21 till
731 1436 240 22 Prokuratorsembetet
