1031 1678
64 834 16 20 e)
94 832 79 18 Anskaf-

220 139 29 21 20

192 201 94 26 tryckas,
305 201 48 21 med
371 202 81 21 femton
470 202 60 21 mark
549 202 33 21 för
600 202 85 21 hundra
701 202 95 27 stycken,
814 202 38 21 allt
867 202 82 21 utfördt

193 235 66 26 enligt
276 235 8 20 i
302 235 126 22 kontraktet
446 235 136 28 specificerad
601 237 73 20 metod
693 237 91 20 medelst
799 236 149 27 koppartryck.

193 268 55 21 Från
264 268 140 22 förenämnda
418 270 134 26 godtgörelse
566 270 61 27 afgår
642 270 66 21 likväl
723 271 30 20 tio
769 271 94 26 procent,
879 270 69 21 såsom

193 303 124 26 ersättningi
331 303 34 20 till
383 303 89 21 Banken
490 303 33 22 för
538 304 149 21 maskinernas
703 304 88 26 slitning
806 305 39 20 och
860 306 62 19 ränta
937 304 12 20 å

194 336 35 20 det
244 337 7 19 i
267 337 48 21 dem
334 337 106 26 nedlagda
458 337 87 26 kapital.
575 337 103 21 Förutom
701 337 134 21 förestående
857 338 91 20 bestäm-

193 370 75 26 ningar
290 373 105 24 upptager
417 370 123 22 kontraktet
562 371 180 26 hufvudsakligen
764 371 130 27 förpligtelse
916 371 33 21 för

193 403 168 26 föreständaren,
385 406 32 19 att
439 411 90 14 ansvara
548 405 33 20 för
596 405 74 26 hvarje
689 407 117 24 emottaget
824 405 38 20 ark
881 405 67 21 sedel-

193 443 87 21 papper,
300 437 33 21 för
351 438 81 21 hvilket
450 438 47 21 icke
516 439 115 26 behörigen
651 439 116 25 redovisas,
783 439 48 21 med
847 440 36 20 det
897 445 51 21 pen-

194 471 148 27 ningebelopp,
363 478 45 15 som
426 474 118 19 motsvarar
559 473 27 20 de
601 473 77 25 sedlar,
695 473 72 21 hvilka
781 473 64 20 bordt
861 473 12 21 &
887 473 61 20 arket

193 505 96 26 tryckas;
309 508 32 18 att
363 505 79 26 afgifva
464 507 113 26 yttranden
597 507 39 20 och
655 507 80 26 förslag
750 507 7 20 i
772 507 71 26 frägor
857 507 91 21 rörande

193 539 235 27 sedeltillverkningen;
447 542 31 19 att
496 540 27 26 gä
541 541 7 20 i
567 540 126 27 författning
712 547 34 14 om
769 541 135 21 anskaffande
928 541 22 20 af

193 572 110 21 maskiner
325 573 40 21 och
387 573 34 21 för
442 573 98 22 Bankens
559 574 90 26 räkning
666 576 97 25 uppgöra
778 575 51 20 aftal
845 581 33 14 om
893 575 55 20 utfö-

194 606 66 21 rande
279 606 23 21 af
319 607 103 26 ritningar
442 607 39 21 och
499 614 100 21 gravyrer
617 611 56 18 samt
689 609 32 20 att
735 614 51 15 vara
800 609 86 20 försedd
900 609 48 20 med

194 639 49 21 fullt
257 640 89 27 pälitlig,
363 641 90 26 skicklig
468 641 39 21 och
523 641 33 21 för
571 642 41 20 den
628 642 89 21 afsedda
728 642 221 26 sedeltillverkningen

195 673 115 27 tillräcklig
331 674 179 27 arbetspersonal.
540 675 105 26 Slutligen
669 676 86 25 stadgas
774 677 32 19 att
825 676 124 20 kontraktet

194 707 43 21 kan
256 707 13 21 &
288 710 57 19 ömse
367 708 59 21 sidor
447 710 112 25 uppsägas,
578 709 7 21 i
602 709 83 21 hvilket
707 709 37 21 fall
766 710 114 26 tryckeriet
895 710 54 20 skall

193 741 59 20 inom
275 748 37 14 sex
334 742 101 20 mänader
460 742 92 22 derefter
574 743 23 21 af
617 743 163 21 föreständaren
803 744 100 26 afträdas,
926 743 23 21 sä

195 774 64 22 framt
275 776 18 26 ej
309 778 66 18 annat
390 776 52 21 aftal
457 776 79 22 träffas.

264 826 21 27 e)
300 827 96 21 Emedan
410 828 138 26 graveringen
564 828 24 20 af
601 828 189 26 origmalplätarne
805 828 33 21 till
853 829 40 20 den
909 835 40 20 nya

50 855 57 18 fande
120 855 21 17 af
151 856 37 16 ori-
194 856 196 31 fommarkssedeln,
414 867 44 15 som
482 861 67 21 skulle
572 862 81 20 utföras
673 862 128 26 utomlands,
816 862 47 21 icke
877 862 71 21 kunde

51 878 136 22 ginalplätarne

51 900 29 18 till
98 901 36 17 den
152 906 32 17 nya
195 894 119 29 skriftligen
338 895 109 26 beordras,
473 896 82 20 beslöto
581 896 196 26 Bankfullmäktige
799 896 41 20 den
862 897 13 20 2
897 896 52 21 Juni

62 923 37 17 fem
113 924 63 16 marks

85 946 71 18 sedeln.

195 928 55 22 1886
273 930 32 20 att
327 929 43 21 låta
392 929 55 21 Herr
466 930 109 26 Tilgmann
594 930 27 26 pä
636 930 101 21 Bankens
753 930 119 21 bekostnad
887 930 61 21 verk-

194 963 63 20 ställa
280 968 26 15 en
328 969 49 15 resa
399 964 32 20 till
453 964 81 20 utrikes
556 965 40 24 ort,
615 964 33 20 för
667 966 32 18 att
718 964 121 26 peliminärt
854 966 94 25 uppgöra

194 996 53 21 aftal
263 1003 34 14 om
312 997 138 26 graveringen
466 997 22 20 af
502 998 91 20 berörda
607 998 70 26 plätar
697 999 54 19 samt
769 998 85 26 vidtaga
871 998 78 26 nödiga

194 1030 100 21 tekniska
312 1031 144 26 anordningar
474 1031 22 20 af
513 1037 114 20 gravyrens
644 1031 99 21 enskilda
757 1032 96 26 detaljer,
867 1032 82 21 hvilket

195 1064 52 21 aftal
263 1065 122 20 sedermera
400 1065 65 20 borde
480 1065 142 21 underställas
640 1065 209 21 Bankdirektionens
864 1065 85 26 slutliga

194 1098 101 27 pröfning
314 1099 39 20 och
373 1098 161 27 godkännande.
566 1099 45 20 Och
627 1099 67 26 jemte
713 1099 37 20 det
768 1099 55 20 Herr
838 1099 111 26 Tilgmann

194 1132 147 26 berättigades
356 1134 32 19 att
403 1132 32 21 för
451 1132 91 21 nämnda
556 1139 49 14 resa
620 1133 7 20 i
642 1133 51 20 män
708 1133 23 20 af
743 1133 67 20 behof
819 1133 22 20 af
850 1133 99 20 Bankens

194 1166 70 21 medel
283 1166 98 21 använda
399 1166 55 21 ända
473 1167 32 20 till
521 1167 41 21 750
577 1167 67 25 mark,
664 1166 109 27 uppdrogs
788 1167 23 20 ät
825 1167 54 20 Herr
893 1167 56 26 Tilg-

194 1205 65 15 mann
282 1202 32 19 att
335 1200 72 21 dervid
424 1200 77 27 jemväl
519 1200 91 21 beställa
630 1201 43 20 alla
691 1200 138 27 erforderliga
844 1200 106 21 maskiner

195 1233 40 21 och
250 1235 115 25 apparater
380 1233 33 22 för
429 1234 179 27 sedeltryckeriet.

265 1285 71 20 Sedan
363 1285 187 27 originalplätarne
572 1285 33 21 till
627 1285 43 21 fem
693 1285 71 21 marks
786 1285 72 22 sedeln
881 1285 69 22 blifvit

195 1317 87 22 utförda
301 1318 12 21 &
332 1318 62 26 tyska
412 1319 148 21 Riksbankens
576 1319 6 20 i
597 1319 74 21 Berlin
686 1319 100 26 tryckeri,
802 1319 62 21 hafva
879 1319 71 22 Bank-

194 1351 134 26 fullmäktige
351 1351 23 21 af
394 1352 144 21 förekommen
556 1353 115 25 anledning
691 1352 40 22 den
746 1354 14 20 5
775 1353 58 20 Mars
849 1353 53 21 1887
918 1353 32 21 bi-

193 1384 57 22 fallit
265 1385 56 21 Herr
335 1386 123 26 Tilgmanns
473 1386 156 26 framställning
644 1386 75 21 derom
733 1388 32 19 att
772 1386 78 27 jemväl
861 1393 26 14 en
897 1393 53 20 upp-

194 1419 97 27 sättning
314 1419 22 21 af
357 1420 32 20 till
412 1420 186 26 proftryckningen
616 1420 79 26 nödiga
714 1420 131 27 tryckplätar
860 1421 39 21 och
914 1421 36 20 cli-

194 1452 65 21 ch6er
282 1452 55 27 finge
359 1453 28 26 pä
408 1454 55 20 Herr
486 1453 106 27 Tilgmans
615 1454 121 21 bekostnad
758 1454 38 21 hos
811 1454 139 21 Riksbanken
