1031 1678
371 134 21 23 U.
408 133 20 23 B.
444 145 28 4 —
488 133 124 24 111—XXXVI.
822 135 13 20 7

102 199 49 26 post
166 197 76 22 endast
257 197 26 22 de
300 196 140 27 skolafgifter,
455 196 73 22 hvilka
543 196 96 27 erläggas
659 196 35 22 vid
716 196 148 28 polytekniska

102 231 112 26 institutet,
237 231 128 27 reallyceum
389 231 40 21 och
451 230 263 22 folkskoleseminarierna.
745 230 118 28 Afgifterna

102 265 35 22 vid
152 267 80 20 statens
248 265 69 26 öfriga
331 265 100 21 läroverk
446 264 74 29 inflyta
536 265 96 21 deremot
647 265 46 21 icke
711 265 32 21 till
754 265 107 21 ailmänna

101 299 139 27 statsfonden,
256 300 52 20 utan
323 298 103 22 bokföras
441 299 7 20 i
463 305 26 15 en
504 299 92 22 särskild
611 299 51 21 fond
684 299 105 22 benämnd
811 299 50 21 Fin-

101 333 61 21 lands
185 333 104 25 skolfond,
312 332 33 22 för
368 335 33 19 att
423 333 7 20 i
446 333 124 21 densamma
592 333 68 21 hällas
681 333 33 21 för
731 333 130 21 statsverket

101 366 119 28 disponibla
235 366 33 22 till
291 366 132 28 uppförande
446 366 22 22 af
489 366 180 28 ändamälsenliga
691 366 170 28 skolbyggnader

100 401 42 21 och
157 400 138 22 anskaffande
314 400 23 21 af
361 400 65 27 nödig
448 401 152 22 skolmateriel.
630 402 33 21 Då
685 401 34 21 väl
740 400 121 28 lämpligast

101 434 42 22 alla
158 434 116 21 skolmedel
290 433 68 23 borde
372 436 106 25 upptagas
493 435 68 22 under
578 441 26 16 en
627 435 40 22 och
689 441 80 16 samma
792 434 47 22 titel
853 433 8 22 i

101 470 81 20 statens
192 468 153 27 räkenskaper,
355 469 28 26 pä
394 468 36 22 det
442 469 47 21 med
500 471 69 20 större
582 469 104 28 tydlighet
696 470 66 21 mätte
772 469 87 27 framgä,

100 502 86 23 hvilken
200 502 93 22 inkomst
309 504 72 20 staten
396 503 40 21 har
450 509 77 21 genom
543 503 62 22 dessa
620 503 90 28 afgifter,
726 503 40 22 och
783 503 38 22 det
830 503 31 22 vi-

100 538 34 20 sat
149 536 32 27 sig
195 538 32 20 att
243 537 40 21 den
298 543 17 15 s.
331 536 22 22 k.
368 537 127 22 skolfonden
513 537 48 22 icke
571 537 85 22 mäktar
666 543 71 16 ensam
748 537 112 27 tillgodose

100 571 37 21 det
151 570 72 27 behof,
238 570 86 22 hvarför
339 571 123 22 densamma
477 571 85 26 stiftats,
583 571 3 22 i
601 571 37 22 det
653 571 119 28 betydande
787 571 73 27 anslag

100 604 68 22 blifvit
180 604 79 27 jemväl
274 611 25 14 ur
314 605 109 22 allmänna
437 605 134 22 statsfonden
586 605 103 28 beviljade
704 605 33 22 för
751 611 42 22 nya
802 605 57 22 skol-

100 637 128 29 byggnader,
243 639 40 21 har
300 639 112 22 Utskottet
427 639 57 22 velat
499 641 71 21 såsom
593 642 31 20 ett
647 639 157 28 önskningsmäl
827 641 32 20 ut-

98 672 51 27 tala,
165 674 32 20 att
212 672 112 28 afgifterna
339 673 47 21 från
402 674 98 27 samtliga
518 676 82 20 statens
610 674 97 22 läroverk
717 673 69 23 blefve
796 672 63 22 fram-

100 706 59 22 deles
182 708 109 26 upptagna
314 707 39 22 och
377 707 106 23 bokförda
505 708 33 22 uti
553 708 106 22 allmänna
674 708 137 22 statsfonden.

167 740 69 22 Bland
259 741 26 21 de
308 741 150 27 förändringar
479 742 8 22 i
509 742 254 28 beskattningsväsendet,
787 741 71 22 hvilka

98 773 95 22 inträffat
208 774 67 22 under
291 775 26 21 de
333 776 24 21 år
372 776 200 28 kapitalräkningen
588 776 105 26 omfattar,
709 776 62 22 torde
783 776 76 21 främst

98 807 53 22 böra
172 810 87 20 nämnas
281 810 145 28 mjölgvarns-
449 810 39 21 och
508 811 253 28 stampverksräntornas
776 809 81 27 upphö-

97 841 66 22 rande
178 841 46 23 frän
239 843 40 21 och
295 844 48 22 med
357 845 25 21 är
400 845 54 21 1884
472 846 29 26 pä
515 845 70 27 grund
600 845 22 21 af
634 845 58 27 Kejs.
708 844 150 26 förordningen

97 875 41 22 den
163 876 26 22 18
206 876 126 28 September
349 879 60 21 1882.
439 879 69 22 Dessa
523 881 80 24 räntor,
619 885 46 16 som
680 880 51 20 ären
747 878 55 22 1883
818 877 40 23 och

97 910 57 21 1884
176 910 97 28 utgjorde
295 918 55 21 resp.
374 913 85 26 93,608:
477 914 27 21 74
528 913 40 22 och
590 914 84 26 89,558:
691 914 27 20 74
741 912 68 22 blefvo
825 912 33 21 sä-

96 942 66 23 lunda
184 944 47 22 icke
254 951 45 16 mer
321 946 24 22 är
361 947 56 21 1885
433 947 120 27 uppburna,
569 947 86 22 hvarför
669 947 68 21 denna
755 946 102 22 inkomst-

95 978 49 26 post
159 978 76 22 saknas
250 979 7 21 i
273 979 105 28 sistsagda
392 982 36 20 ärs
443 981 121 27 räkningar.
595 982 33 20 En
644 988 69 15 annan
727 980 64 26 skatt,
811 986 46 16 som

93 1010 80 27 jemväl
188 1012 67 21 under
269 1012 163 35 ifrågavarande
447 1015 94 28 tidrymd
555 1015 100 27 upphört,
671 1017 24 19 är
709 1014 87 21 knekte-
818 1013 39 21 och

94 1045 231 29 rotefrihetsafgiften
347 1048 7 21 i
377 1043 147 31 Österbotten,
540 1049 86 22 hvilken
642 1049 125 22 afskaffades
780 1053 77 22 genom

94 1078 57 28 Kejs.
175 1080 142 27 kungörelsen
340 1081 41 22 den
404 1083 25 20 21
454 1083 119 22 December
592 1084 62 21 1883.
683 1083 96 22 Berörda
797 1081 60 27 afgift

94 1113 63 24 torde
171 1113 63 22 hafva
249 1115 122 22 tillkommit
385 1115 34 22 för
433 1118 32 20 att
481 1117 95 27 utjemna
591 1118 107 22 olikheten
712 1118 7 21 i
735 1118 41 21 den
798 1116 59 23 äldre

93 1147 168 28 rotesättningen
285 1149 40 21 och
347 1149 89 22 sälunda
452 1151 114 27 uppburits
581 1152 22 21 af
617 1152 26 21 de
658 1154 60 19 rotar
732 1151 37 22 vid
784 1147 73 26 Öster-

92 1180 86 23 bottens
200 1185 128 24 regemente,
351 1183 83 22 hvilkas
456 1185 130 22 rotemantal
610 1186 67 22 blifvit
696 1188 44 20 satt
755 1186 59 27 lägre
829 1188 28 20 än

89 1215 230 26 jordeboksmantalet.
350 1217 62 22 Efter
434 1219 37 22 det
488 1225 27 16 en
530 1226 28 21 ny
573 1220 140 27 rotesättning
728 1220 7 21 i
749 1220 56 22 vissa
821 1220 35 21 de-

92 1247 32 22 lar
153 1249 23 21 af
202 1249 73 23 landet
303 1251 68 22 blifvit
399 1252 113 28 päbjuden,
539 1253 114 23 föreskrefs
679 1255 70 21 derför
779 1261 76 20 genom

91 1287 27 16 en
141 1283 57 26 Kejs.
223 1284 126 27 kungörelse
373 1286 40 21 den
438 1288 26 20 29
488 1287 60 23 Mars
571 1289 55 22 1858
649 1290 32 20 att
695 1289 160 26 ifrägavarande

90 1315 60 22 skatt
171 1317 68 22 skulle
261 1319 104 27 upphöra,
390 1320 65 22 sedan
479 1321 41 22 den
543 1328 41 21 nya
603 1323 169 26 rotesättningen
787 1322 68 22 blifvit

89 1348 94 23 afslutad
198 1350 7 21 i
221 1342 144 44 Österbotten.
396 1354 168 28 Ursprungligen
579 1356 69 26 torde,
663 1357 69 21 säsom
747 1362 50 21 nyss
819 1362 36 16 an-

90 1383 64 33 tydts,
177 1384 89 24 knekte-
289 1387 39 21 och
351 1388 213 28 rotefrihetsafgiften
587 1390 64 22 hafva
673 1392 70 25 utgätt
758 1390 76 22 endast
848 1391 7 20 i

90 1412 145 34 Österbotten,
259 1427 47 15 men
330 1422 66 21 sedan
411 1428 77 21 genom
504 1426 32 19 ett
551 1424 56 27 Kejs.
624 1424 48 22 bref
685 1424 41 22 den
743 1424 26 21 26
787 1424 68 22 Okto-

89 1451 39 22 ber
145 1453 55 21 1814
215 1454 96 27 stadgats
326 1457 32 19 att
375 1457 114 21 oroterade
505 1457 104 23 boställen
629 1458 32 22 vid
664 1458 148 28 landstaten
805 1464 52 21 jem-

157 1493 154 18 Statsutskotteis
323 1494 117 19 betänkande
452 1496 37 18 N:o
502 1497 18 18 8.
