1031 1678
235 137 39 20 116

204 207 41 16 ven
261 201 79 26 qvinna
358 201 115 28 ingalunda
492 202 42 21 kan
550 202 48 21 med
617 202 58 27 hopp
692 208 35 15 om
741 201 112 28 framgång
869 202 94 27 åberopa

204 236 71 21 denna
297 235 34 22 sin
354 236 108 27 egenskap
483 236 33 22 för
534 238 32 19 att
584 237 73 25 undgå
677 236 134 28 påföljderna
832 236 23 22 af
871 238 32 20 ett
918 238 45 20 mot

205 270 70 21 henne
291 270 64 21 väckt
371 271 44 21 åtal
430 270 32 22 för
478 271 124 21 skörlefnad
617 271 52 21 eller
685 271 131 27 lönskaläge.

273 305 33 21 De
322 305 125 27 visserligen
463 305 7 21 i
486 305 26 22 de
527 305 64 22 bästa
606 305 96 27 afsigter,
719 312 48 15 men
783 307 72 26 tyvärr
867 305 48 22 icke
924 305 38 22 all-

203 338 33 22 tid
250 338 133 28 välbetänkt,
406 341 45 19 mot
470 339 167 22 öfvervakandet
652 339 23 21 af
697 340 168 26 prostitutionen
888 340 75 26 gjorda

205 379 123 21 angreppen
344 373 64 22 hafva
422 373 42 22 fått
479 380 26 15 en
520 374 90 27 förnyad
624 373 43 22 fart
683 374 68 21 sedan
767 374 41 21 den
824 374 23 21 år
860 376 53 19 1875
926 380 35 20 ge-

203 413 50 15 nom
276 407 42 21 Fru
341 407 86 22 Butlers
450 408 91 21 initiativ
562 408 88 21 stiftade
666 408 25 21 så
705 408 86 21 kallade
806 408 155 21 Federationen

203 441 76 22 vunnit
294 441 71 27 insteg
381 441 62 22 äfven
458 443 7 20 i
480 443 47 20 vårt
542 443 57 20 land.

273 476 51 21 Man
339 476 65 27 yrkar
419 483 29 15 nu
463 477 55 21 både
534 477 106 26 offentligt
656 477 40 21 och
714 476 93 22 enskildt

275 512 33 19 1:0
324 513 33 18 att
372 511 83 26 polisen
470 511 55 21 skall
540 511 98 27 upphöra
654 513 33 19 att
702 511 47 22 föra
764 511 91 26 register
866 510 58 22 öfver
935 510 26 21 de

203 545 118 26 veterligen
337 545 49 21 med
402 545 62 22 otukt
480 546 32 26 sig
526 545 120 22 lifnärande
657 545 119 27 qvinnorna
787 547 56 19 samt
853 547 32 19 att
897 545 65 21 dessa

205 579 104 27 derjemte
326 579 61 21 skola
402 580 33 21 för
450 579 111 22 framtiden
577 580 80 21 befrias
669 579 46 22 från
728 580 41 21 den
779 579 34 22 för
823 579 48 22 dem
880 579 82 27 nesliga

204 613 47 26 och,
273 613 66 27 enligt
355 613 143 27 förmenande,
512 615 79 26 jemväl
611 616 45 19 mot
677 614 159 27 grundlagarne
851 614 110 21 stridande

204 647 124 27 besigtning
344 648 110 21 desamma
470 649 38 20 här
523 649 7 20 i
546 649 76 21 staden
640 651 37 19 äro
694 648 167 26 underkastade,
878 648 40 21 och

273 684 34 19 2:0
324 684 33 19 att
371 682 73 28 hvarje
461 683 22 21 ät
498 683 123 26 liderlighet
634 682 117 22 hemfallen
763 682 77 27 gvinna
851 682 53 21 skall
916 682 45 21 äta-

204 716 32 21 las
262 716 41 21 och
326 716 110 22 befordras
459 717 32 21 till
512 724 77 14 ansvar
606 729 24 3 —
648 717 124 27 antagligen
795 717 37 21 det
847 717 6 20 i
869 718 26 20 57
912 716 49 27 kap.

204 750 28 21 M.
249 750 24 22 B.
296 752 90 25 utsatta,
410 751 122 26 bestäende,
555 750 35 22 för
611 751 69 21 första
703 757 62 15 resan
789 750 121 22 skörlefnad
931 751 31 21 uti

205 780 131 36 omedelbart
347 785 123 21 insättande
486 786 6 20 i
508 786 65 20 häkte
588 786 40 20 och
643 786 64 21 böter
720 786 52 20 eller
783 785 87 21 allmänt
881 785 80 26 arbete,

204 818 56 22 efter
282 818 105 28 pröfning,
404 822 56 18 samt
482 820 32 21 för
538 820 112 27 upprepad
676 820 68 21 sädan
771 820 137 26 brottslighet
930 820 32 20 uti

203 853 100 21 risstraff.

273 888 33 20 Dä
318 888 38 27 jag
371 895 29 14 nu
416 889 37 26 gär
468 890 32 19 att
516 889 53 21 söka
584 891 98 19 närmare
698 888 75 27 belysa
785 888 71 21 halten
867 888 23 21 af
899 888 63 22 dessa

204 922 117 27 yrkanden,
345 923 36 21 vill
398 923 38 27 jag
455 924 31 20 till
507 930 25 14 en
551 924 74 26 början
640 924 73 20 lemna
729 923 12 21 å
757 923 45 21 sido
826 923 135 27 spörsmälet,

204 956 106 22 huruvida
318 957 152 27 Prokuratorn,
481 958 7 20 i
497 958 31 20 sin
540 958 108 26 egenskap
660 957 23 21 af
692 958 74 26 lagens
778 957 94 26 väktare,
883 957 78 26 kunde,

204 991 122 21 oberoende
343 991 22 21 af
379 991 73 27 hvarje
468 998 69 15 annan
554 992 114 26 synpunkt,
679 998 63 14 anses
758 991 115 27 förpligtad
888 993 32 19 att
930 991 32 22 för

204 1025 33 20 sin
253 1025 34 21 del
304 1025 140 22 efterkomma
460 1026 39 21 och
514 1026 141 27 understödja
673 1027 120 24 desamma;
810 1025 39 22 och
861 1026 56 21 skall
925 1025 38 28 jag

203 1059 32 21 till
250 1059 55 21 först
320 1060 56 21 blott
391 1060 57 21 hälla
464 1061 42 26 mig
520 1061 32 20 till
568 1060 282 27 lämplighetssynpunkten,
868 1061 19 20 d.
907 1067 18 14 v.
945 1067 17 14 s.

204 1093 33 21 till
252 1093 80 28 frägan,
342 1101 33 14 om
392 1095 27 21 de
434 1095 108 27 päyrkade
559 1095 130 26 ätgärderna
697 1095 73 20 kunna
781 1101 49 14 vara
841 1095 121 21 ändamäls-

204 1128 71 27 enliga
291 1129 39 20 och
347 1129 82 26 egnade
445 1131 33 19 att
493 1130 148 21 åstadkomma
657 1130 41 21 den
715 1129 128 26 förbättring
854 1129 6 21 i
871 1130 37 20 det
923 1136 39 14 nu-

203 1163 95 20 varande
313 1163 127 27 tillständet,
458 1170 44 23 som
518 1164 122 27 antagligen
657 1164 49 21 med
723 1163 47 22 dem
786 1163 97 27 äsyftats.

272 1197 10 21 I
298 1197 114 28 anledning
424 1197 22 22 af
456 1199 155 20 ofvanberörda
619 1198 111 27 yrkanden
742 1198 49 21 ville
799 1198 38 27 jag
848 1204 27 14 nu
887 1197 75 22 främst

203 1231 32 21 till
251 1231 199 27 sedlighetsifrarne
472 1233 71 26 guand
560 1233 68 21 möme
645 1233 79 20 endast
740 1232 63 21 siälla
819 1233 40 20 den
875 1231 85 27 frägan:

203 1268 24 18 är
243 1266 37 21 det
295 1266 80 26 troligt,
392 1269 33 18 att
440 1267 156 27 otuktssynden
612 1267 55 21 skall
684 1267 98 27 upphöra
797 1269 32 18 att
841 1266 69 21 finnas
922 1266 39 26 till,

203 1306 34 15 om
257 1306 48 15 man
325 1300 95 22 häktade
436 1304 56 18 samt
506 1301 49 22 med
571 1301 171 27 penningeböter
758 1301 52 21 eller
825 1301 88 21 allmänt
928 1307 33 14 ar-

203 1334 51 21 bete
273 1334 125 22 afstraffade
413 1335 26 21 de
455 1342 28 14 nu
498 1336 7 20 i
520 1336 95 26 polisens
636 1336 93 26 register
748 1335 83 21 införda
846 1335 116 26 gvinnorna

203 1368 40 21 och
267 1368 69 22 tillika
358 1369 65 26 frigaf
445 1370 47 20 dem
514 1369 46 21 frän
584 1369 239 27 besigtningstvänget?
853 1369 50 21 Med
921 1369 41 21 den

202 1402 123 22 kännedom
345 1409 25 15 en
387 1403 53 21 hvar
460 1404 66 21 borde
542 1404 62 20 hafva
620 1410 33 14 om
670 1404 212 25 menniskonaturen,
899 1403 62 21 torde

202 1443 49 15 man
267 1439 72 25 tryggt
354 1438 72 21 kunna
442 1439 68 26 pästä,
527 1440 32 19 att
574 1438 64 22 dessa
659 1438 64 21 straff
735 1438 44 20 lika
794 1438 48 20 litet
858 1444 46 14 som
920 1437 40 21 den
