1031 1678
786 137 28 21 35

84 199 57 21 hade
167 199 117 20 emellertid
310 199 70 26 någon
403 199 92 21 särskild
518 199 130 21 instruktion
671 199 32 21 för
726 199 47 21 dem
796 199 47 21 icke

85 233 70 21 blifvit
173 233 108 26 utfärdad,
297 234 52 20 utan
365 233 39 20 har
420 233 196 21 Bankdirektionen
632 234 7 20 i
655 233 26 21 de
696 233 43 25 fall,
755 233 27 21 då
797 239 46 20 reg-

86 268 113 20 lementets
214 267 159 26 bestämningar
387 267 7 20 i
410 269 74 19 ämnet
498 268 48 21 icke
561 268 55 20 varit
631 268 110 26 tillfyllest,
757 267 86 21 medde-

85 301 31 21 lat
130 301 126 21 kassörerne
272 301 138 26 erforderliga
425 301 134 22 föreskrifter
574 302 32 20 till
621 302 148 21 efterrättelse.
800 301 43 20 All-

86 336 105 20 denstund
211 336 118 20 ännämnde
349 335 24 27 $$
393 335 65 21 likväl
477 336 143 26 uttryckligen
632 336 121 23 förutsätta,
770 337 32 19 att
817 341 25 14 en

86 370 57 26 dylik
158 369 130 21 instruktion
304 369 39 21 bör
359 369 123 27 förefinnas,
502 370 79 26 ansågo
600 370 32 26 sig
647 369 196 25 Bankfullmäktige

86 403 95 27 skyldige
201 404 32 19 att
249 403 98 20 utarbeta
363 404 31 19 ett
410 404 54 20 efter
480 404 132 20 närvarande
628 403 147 21 förhållanden
791 403 52 20 läm-

86 437 52 26 padt
152 436 81 27 förslag
248 437 31 20 till
295 437 131 20 instruktion
436 437 34 20 för
481 438 97 25 samtlige
589 437 98 21 kassörer
698 437 35 20 vid
743 437 99 20 Bankens

85 471 168 21 hufvudkontor.
283 471 50 20 Men
349 471 27 20 då
392 471 35 20 vid
444 471 56 22 1882
516 471 34 21 års
565 472 102 25 landtdag
682 471 59 26 fråga
756 471 87 20 väcktes

86 511 34 15 om
139 505 128 21 utfärdande
285 505 23 20 af
325 507 47 25 nytt
387 505 131 26 reglemente
534 506 33 20 för
583 505 88 21 Banken
686 506 55 20 samt
756 505 36 20 det
807 511 36 14 en-

86 540 38 26 ligt
144 539 130 21 Ständernas
293 539 97 27 uppdrag
408 540 113 20 tillkomna
544 540 102 25 förslaget
665 540 33 20 till
717 539 125 26 bankregle-

86 575 70 18 mente
176 573 75 26 skulle,
270 573 7 20 i
292 573 102 21 händelse
410 574 118 20 detsamma
543 574 69 20 blifvit
627 573 116 27 godkändt,
759 573 84 20 utöfvat

86 607 116 27 inflytande
224 607 27 26 på
274 607 187 26 bestämningarna
480 609 32 20 uti
529 608 161 26 ifrågavarande
706 607 135 25 instruktion,

87 641 76 21 trodde
182 641 31 26 sig
232 641 195 25 Bankfullmäktige
447 642 54 21 böra
517 642 87 21 afvakta
620 642 111 21 resultatet
746 641 23 20 af
782 643 60 18 ären-

87 675 46 21 dets
148 675 131 27 behandling
293 676 39 20 hos
349 678 73 18 senast
440 675 130 21 församlade
587 676 96 20 Ständer,
715 675 70 21 Scdan
801 675 42 21 för-

86 709 69 26 slaget
173 710 34 20 till
225 711 47 25 nytt
291 709 189 26 bankreglemente
497 710 117 20 emellertid
630 710 23 21 af
667 709 119 21 Ständerna
801 709 42 20 för-

86 743 91 25 kastats,
192 743 65 21 hafva
271 744 197 26 Bankfullmäktige
484 744 48 20 med
547 744 132 26 underdånig
689 743 110 21 skrifvelse
810 742 33 21 för

87 778 41 20 den
143 778 26 20 27
186 778 104 20 Februari
306 778 55 20 1886
372 778 34 20 till
416 778 131 26 granskning
559 778 37 20 och
608 778 137 20 fastställelse
757 776 86 21 insändt

87 811 125 21 förberörda
227 812 79 26 förslag
321 812 32 20 till
368 812 139 26 instruktion,
531 812 45 20 deri
598 812 172 20 handkassornas
791 810 52 26 hög-

86 847 34 19 sta
143 846 84 20 tillåtna
250 846 76 26 belopp
348 846 33 20 för
404 846 77 20 andre-
509 846 38 20 och
578 846 187 20 vexelkassörerne
790 850 53 21 upp-

87 880 62 25 togos
174 880 7 20 i
204 880 92 25 enlighet
319 880 48 20 med
391 880 209 20 Bankdirektionens
623 879 160 25 framställning,
809 878 34 20 för

87 914 41 20 den
153 914 152 20 förstbemälde
332 914 32 20 till
391 914 94 26 100,000
511 914 39 20 och
573 914 33 20 för
627 914 162 20 vexelkassören
811 912 31 20 till

88 948 92 25 150,000
195 948 66 26 mark,
277 948 110 20 hvaremot
404 948 69 20 öfver-
490 948 38 20 och
544 948 66 20 förste
625 948 137 20 kassörernes
776 946 67 21 hand-

86 981 75 21 kassor
185 982 118 21 bibehöllos
325 982 35 20 vid
382 982 26 20 de
428 982 22 20 af
470 982 92 21 Senaten
580 982 33 20 för
636 982 47 20 dem
706 980 137 21 derförinnan

86 1015 128 21 föreskrifna
229 1015 112 27 beloppen.
365 1015 45 22 Och
426 1016 47 20 blef
487 1016 160 26 ifrågavarande
663 1015 80 25 förslag
759 1015 39 20 den
815 1014 28 21 24

87 1049 58 21 Mars
169 1050 54 21 1886
246 1050 22 20 af
289 1050 119 26 Kejserliga
428 1050 95 21 Senaten
542 1050 74 26 gilladt
632 1049 39 21 och
686 1049 109 20 faststäldt
810 1049 33 20 att

86 1083 117 21 tillsvidare
218 1084 63 21 lända
296 1085 32 20 till
345 1084 151 21 efterrättelse.

156 1117 70 21 Sedan
249 1118 174 21 vexelkassörens
446 1118 124 21 handkassa
594 1118 26 27 pä
643 1117 135 21 förenämndt
800 1117 43 20 sätt

86 1185 42 21 kan
145 1186 10 20 1
173 1186 172 26 eftermiddagen,
369 1187 95 20 derefter
487 1187 71 20 hållits
580 1187 33 20 för
635 1186 143 21 allmänheten
800 1185 42 20 till-

86 1220 84 26 gänglig
185 1221 33 20 till
234 1221 88 20 klockan
339 1222 19 25 2,
375 1221 87 20 hvilken
479 1221 119 26 anordning
613 1221 22 20 af
648 1219 195 26 Bankfullmäktige

85 1254 66 20 redan
175 1255 90 25 tidigare
287 1255 127 26 föreslagits,
438 1261 50 15 men
508 1255 26 20 då
549 1255 46 21 icke
611 1255 80 20 kunnat
707 1254 32 21 till
754 1253 52 26 följd
821 1252 24 21 af

85 1287 151 22 vexelkassans
251 1289 167 26 otillräcklighet
433 1289 106 26 vidtagas.

435 1352 11 26 $
464 1353 34 21 15.

153 1390 31 20 På
207 1390 22 21 af
249 1391 196 21 Bankdirektionen
470 1392 76 26 gjorda
563 1391 156 26 förfrågningar
737 1396 34 14 om
787 1390 55 20 rätta
851 1392 129 23 Öfverläganin-

84 1424 119 21 förståndet
218 1424 23 21 af
255 1425 106 21 särskilda
377 1425 162 21 bestämmelser
554 1426 6 20 i
576 1425 77 26 nådiga
668 1424 142 26 kungörelsen
821 1416 167 44 km

85 1459 40 21 den
146 1460 26 20 12
192 1459 59 26 April
269 1459 60 25 1886,
345 1459 152 21 innefattande
512 1466 27 20 ny
554 1461 43 19 stat
612 1459 32 21 för
657 1458 103 22 Finlands
775 1457 66 26 Bank,
849 1462 110 22 tampningen
968 1462 21 21 af
