1031 1678
218 72 13 20 2
548 70 23 23 U.
588 70 23 23 B.

188 137 65 22 rister
275 137 36 22 vid
334 137 149 22 inhemtandet
505 137 23 21 af
550 137 41 22 den
610 137 33 22 för
659 137 157 22 domarekallet
831 137 25 22 sä
871 136 80 28 vigtiga

187 171 116 28 praktiska
323 171 157 27 utbildningen,
503 171 73 22 dervid
600 171 106 22 särskildt
724 170 123 23 framhälles
862 171 41 22 den
918 173 32 26 yt-

188 207 56 20 terst
257 205 66 22 korta
338 205 38 27 tid,
393 211 45 16 som
454 205 68 22 oftast
538 211 65 22 egnas
620 205 42 22 den
670 205 113 28 praktiska
790 205 160 22 förberedelsen

188 240 33 21 till
243 240 76 27 kallet,
343 242 56 19 samt
414 240 42 21 den
472 240 82 21 önskan
569 240 82 21 uttalas
667 242 34 19 att
717 240 90 27 ändring
822 240 129 21 härutinnan

188 274 69 22 mätte
281 275 46 22 ske.
359 275 71 22 Under
451 275 124 26 anslutning
598 275 32 21 till
655 275 61 21 detta
735 275 112 22 uttalande
861 275 40 21 har
915 275 36 21 vid

188 309 154 22 diskussionen
358 309 6 21 i
379 309 91 22 ständen
494 309 104 27 derjemte
621 309 129 22 framhällits
775 309 42 22 den
831 309 119 26 rättsväda,

189 348 46 16 som
253 343 38 21 det
310 343 124 22 nuvarande
448 343 199 28 vikariatsystemet
662 343 95 22 innebär.

257 377 43 21 Till
323 377 52 22 fullo
398 378 138 21 erkännande
559 379 33 20 att
612 378 38 21 det
665 378 71 21 mäste
751 378 112 21 betraktas
878 377 72 21 säsom

188 412 32 21 ett
243 411 60 22 svärt
325 411 193 26 missförhällande,
542 413 33 20 att
598 411 236 28 domarebefattningar
857 411 31 21 till
904 413 48 19 stor

187 445 35 22 del
246 445 76 22 skötas
346 445 22 22 af
390 452 62 21 unga,
477 445 98 22 oerfarna
597 445 100 27 vikarier,
718 445 124 28 isynnerhet
857 445 34 22 vid
906 445 45 21 Hä-

186 479 157 27 radsrätterne,
367 481 39 21 der
428 480 95 22 vikarien
540 482 24 19 är
580 480 40 21 den
638 480 57 22 ende
711 480 95 27 lagfarne
822 480 92 21 medlem
930 479 22 22 af

185 515 80 26 rätten,
290 514 68 22 häller
382 515 109 21 utskottet
508 515 55 21 dock
579 513 53 28 före,
649 516 33 20 att
698 515 49 21 med
763 515 37 20 vär
815 514 134 21 närvarande

187 543 258 32 domstolsorganisation
456 548 41 22 och
514 548 37 22 det
566 548 33 22 för
614 549 60 20 tiden
691 549 99 26 gällande
804 548 145 27 befordrings-

185 583 108 21 väsendet
307 583 40 21 hos
367 589 37 15 oss
420 583 69 27 nägon
505 583 112 27 möjlighet
632 583 34 22 för
682 583 62 21 detta
759 585 92 25 systems
868 582 81 22 afskaf-

185 617 64 22 fande
265 617 34 22 för
313 617 134 22 närvarande
463 617 18 28 ej
498 617 120 22 förefinnes.
643 618 48 21 Den
703 617 116 26 rättsväda,
833 623 46 16 som
888 617 64 22 häraf

185 651 43 22 kan
248 651 59 28 följa,
327 658 63 20 synes
407 651 62 22 äfven
484 652 106 26 betydligt
605 652 130 21 förminskas
752 658 77 20 genom
845 651 40 22 den
901 657 47 16 var-

185 685 87 22 samhet
287 686 36 21 vid
339 685 139 22 utfärdandet
493 686 22 21 af
528 686 161 22 förordnanden
705 686 33 21 för
754 692 57 20 unga
817 686 90 27 jurister
915 687 34 20 att

184 719 95 22 förrätta
302 720 175 27 domaresysslor,
499 720 93 27 hvilken,
617 720 68 27 enligt
705 720 26 21 de
747 720 153 27 upplysningar
916 721 33 20 ut-

185 754 85 22 skottet
299 754 91 27 erhållit,
413 754 99 27 samtliga
534 754 85 22 landets
642 754 114 22 Hofrätter
779 754 71 28 börjat
871 754 77 21 härvid

184 788 105 27 iakttaga,
306 788 7 22 i
329 789 37 21 det
381 788 143 22 förordnande
540 789 32 21 till
588 788 163 22 verkställande
767 788 22 22 af
802 789 89 27 lagtima
900 788 47 27 ting

183 823 8 21 i
206 823 60 27 regel
283 823 19 27 ej
319 823 110 22 meddelas
452 823 44 22 förr
519 825 27 19 än
559 824 94 26 juristen
670 824 56 20 varit
741 824 66 21 minst
822 825 33 20 ett
870 823 24 21 år
910 823 38 21 do-

184 864 59 15 mare
259 858 14 21 å
289 858 46 26 ting
357 857 99 28 följaktig
479 860 57 19 samt
554 858 86 26 pröfvas
657 858 94 27 skicklig
766 860 33 19 att
815 858 132 22 domareem-

184 892 51 22 bete
257 892 90 26 förestå,
370 892 33 21 till
421 892 53 28 följd
489 892 76 22 hvaraf
579 892 62 22 äfven
658 892 46 22 ofta
720 892 83 22 händer
818 894 33 20 att
867 892 42 22 den
926 892 23 21 af

185 926 108 22 ordinarie
309 926 101 22 domaren
426 927 33 21 till
474 927 81 21 vikarie
570 926 124 28 föreslagne
709 927 19 27 ej
741 927 23 21 af
773 926 116 22 Hofrätten
898 927 48 21 der-

183 960 34 22 till
239 962 70 20 utses.
339 961 34 21 Då
393 961 103 27 derjemte
515 961 27 22 de
562 968 56 20 unga
631 961 130 27 juristernes
778 961 58 22 antal
852 961 24 21 år
891 960 54 22 ifrån

183 995 24 21 år
223 995 72 20 starkt
310 995 59 26 ökas,
386 995 62 21 torde
464 995 162 22 konkurrensen
643 996 86 21 komma
738 998 32 19 att
780 996 65 21 verka
857 995 87 26 derhän,

183 1031 34 20 att
231 1029 71 22 snart
324 1035 43 21 nog
389 1029 77 22 endast
489 1030 27 21 de
535 1037 59 14 mera
614 1029 120 28 begäfvade
753 1030 40 21 och
809 1029 136 28 grundligare

182 1063 131 22 förberedda
329 1063 22 22 af
365 1064 64 21 desse
445 1063 64 22 blifva
524 1064 7 21 i
547 1064 83 22 tillfälle
648 1066 33 19 att
698 1066 49 25 taga
763 1064 119 27 befattning
896 1064 49 21 med

183 1097 144 22 domarevärf.

251 1132 11 21 I
279 1133 40 21 den
336 1132 33 22 vid
387 1133 55 21 1885
458 1133 35 21 års
509 1133 103 27 landtdag
628 1133 33 21 till
678 1132 123 22 Ständerna
816 1132 79 27 afgifna
907 1133 38 21 be-

182 1166 108 22 rättelsen
306 1169 82 24 upptog
404 1167 122 22 dåvarande
541 1167 147 22 Prokuratorn
705 1167 32 21 till
753 1167 130 27 granskning
898 1167 46 26 gäl-

181 1200 64 22 lande
269 1201 47 31 lags
339 1201 162 27 bestämningar
516 1201 112 27 angående
644 1201 225 27 äktenskapsskilnad,
886 1203 59 20 utre-

182 1235 72 22 dande
271 1235 80 26 dervid,
368 1235 5 21 i
390 1235 86 22 hvilken
493 1236 150 27 utsträckning
657 1235 181 28 dispenserandet
848 1235 46 22 från
905 1235 39 22 all-

181 1271 79 20 männa
276 1269 73 27 lagens
371 1270 134 27 stadganden
521 1270 7 21 i
544 1271 72 20 ämnet
634 1269 139 22 förekommit
787 1270 7 21 i
809 1269 135 22 förhållande

181 1303 33 22 till
231 1303 27 22 de
274 1303 44 27 fall,
335 1303 38 22 der
389 1304 93 21 domstol
498 1303 55 23 efter
568 1304 50 27 laga
632 1304 134 27 ransakning
781 1304 59 21 dömt
851 1304 32 21 till
893 1304 51 21 skil-

181 1338 49 21 nad.
261 1338 44 21 För
321 1340 32 19 att
369 1339 124 26 ytterligare
508 1339 76 27 belysa
600 1339 72 21 denna
688 1338 61 27 fråga
764 1338 63 22 hafva
842 1337 101 23 iföreva-

181 1372 67 22 rande
273 1372 119 22 berättelse
407 1372 111 28 upptagits
535 1372 124 22 statistiska
675 1372 109 28 uppgifter
799 1378 34 16 om
849 1373 94 21 nämnda

249 1410 143 24 Lagutskottets
404 1411 116 18 betänkande
532 1412 36 17 N:o
580 1412 28 18 22.
