1031 1678
221 133 39 20 112

186 199 94 18 månaden
296 199 49 18 varit
359 200 7 17 i
385 200 57 23 byrån
461 200 94 22 inskrifna,
576 200 70 17 antalet
661 200 25 23 på
701 200 53 23 sjuka
769 200 45 17 eller
827 199 29 18 för
871 199 84 23 sjukdom

188 235 113 16 misstänkta
316 234 34 17 och
365 235 25 22 pä
407 235 47 22 dem,
470 240 39 12 som
527 234 62 18 blifvit
606 234 30 17 till
651 234 97 23 sjukhuset
763 234 74 22 afförda,
851 234 57 23 jemte
924 239 32 12 an-

187 269 64 17 mälan
267 269 6 17 i
289 269 56 22 öfrigt
359 275 29 12 om
404 269 48 18 hvad
466 269 6 17 i
488 269 78 18 sanitärt
581 269 106 18 hänseende
701 269 37 17 kan
754 275 43 11 vara
812 269 21 17 af
844 269 46 22 vigt.

524 330 56 19 KAP.
597 330 19 19 2.

359 372 37 18 Om
411 372 255 23 besigtningsskyldiga
681 372 107 22 qvinnor.

549 417 9 22 8
575 417 19 18 4,

261 469 203 23 Besigtningsskyldiga
480 471 30 16 äro
526 469 69 18 sådana
610 469 86 23 qvinnor,
713 475 30 12 om
758 469 62 17 hvilka
831 469 57 17 kändt
900 469 20 16 är
928 469 28 16 att

188 503 27 17 de
235 503 112 18 öfverlemna
362 504 28 22 sig
410 504 19 17 åt
446 504 126 23 prostitution,
592 506 47 15 samt
655 504 29 20 de,
700 504 62 17 hvilka
778 504 40 17 icke
833 503 62 18 kunna
910 509 46 17 upp-

191 537 50 22 gifva
256 537 57 23 något
328 538 66 23 lagligt
412 539 124 22 näringsfäng,
554 539 45 17 eller
614 539 93 17 försvaras
723 538 21 17 af
757 544 92 17 personer,
864 538 7 17 i
885 538 71 17 hvilkas

191 571 58 24 tjenst
269 573 23 16 de
312 573 6 16 i
338 573 64 22 sjelfva
422 573 64 18 verket
501 573 40 18 icke
560 575 38 21 äro,
614 573 34 18 och
663 573 91 23 derjemte
769 573 25 23 på
808 573 93 22 grundade
917 573 39 17 skäl

191 606 112 18 misstänkas
319 609 27 15 att
363 607 63 18 utöfva
440 607 125 23 prostitution.

261 640 143 24 Anmärkning
401 636 9 33 :
420 642 97 17 Grundade
533 643 39 16 skäl
588 642 28 17 till
630 642 103 17 misstanke
745 647 30 12 om
787 641 118 24 prostitution
916 643 40 16 äro:

266 674 29 18 1:o
310 676 55 22 flitigt
381 678 89 20 umgänge
488 676 42 17 med
544 676 137 23 prostituerade
702 676 88 23 qvinnor;

265 707 30 20 2:o
311 710 70 22 vanligt
400 710 158 23 kringströfvande
574 712 11 16 &
599 713 54 21 gator
669 712 34 17 och
720 712 93 17 allmänna
827 711 68 23 platser
910 710 47 18 efter

193 743 132 23 skymningens
340 744 33 18 och
390 745 90 18 mörkrets
495 746 76 22 inbrott,
587 746 6 17 i
608 746 86 23 förening
709 746 59 18 tillika
783 746 41 17 med
835 747 27 16 ett
871 746 87 17 oanstän-

190 778 44 22 digt
249 778 44 18 eller
309 779 98 17 misstänkt
426 780 120 22 uppförande;

265 812 31 24 3:o
312 814 61 17 direkt
387 814 46 17 eller
448 815 80 17 indirekt
543 815 99 23 angifvelse
659 816 28 16 att
703 815 54 18 hafva
773 814 91 18 meddelat
874 814 84 18 venerisk

194 847 69 17 smitta.

552 895 9 21 8
578 894 18 18 5.

265 936 89 25 Gvinnor,
373 940 81 18 hörande
476 941 29 17 till
520 941 135 17 ofvannämnda
671 941 112 22 kategorier,
802 941 44 17 böra
861 940 24 23 pä
900 940 58 18 Polis-

195 974 103 17 mästarens
313 974 91 18 anmodan
424 975 97 17 inskrifvas
536 976 11 16 &
562 976 57 23 byrän
634 976 6 17 i
656 981 24 12 en
695 976 30 17 för
739 976 51 17 detta
805 975 84 18 ändamä!
903 975 56 17 inrät-

195 1007 32 17 tad
248 1008 93 17 matrikel.
371 1009 43 17 Men
434 1009 72 23 gviuna,
522 1015 38 12 som
581 1011 49 16 ännu
646 1010 41 17 icke
703 1010 43 23 fyllt
760 1009 52 24 tjugu
827 1010 25 21 år,
867 1009 30 18 mä
912 1009 6 17 i
933 1015 27 11 re-

195 1041 44 22 geln
259 1041 16 23 ej
296 1042 11 17 &
327 1043 57 22 byrån
405 1043 96 18 inskrifvas
519 1044 61 17 förrän
596 1045 182 22 polismyndigheten
793 1050 65 17 genom
873 1043 87 24 lämpliga

195 1075 61 18 medel
272 1077 41 16 sökt
329 1077 80 18 återföra
428 1077 59 18 henne
503 1078 39 18 från
557 1079 152 22 prostitutionen.

558 1130 9 21 S
584 1129 18 19 6.

268 1173 29 18 Då
312 1174 69 22 gvinna
396 1175 46 17 skall
457 1175 97 18 inskrifvas
570 1177 11 16 å
595 1177 64 22 byrån,
676 1177 87 22 uppläses
776 1176 28 17 för
815 1176 60 17 henne
887 1175 20 18 af
917 1175 45 18 kom-

197 1207 96 18 missarien
309 1208 34 17 det
357 1209 28 17 för
400 1209 23 18 de
438 1210 199 24 besigtningsskyldiga
647 1211 34 17 der
691 1211 91 17 inskrifna
792 1210 78 23 qvinnor
877 1210 85 23 gällande

197 1242 120 22 reglemente,
327 1243 71 18 hvilket
409 1244 52 17 äfven
473 1246 20 16 är
503 1245 79 23 aftryckt
592 1247 6 16 i
610 1245 35 18 den
654 1245 166 23 anteckningsbok,
829 1251 38 11 som
875 1245 20 17 åt
902 1244 60 18 henne

197 1276 82 18 derefter
293 1277 129 19 öfrerlemnas,
452 1279 9 17 I
476 1279 60 18 denna
551 1280 42 21 bok,
608 1280 77 17 hvilken
699 1280 59 22 gäller
773 1279 28 18 för
816 1281 27 16 ett
858 1279 26 22 år,
899 1281 63 16 antec-

197 1316 34 12 nas
254 1311 36 18 den
312 1311 55 24 klass,
391 1313 29 17 till
438 1313 74 18 hvilken
530 1314 35 17 den
580 1314 90 17 inskrifna
685 1314 62 21 börer,
763 1314 92 18 äfvensom
869 1314 23 17 de
907 1314 56 23 dagar

195 1344 37 18 och
248 1345 81 24 timmar,
345 1346 24 17 då
383 1346 37 18 hon
435 1347 34 17 bör
483 1348 28 17 till
526 1348 106 23 besigtning
647 1348 28 23 sig
691 1348 76 18 infinna.

561 1394 10 21 $
587 1392 19 20 7.

269 1437 28 18 De
313 1438 6 17 i
334 1438 58 23 byrån
407 1438 89 19 inskrifna
512 1439 78 23 qvinnor
605 1441 37 21 äro,
659 1440 48 18 efter
723 1440 148 18 kommissariens
879 1440 85 23 pröfning

746 1505 9 16 e
