1031 1678
462 119 10 20 I
793 119 24 19 19

88 189 104 26 anhållan,
209 188 34 21 det
259 188 83 21 täcktes
358 187 60 20 Hans
433 187 119 26 Kejserliga
568 186 101 27 Majestät
684 186 43 21 låta
739 186 109 27 förelägga

88 223 118 22 Ständerna
231 222 116 27 lagförslag
373 228 34 14 om
434 221 149 26 upphäfvande
607 220 23 21 af
651 221 40 20 den
714 221 65 20 frihet
802 221 46 20 från

88 257 239 27 skjutsningsbesvärets
346 255 124 27 utgörande,
492 261 45 15 som
555 255 65 27 enligt
636 255 98 26 gällande
751 255 98 27 stadgan-

88 292 40 20 den
144 292 119 21 tillkomme
278 290 221 21 häradsnämndemän
516 289 33 21 för
565 289 25 21 de
606 289 24 20 af
644 289 46 21 dem
706 289 97 21 bebodda
819 290 30 20 lä-

87 326 107 27 genheter,
217 326 39 20 har
279 325 58 20 Hans
361 325 119 25 Kejserliga
503 324 101 26 Majestät
627 324 32 20 till
681 324 118 20 Ständerna
813 324 36 20 vid

88 360 68 21 denna
172 360 100 26 landtdag
288 358 68 22 aflåtit
372 358 64 27 nådig
451 358 133 27 proposition
600 358 7 20 i
623 360 78 18 ämnet.

158 396 53 19 34:0.
234 394 74 21 Såsom
323 399 48 14 svar
387 392 27 27 på
430 392 77 27 nådiga
523 392 165 27 propositionen,
704 392 145 21 innefattande

88 429 81 27 förslag
184 429 33 20 till
233 427 154 26 förordningar,
404 426 109 27 angående
528 427 96 20 vilkoren
640 426 33 21 för
685 426 17 27 ej
714 427 82 20 mindre
806 427 43 21 till-

87 463 102 26 verkning
210 463 38 20 och
268 462 137 26 destillering,
422 463 26 18 än
466 461 130 26 försäljning,
613 460 88 27 forsling
717 461 38 20 och
772 462 78 26 upplag

89 497 23 21 af
124 497 89 21 bränvin
229 498 55 19 samt
300 496 65 20 andra
381 495 81 21 brända
480 496 52 20 eller
548 495 135 21 destillerade
699 495 150 27 spritdrycker,

88 531 65 20 hafva
169 531 118 21 Ständerna
303 531 5 20 i
324 529 132 28 underdånig
472 529 111 21 skrifvelse
598 529 23 21 af
636 529 39 21 den
692 532 26 19 23
734 530 43 27 Maj
795 531 53 20 1885

89 566 86 26 anmält,
199 567 31 20 att
255 565 118 21 Ständerna
396 565 47 20 icke
462 565 82 20 kunnat
559 566 79 25 antaga
653 565 66 26 sagda
735 565 115 26 lagförslag

90 600 147 21 oförändrade.

158 634 133 21 Beträffande
315 634 26 20 de
366 633 136 27 synpunkter,
527 640 46 14 som
595 633 36 20 vid
653 633 155 27 behandlingen
829 633 23 20 af

90 669 129 21 Ständernas
235 675 47 14 svar
297 668 27 26 på
341 668 67 20 denna
424 668 132 26 proposition
572 668 56 26 gjort
642 668 32 26 sig
685 665 101 29 gällande
793 668 58 20 inom

91 704 112 26 Styrelsen,
227 702 99 21 framhöll
351 702 91 21 Senaten
466 702 38 20 hos
527 702 59 20 Ilans
609 702 119 26 Kejserliga
744 702 107 26 Majestät,

90 738 64 20 bland
177 739 70 24 annat,
271 739 31 19 att
326 736 118 22 Ständerna
468 736 89 21 anslutit
579 736 31 26 sig
630 736 33 20 till
681 736 171 26 propositionens

91 772 98 26 syftemål
205 773 38 24 att,
260 771 23 21 så
298 771 45 21 vidt
358 771 28 26 på
402 770 159 27 lagstiftningen
572 770 70 21 kunde
653 770 57 26 bero,
723 770 52 21 söka
787 770 65 27 stäfja

89 806 130 21 missbruket
239 805 23 21 af
278 806 95 25 bränvin,
389 811 49 15 men
454 807 70 19 ansett
540 807 56 19 ännu
611 805 117 27 kraftigare
744 805 106 27 åtgärder,

90 842 27 19 än
133 840 26 21 de
174 841 6 20 i
195 840 159 27 propositionen
374 840 128 26 föreslagna,
522 846 51 14 vara
593 839 33 21 för
642 840 59 20 detta
717 839 97 21 ändamål
830 838 23 22 af

90 875 69 20 nöden
175 875 38 21 och
229 874 55 27 förty
299 875 6 19 i
323 874 107 26 åtskilliga
446 874 60 21 delar
522 874 88 21 beslutit
625 874 33 20 till
674 874 113 27 ändringar
803 874 6 20 i
825 874 27 20 de

90 909 33 21 till
140 909 117 21 Ständerna
273 908 78 21 aflätna
367 908 150 27 lagförslagen.

160 944 9 20 I
185 943 93 27 enlighet
293 943 49 20 med
358 943 104 21 Senatens
477 942 123 27 tillstyrkan
616 942 38 21 och
671 943 6 20 i
689 942 163 22 öfverensstäm-

90 978 66 20 melse
179 977 48 21 med
250 977 25 21 de
295 977 23 21 af
337 977 119 21 Ständerna
472 978 98 20 beslutna
586 977 150 27 författningar
751 978 6 20 i
773 979 78 25 ämnet,

90 1011 40 21 har
152 1012 58 20 Hans
232 1011 119 27 Kejserliga
374 1011 101 26 Majestät
498 1011 121 21 sedermera
641 1011 48 21 låtit
709 1011 40 21 den
767 1013 24 20 16
807 1012 45 21 Juli

92 1047 55 20 1886
162 1045 85 21 utfärda
262 1046 23 26 a)
301 1045 124 27 förordning
440 1045 109 27 angående
564 1045 97 21 vilkoren
672 1045 33 21 för
715 1046 137 26 tillverkning

92 1080 38 21 och
147 1080 130 27 destillering
292 1079 23 22 af
328 1080 95 26 bränvin,
440 1082 55 19 samt
511 1079 21 28 5)
548 1079 124 28 förordning
687 1080 110 27 angående
812 1081 40 20 vil-

90 1114 66 21 koren
179 1114 34 21 för
235 1114 130 27 försäljning,
390 1114 89 27 forsling
502 1116 56 19 samt
577 1115 80 26 upplag
672 1114 23 21 af
708 1115 89 20 bränvin
812 1115 39 20 och

92 1149 67 21 andra
181 1149 80 20 brända
285 1149 51 20 eller
359 1148 137 21 destillerade
520 1149 149 26 spritdrycker,
693 1151 32 19 att
747 1149 108 20 hvardera

90 1183 57 27 gälla
162 1183 55 21 intill
232 1183 106 27 utgången
354 1182 23 21 af
391 1183 23 20 år
432 1185 62 19 1892.

159 1218 58 21 Enär
239 1217 118 22 Ständerna
380 1217 46 21 icke
444 1217 49 22 haft
511 1217 65 28 något
594 1220 33 19 att
642 1217 99 28 påminna
757 1218 7 20 i
779 1218 75 21 anled-

90 1253 50 26 ning
163 1252 23 21 af
207 1252 36 21 det
267 1252 117 21 Ständerna
405 1252 34 21 till
454 1252 119 21 kännedom
590 1252 39 21 och
644 1252 98 27 yttrande
758 1252 95 27 delgifna

92 1286 79 27 förslag
194 1287 33 20 till
250 1286 176 27 ordningsstadga
446 1286 34 21 för
494 1287 251 20 bränvinsbrännerierna
761 1287 38 21 och
816 1287 39 21 de-

91 1321 200 26 stilleringsverken,
314 1321 39 20 har
375 1321 60 20 Hans
458 1321 100 26 Majestät
578 1321 40 21 den
638 1323 25 19 16
682 1321 44 22 Juli
748 1323 53 20 1886
816 1322 37 21 till

92 1354 126 22 efterlefnad
233 1354 94 22 faststält
343 1354 66 27 sagda
428 1354 87 28 förslag,
536 1354 75 22 sådant
627 1355 118 21 detsamma
761 1355 68 27 ingått
843 1356 11 20 i

92 1389 41 21 den
147 1388 76 28 nådiga
238 1389 166 27 propositionen.

159 1424 50 20 Med
224 1424 99 21 afseende
339 1423 51 21 derå
405 1425 33 19 att
453 1424 60 26 majs,
530 1430 45 15 som
590 1424 33 21 till
634 1424 73 21 landet
717 1424 137 28 importeras,
