1031 1678
805 124 12 21 7

88 189 55 19 samt
165 189 32 19 att
220 187 226 21 affärsförhållandena
464 187 8 20 i
490 187 84 26 Kajana
594 186 39 21 och
649 187 84 20 Torneå
747 187 47 20 icke
808 187 38 26 på-

87 221 85 21 kallade
189 221 134 21 inrättandet
341 221 22 20 af
380 221 103 20 Finlands
501 221 73 20 Banks
589 221 79 20 kontor
683 221 7 20 i
705 221 141 20 nästnämnde

87 255 79 21 städer.
196 255 140 21 Direktionen
351 255 93 26 föreslog
460 255 77 26 derför,
553 256 33 20 att
602 255 146 26 ansökningen
763 261 35 14 om
814 256 32 19 ett

86 289 138 22 bankkontor
246 289 33 21 till
301 289 177 21 Willmanstrand
501 289 33 21 för
553 289 94 21 tillfället
665 289 48 20 icke
730 289 66 21 måtte
811 289 34 20 till

86 323 71 27 någon
173 323 75 26 åtgärd
263 323 110 21 föranleda
388 325 55 19 samt
458 325 33 19 att
506 323 27 21 de
544 323 112 21 enahanda
671 323 174 26 ansökningarna

86 356 33 21 för
134 357 84 27 Kajana
233 356 40 21 och
289 356 82 22 Torneå
386 356 70 21 blefve
472 357 98 21 lemnade
586 359 52 18 utan
654 356 105 22 afseende.

155 391 104 26 Samtliga
277 390 141 21 förenämnda
436 391 146 26 ansökningar
597 393 106 24 upptogos
718 391 39 20 hos
772 390 72 21 Bank-

85 424 134 27 fullmäktige
241 425 41 20 den
305 425 27 20 23
354 424 60 27 April
437 424 55 21 1887
512 425 33 20 till
560 424 122 27 afgörande.
712 425 10 20 I
737 425 106 21 öfverens-

86 459 122 21 stämmelse
233 459 48 21 med
307 459 209 21 Bankdirektionens
543 459 159 27 ofvanantydda
724 459 118 26 uttalande,

84 493 67 21 funno
167 493 194 26 Bankfullmäktige
377 493 74 21 dervid
466 493 46 21 skäl
528 493 47 21 icke
590 493 131 21 förekomma
737 495 31 19 att
783 493 59 21 hem-

84 528 65 20 ställa
164 534 34 15 om
214 528 130 21 inrättandet
359 527 23 21 af
396 527 101 21 Finlands
513 527 61 21 Bank
590 527 159 27 underlydande
764 527 79 21 kontor

84 561 7 21 i
106 561 181 27 Willmanstrand,
307 562 83 27 Kajana
410 562 39 20 och
466 561 90 22 Torneå.
587 561 102 22 Deremot
704 563 71 25 syntes
787 561 54 27 jem-

84 595 34 21 väl
140 595 194 27 Bankfullmäktige
357 595 229 22 affärsförhållandena
601 596 7 21 i
623 595 131 22 Tavastehus
776 595 65 21 hafva

83 629 76 22 vunnit
173 630 66 21 sådan
255 630 128 26 utveckling,
403 631 33 20 att
451 631 32 20 ett
498 630 101 21 Bankens
614 630 78 21 kontor
707 629 72 22 kunde
793 629 47 20 der-

83 664 72 21 städes
169 664 114 26 förläggas.
314 665 48 20 Men
378 664 34 26 då,
428 664 67 26 enligt
510 664 154 26 Fullmäktiges
679 664 70 24 tanke,
764 663 75 26 frågan

83 703 34 15 om
139 698 126 26 ytterligare
286 698 123 20 inrättande
432 698 23 20 af
475 698 138 21 bankkontor
637 698 114 26 lämpligen
773 698 66 20 borde

82 732 63 20 anstå
159 732 44 20 tills
218 732 83 20 landets
317 734 60 18 snart
392 732 203 21 sammanträdande
610 732 92 21 Ständer
717 732 70 20 blifvit
796 731 44 21 för-

82 767 56 19 satte
153 766 7 20 i
175 766 82 21 tillfälle
275 768 32 19 att
321 766 70 21 uttala
406 766 33 26 sig
454 766 133 21 beträffande
604 766 26 21 de
646 768 71 19 senast
731 766 108 20 inrättade

82 806 41 20 nya
141 800 163 22 bankkontoren
323 801 38 21 och
381 800 110 27 angående
511 800 148 27 önskligheten
677 800 23 22 af
713 802 31 19 ett
758 800 81 26 fortgå-

82 834 54 21 ende
155 834 7 21 i
180 840 81 16 samma
278 835 100 26 riktning,
396 835 79 26 ansågo
499 835 31 27 sig
552 830 197 31 Bankfullmäktige
763 834 76 21 tillsvi-

81 868 52 21 dare
152 868 47 21 icke
219 869 52 21 böra
289 870 86 26 vidtaga
394 869 70 27 någon
484 870 75 26 åtgärd
576 869 33 21 för
624 869 131 21 inrättandet
770 868 23 21 af
807 870 32 19 ett

80 902 103 22 Finlands
206 903 72 21 Banks
300 903 78 21 kontor
396 904 7 20 i
422 904 140 26 Tavastehus,
585 904 55 20 helst
655 904 118 20 detsamma
787 902 7 21 i
810 902 29 21 all

81 936 102 22 händelse
205 937 47 21 icke
275 937 67 21 skulle
364 938 84 20 kunnat
471 940 81 24 öppnas
571 937 45 21 förr
634 939 26 19 än
679 937 67 21 under
761 936 76 27 början

80 970 24 21 af
117 970 24 21 år
157 971 62 21 1888.

150 1005 78 21 Vidare
250 1006 63 20 hafva
335 1006 199 26 Stadsfullmäktige
556 1006 8 21 i
582 1006 165 26 Gamlakarleby
768 1005 69 20 under

80 1038 42 27 Maj
145 1039 78 20 månad
247 1039 53 21 1887
323 1039 113 22 inkommit
458 1041 48 20 med
526 1040 95 21 ansökan
640 1047 33 14 om
688 1039 149 26 förläggandet

79 1073 33 20 till
126 1073 94 21 nämnda
235 1073 47 21 stad
297 1073 23 22 af
334 1076 31 19 ett
380 1074 104 21 Finlands
499 1074 61 21 Bank
576 1074 159 27 underlydande
750 1073 85 21 kontor.

79 1106 106 21 Häröfver
207 1107 60 26 hörd,
289 1108 99 21 framhöll
411 1109 198 20 Bankdirektionen
628 1109 33 20 uti
679 1107 109 22 skrifvelse
803 1107 33 21 för

78 1141 41 20 den
139 1141 13 20 6
171 1141 58 26 Juni,
252 1142 101 21 hurusom
376 1143 126 26 visserligen
520 1149 26 14 ur
565 1143 25 20 de
606 1143 146 26 ansökningen
768 1141 68 21 vidfo-

78 1175 53 26 gade
144 1175 155 26 handlingarna
309 1176 110 27 framgick,
435 1177 33 20 att
483 1176 162 27 ifrågavarande
660 1177 58 20 stads
734 1176 39 21 och
787 1176 48 21 dess

78 1209 95 27 omnejds
189 1209 138 22 kreditbehof
340 1217 50 14 vore
406 1211 98 26 skäligen
519 1211 34 20 väl
568 1211 139 26 tillgodosedt
721 1217 76 20 genom
809 1210 39 26 de
839 1205 12 37 .

77 1243 37 20 två
135 1243 226 28 privatbankskontor,
387 1251 46 14 som
452 1245 8 20 i
481 1245 76 21 staden
572 1245 69 21 finnas
656 1245 114 25 inrättade,
786 1251 49 14 men

76 1278 39 25 att,
132 1277 27 20 då
175 1278 104 26 antagligt
293 1285 50 14 vore
359 1280 33 19 att
407 1279 96 21 rörelsen
518 1279 8 21 i
541 1279 63 21 dessa
615 1279 82 21 trakter
707 1285 75 20 genom
793 1279 42 20 den

76 1317 50 21 nyss
142 1312 98 26 öppnade
252 1313 248 26 jernvägsförbindelsen
515 1313 84 22 komme
614 1314 32 20 att
657 1313 6 21 i
674 1320 26 14 en
711 1319 50 15 snar
771 1312 64 21 fram-

76 1345 31 20 tid
127 1345 92 27 tilltaga,
237 1346 131 21 inrättandet
387 1346 23 22 af
428 1348 32 19 ett
478 1347 79 21 kontor
572 1348 6 20 i
594 1347 91 21 nämnde
700 1347 47 21 stad
762 1346 73 21 kunde

76 1379 53 21 efter
147 1379 67 27 något
233 1380 23 20 år
275 1380 65 21 blifva
359 1381 49 21 med
426 1381 101 21 Bankens
542 1381 90 21 intresse
647 1381 107 27 förenligt.
784 1380 51 21 Med

75 1413 100 21 afseende
197 1414 18 26 ej
239 1414 82 21 mindre
343 1415 52 21 härä
418 1417 27 19 än
464 1415 12 21 &
491 1416 135 26 svårigheten
645 1416 32 20 att
692 1415 33 21 för
740 1414 95 21 tillfället

75 1447 72 21 skrida
170 1448 33 20 till
225 1448 131 21 inrättandet
378 1448 24 22 af
422 1451 32 19 ett
477 1451 47 25 nytt
546 1449 84 27 kontor,
659 1449 26 21 dä
711 1448 66 22 redan
801 1450 33 20 tre
