<?xml version="1.0" encoding="UTF-8"?>
<alto xmlns="http://www.loc.gov/standards/alto/ns-v3#" xmlns:xlink="http://www.w3.org/1999/xlink" xmlns:xsi="http://www.w3.org/2001/XMLSchema-instance" xsi:schemaLocation="http://www.loc.gov/standards/alto/ns-v3# http://www.loc.gov/alto/v3/alto-3-0.xsd">
	<Description>
		<MeasurementUnit>pixel</MeasurementUnit>
		<sourceImageInformation>
			<fileName>/tmp/tess_2uq6ptmi_input.PNG</fileName>
		</sourceImageInformation>
		<OCRProcessing ID="OCR_0">
			<ocrProcessingStep>
				<processingSoftware>
					<softwareName>tesseract 5.3.4</softwareName>
				</processingSoftware>
			</ocrProcessingStep>
		</OCRProcessing>
	</Description>
	<Layout>
		<Page WIDTH="1031" HEIGHT="1678" PHYSICAL_IMG_NR="0" ID="page_0">
			<PrintSpace HPOS="0" VPOS="0" WIDTH="1031" HEIGHT="1678">
				<ComposedBlock ID="cblock_0" HPOS="772" VPOS="141" WIDTH="38" HEIGHT="20">
					<TextBlock ID="block_0" HPOS="772" VPOS="141" WIDTH="38" HEIGHT="20">
						<TextLine ID="line_0" HPOS="772" VPOS="141" WIDTH="38" HEIGHT="20">
							<String ID="string_0" HPOS="772" VPOS="141" WIDTH="38" HEIGHT="20" WC="0.96" CONTENT="101"/>
						</TextLine>
					</TextBlock>
				</ComposedBlock>
				<ComposedBlock ID="cblock_1" HPOS="78" VPOS="204" WIDTH="769" HEIGHT="1264">
					<TextBlock ID="block_1" HPOS="78" VPOS="204" WIDTH="767" HEIGHT="608">
						<TextLine ID="line_1" HPOS="78" VPOS="204" WIDTH="763" HEIGHT="28">
							<String ID="string_1" HPOS="78" VPOS="206" WIDTH="32" HEIGHT="20" WC="0.96" CONTENT="att"/><SP WIDTH="20" VPOS="206" HPOS="110"/>
							<String ID="string_2" HPOS="130" VPOS="205" WIDTH="7" HEIGHT="21" WC="0.93" CONTENT="i"/><SP WIDTH="20" VPOS="205" HPOS="137"/>
							<String ID="string_3" HPOS="157" VPOS="205" WIDTH="158" HEIGHT="26" WC="0.90" CONTENT="grundlagsväg"/><SP WIDTH="20" VPOS="205" HPOS="315"/>
							<String ID="string_4" HPOS="335" VPOS="204" WIDTH="95" HEIGHT="28" WC="0.91" CONTENT="afhjelpa"/><SP WIDTH="20" VPOS="204" HPOS="430"/>
							<String ID="string_5" HPOS="450" VPOS="204" WIDTH="27" HEIGHT="21" WC="0.96" CONTENT="de"/><SP WIDTH="19" VPOS="204" HPOS="477"/>
							<String ID="string_6" HPOS="496" VPOS="206" WIDTH="57" HEIGHT="20" WC="0.96" CONTENT="mest"/><SP WIDTH="15" VPOS="206" HPOS="553"/>
							<String ID="string_7" HPOS="568" VPOS="205" WIDTH="7" HEIGHT="20" WC="0.96" CONTENT="i"/><SP WIDTH="16" VPOS="205" HPOS="575"/>
							<String ID="string_8" HPOS="591" VPOS="206" WIDTH="83" HEIGHT="25" WC="0.96" CONTENT="ögonen"/><SP WIDTH="17" VPOS="206" HPOS="674"/>
							<String ID="string_9" HPOS="691" VPOS="205" WIDTH="92" HEIGHT="21" WC="0.93" CONTENT="fallande"/><SP WIDTH="15" VPOS="205" HPOS="783"/>
							<String ID="string_10" HPOS="798" VPOS="204" WIDTH="43" HEIGHT="22" WC="0.92" CONTENT="bri-"/>
						</TextLine>
						<TextLine ID="line_2" HPOS="78" VPOS="239" WIDTH="763" HEIGHT="27">
							<String ID="string_11" HPOS="78" VPOS="241" WIDTH="74" HEIGHT="20" WC="0.92" CONTENT="sterna"/><SP WIDTH="15" VPOS="241" HPOS="152"/>
							<String ID="string_12" HPOS="167" VPOS="239" WIDTH="7" HEIGHT="21" WC="0.96" CONTENT="i"/><SP WIDTH="16" VPOS="239" HPOS="174"/>
							<String ID="string_13" HPOS="190" VPOS="239" WIDTH="38" HEIGHT="21" WC="0.93" CONTENT="vår"/><SP WIDTH="14" VPOS="239" HPOS="228"/>
							<String ID="string_14" HPOS="242" VPOS="239" WIDTH="135" HEIGHT="27" WC="0.92" CONTENT="rättegångs-"/><SP WIDTH="17" VPOS="239" HPOS="377"/>
							<String ID="string_15" HPOS="394" VPOS="239" WIDTH="40" HEIGHT="21" WC="0.93" CONTENT="och"/><SP WIDTH="17" VPOS="239" HPOS="434"/>
							<String ID="string_16" HPOS="451" VPOS="239" WIDTH="236" HEIGHT="27" WC="0.90" CONTENT="lagsökningsprocess,"/><SP WIDTH="18" VPOS="239" HPOS="687"/>
							<String ID="string_17" HPOS="705" VPOS="239" WIDTH="61" HEIGHT="22" WC="0.96" CONTENT="äfven"/><SP WIDTH="15" VPOS="239" HPOS="766"/>
							<String ID="string_18" HPOS="781" VPOS="239" WIDTH="7" HEIGHT="21" WC="0.96" CONTENT="i"/><SP WIDTH="12" VPOS="239" HPOS="788"/>
							<String ID="string_19" HPOS="800" VPOS="239" WIDTH="41" HEIGHT="22" WC="0.96" CONTENT="den"/>
						</TextLine>
						<TextLine ID="line_3" HPOS="78" VPOS="273" WIDTH="764" HEIGHT="27">
							<String ID="string_20" HPOS="78" VPOS="274" WIDTH="40" HEIGHT="26" WC="0.91" CONTENT="de!,"/><SP WIDTH="17" VPOS="274" HPOS="118"/>
							<String ID="string_21" HPOS="135" VPOS="279" WIDTH="47" HEIGHT="16" WC="0.95" CONTENT="som"/><SP WIDTH="16" VPOS="279" HPOS="182"/>
							<String ID="string_22" HPOS="198" VPOS="273" WIDTH="94" HEIGHT="27" WC="0.93" CONTENT="reglerar"/><SP WIDTH="15" VPOS="273" HPOS="292"/>
							<String ID="string_23" HPOS="307" VPOS="273" WIDTH="245" HEIGHT="22" WC="0.91" CONTENT="kreditförhållandena."/><SP WIDTH="16" VPOS="273" HPOS="552"/>
							<String ID="string_24" HPOS="568" VPOS="273" WIDTH="112" HEIGHT="22" WC="0.96" CONTENT="Särskilda"/><SP WIDTH="15" VPOS="273" HPOS="680"/>
							<String ID="string_25" HPOS="695" VPOS="274" WIDTH="68" HEIGHT="21" WC="0.93" CONTENT="under"/><SP WIDTH="15" VPOS="274" HPOS="763"/>
							<String ID="string_26" HPOS="778" VPOS="273" WIDTH="64" HEIGHT="22" WC="0.90" CONTENT="Stän-"/>
						</TextLine>
						<TextLine ID="line_4" HPOS="78" VPOS="307" WIDTH="764" HEIGHT="27">
							<String ID="string_27" HPOS="78" VPOS="309" WIDTH="78" HEIGHT="21" WC="0.92" CONTENT="dernes"/><SP WIDTH="23" VPOS="309" HPOS="156"/>
							<String ID="string_28" HPOS="179" VPOS="307" WIDTH="130" HEIGHT="22" WC="0.96" CONTENT="medverkan"/><SP WIDTH="24" VPOS="307" HPOS="309"/>
							<String ID="string_29" HPOS="333" VPOS="307" WIDTH="113" HEIGHT="22" WC="0.96" CONTENT="tillkomna"/><SP WIDTH="24" VPOS="307" HPOS="446"/>
							<String ID="string_30" HPOS="470" VPOS="307" WIDTH="62" HEIGHT="27" WC="0.96" CONTENT="lagar"/><SP WIDTH="22" VPOS="307" HPOS="532"/>
							<String ID="string_31" HPOS="554" VPOS="307" WIDTH="53" HEIGHT="22" WC="0.96" CONTENT="bära"/><SP WIDTH="23" VPOS="307" HPOS="607"/>
							<String ID="string_32" HPOS="630" VPOS="307" WIDTH="69" HEIGHT="22" WC="0.96" CONTENT="vittne"/><SP WIDTH="19" VPOS="307" HPOS="699"/>
							<String ID="string_33" HPOS="718" VPOS="314" WIDTH="34" HEIGHT="15" WC="0.96" CONTENT="om"/><SP WIDTH="20" VPOS="314" HPOS="752"/>
							<String ID="string_34" HPOS="772" VPOS="308" WIDTH="70" HEIGHT="21" WC="0.96" CONTENT="denna"/>
						</TextLine>
						<TextLine ID="line_5" HPOS="78" VPOS="341" WIDTH="764" HEIGHT="27">
							<String ID="string_35" HPOS="78" VPOS="342" WIDTH="103" HEIGHT="22" WC="0.91" CONTENT="sträfvan."/><SP WIDTH="24" VPOS="342" HPOS="181"/>
							<String ID="string_36" HPOS="205" VPOS="342" WIDTH="29" HEIGHT="21" WC="0.93" CONTENT="Sä"/><SP WIDTH="15" VPOS="342" HPOS="234"/>
							<String ID="string_37" HPOS="249" VPOS="341" WIDTH="86" HEIGHT="27" WC="0.92" CONTENT="medgaf"/><SP WIDTH="13" VPOS="341" HPOS="335"/>
							<String ID="string_38" HPOS="348" VPOS="342" WIDTH="154" HEIGHT="26" WC="0.96" CONTENT="förordningen"/><SP WIDTH="18" VPOS="342" HPOS="502"/>
							<String ID="string_39" HPOS="520" VPOS="342" WIDTH="41" HEIGHT="21" WC="0.96" CONTENT="den"/><SP WIDTH="18" VPOS="342" HPOS="561"/>
							<String ID="string_40" HPOS="579" VPOS="344" WIDTH="25" HEIGHT="19" WC="0.96" CONTENT="15"/><SP WIDTH="16" VPOS="344" HPOS="604"/>
							<String ID="string_41" HPOS="620" VPOS="342" WIDTH="104" HEIGHT="21" WC="0.96" CONTENT="Februari"/><SP WIDTH="17" VPOS="342" HPOS="724"/>
							<String ID="string_42" HPOS="741" VPOS="344" WIDTH="54" HEIGHT="19" WC="0.93" CONTENT="1864"/><SP WIDTH="11" VPOS="344" HPOS="795"/>
							<String ID="string_43" HPOS="806" VPOS="348" WIDTH="36" HEIGHT="14" WC="0.92" CONTENT="ur-"/>
						</TextLine>
						<TextLine ID="line_6" HPOS="78" VPOS="375" WIDTH="764" HEIGHT="29">
							<String ID="string_44" HPOS="78" VPOS="377" WIDTH="52" HEIGHT="21" WC="0.93" CONTENT="tima"/><SP WIDTH="15" VPOS="377" HPOS="130"/>
							<String ID="string_45" HPOS="145" VPOS="377" WIDTH="56" HEIGHT="27" WC="0.96" CONTENT="tings"/><SP WIDTH="16" VPOS="377" HPOS="201"/>
							<String ID="string_46" HPOS="217" VPOS="376" WIDTH="101" HEIGHT="22" WC="0.96" CONTENT="hållande"/><SP WIDTH="17" VPOS="376" HPOS="318"/>
							<String ID="string_47" HPOS="335" VPOS="378" WIDTH="51" HEIGHT="19" WC="0.96" CONTENT="utan"/><SP WIDTH="18" VPOS="378" HPOS="386"/>
							<String ID="string_48" HPOS="404" VPOS="376" WIDTH="42" HEIGHT="22" WC="0.96" CONTENT="den"/><SP WIDTH="16" VPOS="376" HPOS="446"/>
							<String ID="string_49" HPOS="462" VPOS="376" WIDTH="7" HEIGHT="21" WC="0.96" CONTENT="i"/><SP WIDTH="17" VPOS="376" HPOS="469"/>
							<String ID="string_50" HPOS="486" VPOS="378" WIDTH="12" HEIGHT="19" WC="0.93" CONTENT="2"/><SP WIDTH="16" VPOS="378" HPOS="498"/>
							<String ID="string_51" HPOS="514" VPOS="376" WIDTH="11" HEIGHT="27" WC="0.89" CONTENT="$"/><SP WIDTH="16" VPOS="376" HPOS="525"/>
							<String ID="string_52" HPOS="541" VPOS="378" WIDTH="13" HEIGHT="19" WC="0.96" CONTENT="4"/><SP WIDTH="15" VPOS="378" HPOS="554"/>
							<String ID="string_53" HPOS="569" VPOS="376" WIDTH="49" HEIGHT="27" WC="0.96" CONTENT="kap."/><SP WIDTH="17" VPOS="376" HPOS="618"/>
							<String ID="string_54" HPOS="635" VPOS="376" WIDTH="26" HEIGHT="22" WC="0.93" CONTENT="R."/><SP WIDTH="15" VPOS="376" HPOS="661"/>
							<String ID="string_55" HPOS="676" VPOS="376" WIDTH="25" HEIGHT="21" WC="0.92" CONTENT="B."/><SP WIDTH="14" VPOS="376" HPOS="701"/>
							<String ID="string_56" HPOS="715" VPOS="375" WIDTH="127" HEIGHT="23" WC="0.92" CONTENT="föreskrifna"/>
						</TextLine>
						<TextLine ID="line_7" HPOS="79" VPOS="410" WIDTH="764" HEIGHT="28">
							<String ID="string_57" HPOS="79" VPOS="411" WIDTH="99" HEIGHT="27" WC="0.92" CONTENT="omgäng."/><SP WIDTH="31" VPOS="411" HPOS="178"/>
							<String ID="string_58" HPOS="209" VPOS="410" WIDTH="159" HEIGHT="27" WC="0.92" CONTENT="Förordningen"/><SP WIDTH="18" VPOS="410" HPOS="368"/>
							<String ID="string_59" HPOS="386" VPOS="410" WIDTH="42" HEIGHT="21" WC="0.96" CONTENT="den"/><SP WIDTH="16" VPOS="410" HPOS="428"/>
							<String ID="string_60" HPOS="444" VPOS="413" WIDTH="13" HEIGHT="18" WC="0.96" CONTENT="4"/><SP WIDTH="17" VPOS="413" HPOS="457"/>
							<String ID="string_61" HPOS="474" VPOS="411" WIDTH="103" HEIGHT="20" WC="0.96" CONTENT="Februari"/><SP WIDTH="19" VPOS="411" HPOS="577"/>
							<String ID="string_62" HPOS="596" VPOS="412" WIDTH="53" HEIGHT="19" WC="0.93" CONTENT="1867"/><SP WIDTH="17" VPOS="412" HPOS="649"/>
							<String ID="string_63" HPOS="666" VPOS="410" WIDTH="125" HEIGHT="22" WC="0.92" CONTENT="förenklade"/><SP WIDTH="15" VPOS="410" HPOS="791"/>
							<String ID="string_64" HPOS="806" VPOS="410" WIDTH="37" HEIGHT="21" WC="0.92" CONTENT="be-"/>
						</TextLine>
						<TextLine ID="line_8" HPOS="78" VPOS="445" WIDTH="764" HEIGHT="27">
							<String ID="string_65" HPOS="78" VPOS="446" WIDTH="121" HEIGHT="26" WC="0.92" CONTENT="vakningen"/><SP WIDTH="16" VPOS="446" HPOS="199"/>
							<String ID="string_66" HPOS="215" VPOS="445" WIDTH="6" HEIGHT="21" WC="0.92" CONTENT="i"/><SP WIDTH="16" VPOS="445" HPOS="221"/>
							<String ID="string_67" HPOS="237" VPOS="445" WIDTH="90" HEIGHT="27" WC="0.96" CONTENT="vädjade"/><SP WIDTH="16" VPOS="445" HPOS="327"/>
							<String ID="string_68" HPOS="343" VPOS="445" WIDTH="41" HEIGHT="21" WC="0.92" CONTENT="och"/><SP WIDTH="17" VPOS="445" HPOS="384"/>
							<String ID="string_69" HPOS="401" VPOS="445" WIDTH="158" HEIGHT="21" WC="0.89" CONTENT="revisionsmäl."/><SP WIDTH="37" VPOS="445" HPOS="559"/>
							<String ID="string_70" HPOS="596" VPOS="445" WIDTH="159" HEIGHT="26" WC="0.95" CONTENT="Förordningen"/><SP WIDTH="16" VPOS="445" HPOS="755"/>
							<String ID="string_71" HPOS="771" VPOS="445" WIDTH="42" HEIGHT="21" WC="0.96" CONTENT="den"/><SP WIDTH="16" VPOS="445" HPOS="813"/>
							<String ID="string_72" HPOS="829" VPOS="447" WIDTH="13" HEIGHT="19" WC="0.96" CONTENT="3"/>
						</TextLine>
						<TextLine ID="line_9" HPOS="78" VPOS="479" WIDTH="764" HEIGHT="26">
							<String ID="string_73" HPOS="78" VPOS="481" WIDTH="59" HEIGHT="21" WC="0.96" CONTENT="Mars"/><SP WIDTH="23" VPOS="481" HPOS="137"/>
							<String ID="string_74" HPOS="160" VPOS="481" WIDTH="54" HEIGHT="20" WC="0.93" CONTENT="1868"/><SP WIDTH="23" VPOS="481" HPOS="214"/>
							<String ID="string_75" HPOS="237" VPOS="479" WIDTH="151" HEIGHT="21" WC="0.92" CONTENT="underlättade"/><SP WIDTH="23" VPOS="479" HPOS="388"/>
							<String ID="string_76" HPOS="411" VPOS="479" WIDTH="115" HEIGHT="26" WC="0.92" CONTENT="bevisning"/><SP WIDTH="23" VPOS="479" HPOS="526"/>
							<String ID="string_77" HPOS="549" VPOS="485" WIDTH="77" HEIGHT="20" WC="0.93" CONTENT="genom"/><SP WIDTH="19" VPOS="485" HPOS="626"/>
							<String ID="string_78" HPOS="645" VPOS="479" WIDTH="132" HEIGHT="22" WC="0.92" CONTENT="handelsbok"/><SP WIDTH="24" VPOS="479" HPOS="777"/>
							<String ID="string_79" HPOS="801" VPOS="479" WIDTH="41" HEIGHT="21" WC="0.96" CONTENT="och"/>
						</TextLine>
						<TextLine ID="line_10" HPOS="78" VPOS="513" WIDTH="765" HEIGHT="28">
							<String ID="string_80" HPOS="78" VPOS="515" WIDTH="93" HEIGHT="25" WC="0.92" CONTENT="räkning"/><SP WIDTH="19" VPOS="515" HPOS="171"/>
							<String ID="string_81" HPOS="190" VPOS="513" WIDTH="59" HEIGHT="22" WC="0.93" CONTENT="öfver"/><SP WIDTH="18" VPOS="513" HPOS="249"/>
							<String ID="string_82" HPOS="267" VPOS="513" WIDTH="119" HEIGHT="27" WC="0.92" CONTENT="utborgade"/><SP WIDTH="16" VPOS="513" HPOS="386"/>
							<String ID="string_83" HPOS="402" VPOS="519" WIDTH="71" HEIGHT="16" WC="0.91" CONTENT="varor."/><SP WIDTH="31" VPOS="519" HPOS="473"/>
							<String ID="string_84" HPOS="504" VPOS="513" WIDTH="162" HEIGHT="28" WC="0.91" CONTENT="Förordningen"/><SP WIDTH="17" VPOS="513" HPOS="666"/>
							<String ID="string_85" HPOS="683" VPOS="514" WIDTH="40" HEIGHT="21" WC="0.96" CONTENT="den"/><SP WIDTH="16" VPOS="514" HPOS="723"/>
							<String ID="string_86" HPOS="739" VPOS="515" WIDTH="25" HEIGHT="20" WC="0.95" CONTENT="27"/><SP WIDTH="17" VPOS="515" HPOS="764"/>
							<String ID="string_87" HPOS="781" VPOS="513" WIDTH="62" HEIGHT="27" WC="0.96" CONTENT="April"/>
						</TextLine>
						<TextLine ID="line_11" HPOS="81" VPOS="547" WIDTH="762" HEIGHT="28">
							<String ID="string_88" HPOS="81" VPOS="551" WIDTH="55" HEIGHT="20" WC="0.96" CONTENT="1868"/><SP WIDTH="15" VPOS="551" HPOS="136"/>
							<String ID="string_89" HPOS="151" VPOS="548" WIDTH="113" HEIGHT="21" WC="0.92" CONTENT="minskade"/><SP WIDTH="15" VPOS="548" HPOS="264"/>
							<String ID="string_90" HPOS="279" VPOS="548" WIDTH="147" HEIGHT="21" WC="0.92" CONTENT="instansernes"/><SP WIDTH="12" VPOS="548" HPOS="426"/>
							<String ID="string_91" HPOS="438" VPOS="548" WIDTH="59" HEIGHT="21" WC="0.95" CONTENT="antal"/><SP WIDTH="12" VPOS="548" HPOS="497"/>
							<String ID="string_92" HPOS="509" VPOS="548" WIDTH="40" HEIGHT="21" WC="0.93" CONTENT="och"/><SP WIDTH="12" VPOS="548" HPOS="549"/>
							<String ID="string_93" HPOS="561" VPOS="547" WIDTH="102" HEIGHT="28" WC="0.93" CONTENT="frigjorde"/><SP WIDTH="12" VPOS="547" HPOS="663"/>
							<String ID="string_94" HPOS="675" VPOS="548" WIDTH="60" HEIGHT="21" WC="0.92" CONTENT="äfven"/><SP WIDTH="14" VPOS="548" HPOS="735"/>
							<String ID="string_95" HPOS="749" VPOS="547" WIDTH="6" HEIGHT="22" WC="0.93" CONTENT="i"/><SP WIDTH="9" VPOS="547" HPOS="755"/>
							<String ID="string_96" HPOS="764" VPOS="548" WIDTH="79" HEIGHT="26" WC="0.92" CONTENT="mänga"/>
						</TextLine>
						<TextLine ID="line_12" HPOS="80" VPOS="581" WIDTH="763" HEIGHT="28">
							<String ID="string_97" HPOS="80" VPOS="583" WIDTH="68" HEIGHT="22" WC="0.93" CONTENT="andra"/><SP WIDTH="20" VPOS="583" HPOS="148"/>
							<String ID="string_98" HPOS="168" VPOS="582" WIDTH="138" HEIGHT="21" WC="0.92" CONTENT="hänseenden"/><SP WIDTH="16" VPOS="582" HPOS="306"/>
							<String ID="string_99" HPOS="322" VPOS="582" WIDTH="234" HEIGHT="27" WC="0.92" CONTENT="rättegängsväsendet"/><SP WIDTH="15" VPOS="582" HPOS="556"/>
							<String ID="string_100" HPOS="571" VPOS="582" WIDTH="46" HEIGHT="21" WC="0.93" CONTENT="frän"/><SP WIDTH="17" VPOS="582" HPOS="617"/>
							<String ID="string_101" HPOS="634" VPOS="583" WIDTH="92" HEIGHT="26" WC="0.93" CONTENT="onödiga"/><SP WIDTH="15" VPOS="583" HPOS="726"/>
							<String ID="string_102" HPOS="741" VPOS="582" WIDTH="40" HEIGHT="21" WC="0.93" CONTENT="och"/><SP WIDTH="17" VPOS="582" HPOS="781"/>
							<String ID="string_103" HPOS="798" VPOS="581" WIDTH="45" HEIGHT="22" WC="0.92" CONTENT="för-"/>
						</TextLine>
						<TextLine ID="line_13" HPOS="80" VPOS="616" WIDTH="765" HEIGHT="27">
							<String ID="string_104" HPOS="80" VPOS="617" WIDTH="88" HEIGHT="22" WC="0.92" CONTENT="äldrade"/><SP WIDTH="15" VPOS="617" HPOS="168"/>
							<String ID="string_105" HPOS="183" VPOS="617" WIDTH="64" HEIGHT="21" WC="0.90" CONTENT="band."/><SP WIDTH="32" VPOS="617" HPOS="247"/>
							<String ID="string_106" HPOS="279" VPOS="616" WIDTH="162" HEIGHT="27" WC="0.90" CONTENT="Förordningen"/><SP WIDTH="17" VPOS="616" HPOS="441"/>
							<String ID="string_107" HPOS="458" VPOS="617" WIDTH="42" HEIGHT="21" WC="0.96" CONTENT="den"/><SP WIDTH="16" VPOS="617" HPOS="500"/>
							<String ID="string_108" HPOS="516" VPOS="618" WIDTH="26" HEIGHT="20" WC="0.96" CONTENT="23"/><SP WIDTH="17" VPOS="618" HPOS="542"/>
							<String ID="string_109" HPOS="559" VPOS="617" WIDTH="43" HEIGHT="21" WC="0.96" CONTENT="Juli"/><SP WIDTH="19" VPOS="617" HPOS="602"/>
							<String ID="string_110" HPOS="621" VPOS="619" WIDTH="53" HEIGHT="19" WC="0.93" CONTENT="1868"/><SP WIDTH="17" VPOS="619" HPOS="674"/>
							<String ID="string_111" HPOS="691" VPOS="617" WIDTH="62" HEIGHT="21" WC="0.92" CONTENT="sökte"/><SP WIDTH="17" VPOS="617" HPOS="753"/>
							<String ID="string_112" HPOS="770" VPOS="616" WIDTH="75" HEIGHT="22" WC="0.91" CONTENT="ästad-"/>
						</TextLine>
						<TextLine ID="line_14" HPOS="80" VPOS="651" WIDTH="763" HEIGHT="27">
							<String ID="string_113" HPOS="80" VPOS="653" WIDTH="87" HEIGHT="20" WC="0.95" CONTENT="komma"/><SP WIDTH="15" VPOS="653" HPOS="167"/>
							<String ID="string_114" HPOS="182" VPOS="653" WIDTH="70" HEIGHT="19" WC="0.93" CONTENT="större"/><SP WIDTH="11" VPOS="653" HPOS="252"/>
							<String ID="string_115" HPOS="263" VPOS="651" WIDTH="155" HEIGHT="27" WC="0.91" CONTENT="skyndsamhet"/><SP WIDTH="8" VPOS="651" HPOS="418"/>
							<String ID="string_116" HPOS="426" VPOS="651" WIDTH="36" HEIGHT="21" WC="0.93" CONTENT="vid"/><SP WIDTH="12" VPOS="651" HPOS="462"/>
							<String ID="string_117" HPOS="474" VPOS="651" WIDTH="237" HEIGHT="27" WC="0.92" CONTENT="utsökningsärendens"/><SP WIDTH="12" VPOS="651" HPOS="711"/>
							<String ID="string_118" HPOS="723" VPOS="651" WIDTH="120" HEIGHT="26" WC="0.90" CONTENT="handlägg-"/>
						</TextLine>
						<TextLine ID="line_15" HPOS="80" VPOS="685" WIDTH="763" HEIGHT="28">
							<String ID="string_119" HPOS="80" VPOS="686" WIDTH="51" HEIGHT="26" WC="0.96" CONTENT="ning"/><SP WIDTH="20" VPOS="686" HPOS="131"/>
							<String ID="string_120" HPOS="151" VPOS="686" WIDTH="39" HEIGHT="21" WC="0.93" CONTENT="hos"/><SP WIDTH="22" VPOS="686" HPOS="190"/>
							<String ID="string_121" HPOS="212" VPOS="686" WIDTH="173" HEIGHT="27" WC="0.92" CONTENT="Guvernörerne;"/><SP WIDTH="24" VPOS="686" HPOS="385"/>
							<String ID="string_122" HPOS="409" VPOS="685" WIDTH="41" HEIGHT="21" WC="0.93" CONTENT="och"/><SP WIDTH="22" VPOS="685" HPOS="450"/>
							<String ID="string_123" HPOS="472" VPOS="686" WIDTH="189" HEIGHT="26" WC="0.92" CONTENT="konkursstadgan"/><SP WIDTH="16" VPOS="686" HPOS="661"/>
							<String ID="string_124" HPOS="677" VPOS="685" WIDTH="23" HEIGHT="21" WC="0.96" CONTENT="af"/><SP WIDTH="14" VPOS="685" HPOS="700"/>
							<String ID="string_125" HPOS="714" VPOS="685" WIDTH="41" HEIGHT="22" WC="0.95" CONTENT="den"/><SP WIDTH="16" VPOS="685" HPOS="755"/>
							<String ID="string_126" HPOS="771" VPOS="687" WIDTH="12" HEIGHT="19" WC="0.93" CONTENT="9"/><SP WIDTH="16" VPOS="687" HPOS="783"/>
							<String ID="string_127" HPOS="799" VPOS="685" WIDTH="44" HEIGHT="21" WC="0.92" CONTENT="No-"/>
						</TextLine>
						<TextLine ID="line_16" HPOS="80" VPOS="719" WIDTH="764" HEIGHT="27">
							<String ID="string_128" HPOS="80" VPOS="721" WIDTH="87" HEIGHT="21" WC="0.91" CONTENT="vember"/><SP WIDTH="22" VPOS="721" HPOS="167"/>
							<String ID="string_129" HPOS="189" VPOS="721" WIDTH="54" HEIGHT="20" WC="0.90" CONTENT="1863"/><SP WIDTH="18" VPOS="721" HPOS="243"/>
							<String ID="string_130" HPOS="261" VPOS="720" WIDTH="67" HEIGHT="26" WC="0.92" CONTENT="jemte"/><SP WIDTH="15" VPOS="720" HPOS="328"/>
							<String ID="string_131" HPOS="343" VPOS="719" WIDTH="54" HEIGHT="22" WC="0.93" CONTENT="flera"/><SP WIDTH="14" VPOS="719" HPOS="397"/>
							<String ID="string_132" HPOS="411" VPOS="719" WIDTH="153" HEIGHT="27" WC="0.92" CONTENT="förordningar"/><SP WIDTH="15" VPOS="719" HPOS="564"/>
							<String ID="string_133" HPOS="579" VPOS="720" WIDTH="22" HEIGHT="20" WC="0.96" CONTENT="af"/><SP WIDTH="14" VPOS="720" HPOS="601"/>
							<String ID="string_134" HPOS="615" VPOS="726" WIDTH="82" HEIGHT="15" WC="0.96" CONTENT="samma"/><SP WIDTH="12" VPOS="726" HPOS="697"/>
							<String ID="string_135" HPOS="709" VPOS="720" WIDTH="42" HEIGHT="26" WC="0.93" CONTENT="dag"/><SP WIDTH="15" VPOS="720" HPOS="751"/>
							<String ID="string_136" HPOS="766" VPOS="720" WIDTH="78" HEIGHT="26" WC="0.92" CONTENT="bragte"/>
						</TextLine>
						<TextLine ID="line_17" HPOS="80" VPOS="754" WIDTH="764" HEIGHT="28">
							<String ID="string_137" HPOS="80" VPOS="755" WIDTH="143" HEIGHT="27" WC="0.96" CONTENT="rättegången"/><SP WIDTH="16" VPOS="755" HPOS="223"/>
							<String ID="string_138" HPOS="239" VPOS="755" WIDTH="6" HEIGHT="21" WC="0.96" CONTENT="i"/><SP WIDTH="15" VPOS="755" HPOS="245"/>
							<String ID="string_139" HPOS="260" VPOS="754" WIDTH="103" HEIGHT="26" WC="0.93" CONTENT="konkurs,"/><SP WIDTH="15" VPOS="754" HPOS="363"/>
							<String ID="string_140" HPOS="378" VPOS="755" WIDTH="128" HEIGHT="21" WC="0.92" CONTENT="boskilnads"/><SP WIDTH="16" VPOS="755" HPOS="506"/>
							<String ID="string_141" HPOS="522" VPOS="755" WIDTH="41" HEIGHT="21" WC="0.93" CONTENT="och"/><SP WIDTH="15" VPOS="755" HPOS="563"/>
							<String ID="string_142" HPOS="578" VPOS="754" WIDTH="85" HEIGHT="22" WC="0.92" CONTENT="urarfva"/><SP WIDTH="15" VPOS="754" HPOS="663"/>
							<String ID="string_143" HPOS="678" VPOS="755" WIDTH="42" HEIGHT="21" WC="0.93" CONTENT="mål"/><SP WIDTH="14" VPOS="755" HPOS="720"/>
							<String ID="string_144" HPOS="734" VPOS="761" WIDTH="27" HEIGHT="15" WC="0.97" CONTENT="m."/><SP WIDTH="12" VPOS="761" HPOS="761"/>
							<String ID="string_145" HPOS="773" VPOS="761" WIDTH="26" HEIGHT="15" WC="0.93" CONTENT="m."/><SP WIDTH="12" VPOS="761" HPOS="799"/>
							<String ID="string_146" HPOS="811" VPOS="754" WIDTH="33" HEIGHT="21" WC="0.96" CONTENT="uti"/>
						</TextLine>
						<TextLine ID="line_18" HPOS="82" VPOS="789" WIDTH="407" HEIGHT="23">
							<String ID="string_147" HPOS="82" VPOS="792" WIDTH="31" HEIGHT="20" WC="0.96" CONTENT="ett"/><SP WIDTH="15" VPOS="792" HPOS="113"/>
							<String ID="string_148" HPOS="128" VPOS="796" WIDTH="59" HEIGHT="15" WC="0.93" CONTENT="mera"/><SP WIDTH="16" VPOS="796" HPOS="187"/>
							<String ID="string_149" HPOS="203" VPOS="789" WIDTH="199" HEIGHT="21" WC="0.92" CONTENT="tillfredsställande"/><SP WIDTH="17" VPOS="789" HPOS="402"/>
							<String ID="string_150" HPOS="419" VPOS="790" WIDTH="70" HEIGHT="20" WC="0.92" CONTENT="skick."/>
						</TextLine>
					</TextBlock>
					<TextBlock ID="block_2" HPOS="80" VPOS="822" WIDTH="767" HEIGHT="578">
						<TextLine ID="line_19" HPOS="150" VPOS="822" WIDTH="694" HEIGHT="28">
							<String ID="string_151" HPOS="150" VPOS="824" WIDTH="50" HEIGHT="21" WC="0.96" CONTENT="Man"/><SP WIDTH="21" VPOS="824" HPOS="200"/>
							<String ID="string_152" HPOS="221" VPOS="824" WIDTH="42" HEIGHT="21" WC="0.93" CONTENT="kan"/><SP WIDTH="20" VPOS="824" HPOS="263"/>
							<String ID="string_153" HPOS="283" VPOS="824" WIDTH="85" HEIGHT="21" WC="0.92" CONTENT="säledes"/><SP WIDTH="21" VPOS="824" HPOS="368"/>
							<String ID="string_154" HPOS="389" VPOS="824" WIDTH="49" HEIGHT="21" WC="0.93" CONTENT="med"/><SP WIDTH="22" VPOS="824" HPOS="438"/>
							<String ID="string_155" HPOS="460" VPOS="823" WIDTH="38" HEIGHT="27" WC="0.92" CONTENT="fog"/><SP WIDTH="21" VPOS="823" HPOS="498"/>
							<String ID="string_156" HPOS="519" VPOS="826" WIDTH="59" HEIGHT="24" WC="0.91" CONTENT="säga,"/><SP WIDTH="21" VPOS="826" HPOS="578"/>
							<String ID="string_157" HPOS="599" VPOS="825" WIDTH="33" HEIGHT="20" WC="0.93" CONTENT="att"/><SP WIDTH="20" VPOS="825" HPOS="632"/>
							<String ID="string_158" HPOS="652" VPOS="824" WIDTH="135" HEIGHT="26" WC="0.92" CONTENT="rättegängs-"/><SP WIDTH="16" VPOS="824" HPOS="787"/>
							<String ID="string_159" HPOS="803" VPOS="822" WIDTH="41" HEIGHT="23" WC="0.96" CONTENT="och"/>
						</TextLine>
						<TextLine ID="line_20" HPOS="80" VPOS="857" WIDTH="765" HEIGHT="29">
							<String ID="string_160" HPOS="80" VPOS="858" WIDTH="251" HEIGHT="28" WC="0.87" CONTENT="lagsökningsväsendet,"/><SP WIDTH="22" VPOS="858" HPOS="331"/>
							<String ID="string_161" HPOS="353" VPOS="858" WIDTH="67" HEIGHT="22" WC="0.93" CONTENT="sedan"/><SP WIDTH="26" VPOS="858" HPOS="420"/>
							<String ID="string_162" HPOS="446" VPOS="858" WIDTH="196" HEIGHT="22" WC="0.91" CONTENT="Häradsrätternes"/><SP WIDTH="23" VPOS="858" HPOS="642"/>
							<String ID="string_163" HPOS="665" VPOS="858" WIDTH="28" HEIGHT="27" WC="0.93" CONTENT="pä"/><SP WIDTH="22" VPOS="858" HPOS="693"/>
							<String ID="string_164" HPOS="715" VPOS="857" WIDTH="130" HEIGHT="27" WC="0.92" CONTENT="dagordnin-"/>
						</TextLine>
						<TextLine ID="line_21" HPOS="81" VPOS="892" WIDTH="763" HEIGHT="28">
							<String ID="string_165" HPOS="81" VPOS="900" WIDTH="40" HEIGHT="20" WC="0.93" CONTENT="gen"/><SP WIDTH="18" VPOS="900" HPOS="121"/>
							<String ID="string_166" HPOS="139" VPOS="893" WIDTH="90" HEIGHT="21" WC="0.93" CONTENT="stäende"/><SP WIDTH="16" VPOS="893" HPOS="229"/>
							<String ID="string_167" HPOS="245" VPOS="893" WIDTH="170" HEIGHT="27" WC="0.92" CONTENT="reorganisation"/><SP WIDTH="16" VPOS="893" HPOS="415"/>
							<String ID="string_168" HPOS="431" VPOS="893" WIDTH="79" HEIGHT="21" WC="0.93" CONTENT="hunnit"/><SP WIDTH="17" VPOS="893" HPOS="510"/>
							<String ID="string_169" HPOS="527" VPOS="892" WIDTH="65" HEIGHT="22" WC="0.92" CONTENT="blifva"/><SP WIDTH="16" VPOS="892" HPOS="592"/>
							<String ID="string_170" HPOS="608" VPOS="899" WIDTH="25" HEIGHT="15" WC="0.93" CONTENT="en"/><SP WIDTH="11" VPOS="899" HPOS="633"/>
							<String ID="string_171" HPOS="644" VPOS="892" WIDTH="127" HEIGHT="26" WC="0.92" CONTENT="verklighet,"/><SP WIDTH="11" VPOS="892" HPOS="771"/>
							<String ID="string_172" HPOS="782" VPOS="892" WIDTH="62" HEIGHT="20" WC="0.92" CONTENT="kom-"/>
						</TextLine>
						<TextLine ID="line_22" HPOS="80" VPOS="926" WIDTH="763" HEIGHT="28">
							<String ID="string_173" HPOS="80" VPOS="934" WIDTH="46" HEIGHT="15" WC="0.96" CONTENT="mer"/><SP WIDTH="16" VPOS="934" HPOS="126"/>
							<String ID="string_174" HPOS="142" VPOS="930" WIDTH="33" HEIGHT="19" WC="0.93" CONTENT="att"/><SP WIDTH="19" VPOS="930" HPOS="175"/>
							<String ID="string_175" HPOS="194" VPOS="926" WIDTH="85" HEIGHT="22" WC="0.92" CONTENT="befinna"/><SP WIDTH="16" VPOS="926" HPOS="279"/>
							<String ID="string_176" HPOS="295" VPOS="927" WIDTH="32" HEIGHT="27" WC="0.93" CONTENT="sig"/><SP WIDTH="16" VPOS="927" HPOS="327"/>
							<String ID="string_177" HPOS="343" VPOS="927" WIDTH="31" HEIGHT="21" WC="0.92" CONTENT="uti"/><SP WIDTH="17" VPOS="927" HPOS="374"/>
							<String ID="string_178" HPOS="391" VPOS="930" WIDTH="32" HEIGHT="18" WC="0.93" CONTENT="ett"/><SP WIDTH="16" VPOS="930" HPOS="423"/>
							<String ID="string_179" HPOS="439" VPOS="927" WIDTH="69" HEIGHT="26" WC="0.92" CONTENT="skick,"/><SP WIDTH="18" VPOS="927" HPOS="508"/>
							<String ID="string_180" HPOS="526" VPOS="933" WIDTH="52" HEIGHT="19" WC="0.93" CONTENT="som,"/><SP WIDTH="18" VPOS="933" HPOS="578"/>
							<String ID="string_181" HPOS="596" VPOS="927" WIDTH="68" HEIGHT="21" WC="0.92" CONTENT="ehuru"/><SP WIDTH="15" VPOS="927" HPOS="664"/>
							<String ID="string_182" HPOS="679" VPOS="926" WIDTH="48" HEIGHT="22" WC="0.93" CONTENT="icke"/><SP WIDTH="16" VPOS="926" HPOS="727"/>
							<String ID="string_183" HPOS="743" VPOS="926" WIDTH="100" HEIGHT="21" WC="0.92" CONTENT="fullkom-"/>
						</TextLine>
						<TextLine ID="line_23" HPOS="80" VPOS="960" WIDTH="765" HEIGHT="28">
							<String ID="string_184" HPOS="80" VPOS="962" WIDTH="46" HEIGHT="26" WC="0.82" CONTENT="Ngt,"/><SP WIDTH="18" VPOS="962" HPOS="126"/>
							<String ID="string_185" HPOS="144" VPOS="962" WIDTH="83" HEIGHT="22" WC="0.96" CONTENT="ändock"/><SP WIDTH="16" VPOS="962" HPOS="227"/>
							<String ID="string_186" HPOS="243" VPOS="964" WIDTH="119" HEIGHT="19" WC="0.96" CONTENT="motsvarar"/><SP WIDTH="16" VPOS="964" HPOS="362"/>
							<String ID="string_187" HPOS="378" VPOS="962" WIDTH="26" HEIGHT="21" WC="0.93" CONTENT="de"/><SP WIDTH="17" VPOS="962" HPOS="404"/>
							<String ID="string_188" HPOS="421" VPOS="962" WIDTH="103" HEIGHT="26" WC="0.96" CONTENT="anspråk,"/><SP WIDTH="17" VPOS="962" HPOS="524"/>
							<String ID="string_189" HPOS="541" VPOS="968" WIDTH="49" HEIGHT="14" WC="0.93" CONTENT="man"/><SP WIDTH="16" VPOS="968" HPOS="590"/>
							<String ID="string_190" HPOS="606" VPOS="962" WIDTH="52" HEIGHT="21" WC="0.92" CONTENT="derä"/><SP WIDTH="8" VPOS="962" HPOS="658"/>
							<String ID="string_191" HPOS="666" VPOS="960" WIDTH="33" HEIGHT="22" WC="0.96" CONTENT="för"/><SP WIDTH="10" VPOS="960" HPOS="699"/>
							<String ID="string_192" HPOS="709" VPOS="960" WIDTH="136" HEIGHT="22" WC="0.96" CONTENT="närvarande"/>
						</TextLine>
						<TextLine ID="line_24" HPOS="80" VPOS="994" WIDTH="763" HEIGHT="29">
							<String ID="string_193" HPOS="80" VPOS="996" WIDTH="33" HEIGHT="21" WC="0.92" CONTENT="fär"/><SP WIDTH="15" VPOS="996" HPOS="113"/>
							<String ID="string_194" HPOS="128" VPOS="996" WIDTH="71" HEIGHT="21" WC="0.91" CONTENT="ställa."/><SP WIDTH="24" VPOS="996" HPOS="199"/>
							<String ID="string_195" HPOS="223" VPOS="996" WIDTH="66" HEIGHT="21" WC="0.96" CONTENT="Detta"/><SP WIDTH="16" VPOS="996" HPOS="289"/>
							<String ID="string_196" HPOS="305" VPOS="996" WIDTH="41" HEIGHT="21" WC="0.93" CONTENT="kan"/><SP WIDTH="16" VPOS="996" HPOS="346"/>
							<String ID="string_197" HPOS="362" VPOS="998" WIDTH="73" HEIGHT="25" WC="0.92" CONTENT="tvvärr"/><SP WIDTH="15" VPOS="998" HPOS="435"/>
							<String ID="string_198" HPOS="450" VPOS="996" WIDTH="50" HEIGHT="21" WC="0.92" CONTENT="icke"/><SP WIDTH="16" VPOS="996" HPOS="500"/>
							<String ID="string_199" HPOS="516" VPOS="998" WIDTH="64" HEIGHT="24" WC="0.92" CONTENT="sägas"/><SP WIDTH="15" VPOS="998" HPOS="580"/>
							<String ID="string_200" HPOS="595" VPOS="1002" WIDTH="33" HEIGHT="15" WC="0.96" CONTENT="om"/><SP WIDTH="17" VPOS="1002" HPOS="628"/>
							<String ID="string_201" HPOS="645" VPOS="996" WIDTH="40" HEIGHT="21" WC="0.96" CONTENT="den"/><SP WIDTH="16" VPOS="996" HPOS="685"/>
							<String ID="string_202" HPOS="701" VPOS="994" WIDTH="142" HEIGHT="27" WC="0.96" CONTENT="lagstiftning,"/>
						</TextLine>
						<TextLine ID="line_25" HPOS="81" VPOS="1028" WIDTH="764" HEIGHT="29">
							<String ID="string_203" HPOS="81" VPOS="1037" WIDTH="47" HEIGHT="14" WC="0.93" CONTENT="som"/><SP WIDTH="19" VPOS="1037" HPOS="128"/>
							<String ID="string_204" HPOS="147" VPOS="1030" WIDTH="120" HEIGHT="21" WC="0.91" CONTENT="innehäller"/><SP WIDTH="17" VPOS="1030" HPOS="267"/>
							<String ID="string_205" HPOS="284" VPOS="1036" WIDTH="114" HEIGHT="15" WC="0.92" CONTENT="normerna"/><SP WIDTH="16" VPOS="1036" HPOS="398"/>
							<String ID="string_206" HPOS="414" VPOS="1029" WIDTH="34" HEIGHT="22" WC="0.93" CONTENT="för"/><SP WIDTH="21" VPOS="1029" HPOS="448"/>
							<String ID="string_207" HPOS="469" VPOS="1029" WIDTH="193" HEIGHT="28" WC="0.91" CONTENT="verkställigheten"/><SP WIDTH="16" VPOS="1029" HPOS="662"/>
							<String ID="string_208" HPOS="678" VPOS="1029" WIDTH="23" HEIGHT="22" WC="0.93" CONTENT="af"/><SP WIDTH="14" VPOS="1029" HPOS="701"/>
							<String ID="string_209" HPOS="715" VPOS="1028" WIDTH="130" HEIGHT="22" WC="0.91" CONTENT="domstolar-"/>
						</TextLine>
						<TextLine ID="line_26" HPOS="80" VPOS="1063" WIDTH="765" HEIGHT="29">
							<String ID="string_210" HPOS="80" VPOS="1071" WIDTH="38" HEIGHT="15" WC="0.90" CONTENT="nes"/><SP WIDTH="23" VPOS="1071" HPOS="118"/>
							<String ID="string_211" HPOS="141" VPOS="1065" WIDTH="41" HEIGHT="21" WC="0.87" CONTENT="oeh"/><SP WIDTH="22" VPOS="1065" HPOS="182"/>
							<String ID="string_212" HPOS="204" VPOS="1065" WIDTH="117" HEIGHT="27" WC="0.91" CONTENT="Kejsarens"/><SP WIDTH="18" VPOS="1065" HPOS="321"/>
							<String ID="string_213" HPOS="339" VPOS="1064" WIDTH="255" HEIGHT="27" WC="0.91" CONTENT="Befallningshafvandes"/><SP WIDTH="21" VPOS="1064" HPOS="594"/>
							<String ID="string_214" HPOS="615" VPOS="1064" WIDTH="72" HEIGHT="27" WC="0.92" CONTENT="utslag"/><SP WIDTH="18" VPOS="1064" HPOS="687"/>
							<String ID="string_215" HPOS="705" VPOS="1064" WIDTH="5" HEIGHT="21" WC="0.93" CONTENT="i"/><SP WIDTH="15" VPOS="1064" HPOS="710"/>
							<String ID="string_216" HPOS="725" VPOS="1063" WIDTH="120" HEIGHT="26" WC="0.92" CONTENT="fordrings-"/>
						</TextLine>
						<TextLine ID="line_27" HPOS="80" VPOS="1097" WIDTH="765" HEIGHT="29">
							<String ID="string_217" HPOS="80" VPOS="1099" WIDTH="50" HEIGHT="21" WC="0.84" CONTENT="mål."/><SP WIDTH="33" VPOS="1099" HPOS="130"/>
							<String ID="string_218" HPOS="163" VPOS="1099" WIDTH="138" HEIGHT="21" WC="0.64" CONTENT="—Sistberörda"/><SP WIDTH="20" VPOS="1099" HPOS="301"/>
							<String ID="string_219" HPOS="321" VPOS="1099" WIDTH="136" HEIGHT="27" WC="0.96" CONTENT="lagstiftning"/><SP WIDTH="20" VPOS="1099" HPOS="457"/>
							<String ID="string_220" HPOS="477" VPOS="1099" WIDTH="97" HEIGHT="22" WC="0.96" CONTENT="befinner"/><SP WIDTH="15" VPOS="1099" HPOS="574"/>
							<String ID="string_221" HPOS="589" VPOS="1099" WIDTH="39" HEIGHT="27" WC="0.95" CONTENT="sig,"/><SP WIDTH="16" VPOS="1099" HPOS="628"/>
							<String ID="string_222" HPOS="644" VPOS="1099" WIDTH="28" HEIGHT="27" WC="0.93" CONTENT="pä"/><SP WIDTH="16" VPOS="1099" HPOS="672"/>
							<String ID="string_223" HPOS="688" VPOS="1098" WIDTH="66" HEIGHT="27" WC="0.96" CONTENT="några"/><SP WIDTH="15" VPOS="1098" HPOS="754"/>
							<String ID="string_224" HPOS="769" VPOS="1097" WIDTH="22" HEIGHT="22" WC="0.93" CONTENT="få"/><SP WIDTH="14" VPOS="1097" HPOS="791"/>
							<String ID="string_225" HPOS="805" VPOS="1103" WIDTH="40" HEIGHT="16" WC="0.91" CONTENT="un-"/>
						</TextLine>
						<TextLine ID="line_28" HPOS="82" VPOS="1132" WIDTH="762" HEIGHT="29">
							<String ID="string_226" HPOS="82" VPOS="1133" WIDTH="80" HEIGHT="28" WC="0.91" CONTENT="dantag"/><SP WIDTH="21" VPOS="1133" HPOS="162"/>
							<String ID="string_227" HPOS="183" VPOS="1135" WIDTH="45" HEIGHT="24" WC="0.93" CONTENT="när,"/><SP WIDTH="21" VPOS="1135" HPOS="228"/>
							<String ID="string_228" HPOS="249" VPOS="1133" WIDTH="31" HEIGHT="22" WC="0.90" CONTENT="uti"/><SP WIDTH="19" VPOS="1133" HPOS="280"/>
							<String ID="string_229" HPOS="299" VPOS="1139" WIDTH="81" HEIGHT="16" WC="0.93" CONTENT="samma"/><SP WIDTH="20" VPOS="1139" HPOS="380"/>
							<String ID="string_230" HPOS="400" VPOS="1133" WIDTH="70" HEIGHT="27" WC="0.92" CONTENT="skick,"/><SP WIDTH="16" VPOS="1133" HPOS="470"/>
							<String ID="string_231" HPOS="486" VPOS="1133" WIDTH="61" HEIGHT="21" WC="0.93" CONTENT="hvari"/><SP WIDTH="17" VPOS="1133" HPOS="547"/>
							<String ID="string_232" HPOS="564" VPOS="1133" WIDTH="40" HEIGHT="22" WC="0.96" CONTENT="den"/><SP WIDTH="19" VPOS="1133" HPOS="604"/>
							<String ID="string_233" HPOS="623" VPOS="1139" WIDTH="44" HEIGHT="20" WC="0.96" CONTENT="var,"/><SP WIDTH="17" VPOS="1139" HPOS="667"/>
							<String ID="string_234" HPOS="684" VPOS="1133" WIDTH="27" HEIGHT="21" WC="0.96" CONTENT="dä"/><SP WIDTH="22" VPOS="1133" HPOS="711"/>
							<String ID="string_235" HPOS="733" VPOS="1134" WIDTH="54" HEIGHT="19" WC="0.93" CONTENT="1734"/><SP WIDTH="22" VPOS="1134" HPOS="787"/>
							<String ID="string_236" HPOS="809" VPOS="1132" WIDTH="35" HEIGHT="21" WC="0.89" CONTENT="ärs"/>
						</TextLine>
						<TextLine ID="line_29" HPOS="80" VPOS="1165" WIDTH="765" HEIGHT="30">
							<String ID="string_237" HPOS="80" VPOS="1168" WIDTH="36" HEIGHT="27" WC="0.92" CONTENT="lag"/><SP WIDTH="19" VPOS="1168" HPOS="116"/>
							<String ID="string_238" HPOS="135" VPOS="1168" WIDTH="78" HEIGHT="27" WC="0.92" CONTENT="utgafs,"/><SP WIDTH="22" VPOS="1168" HPOS="213"/>
							<String ID="string_239" HPOS="235" VPOS="1168" WIDTH="40" HEIGHT="21" WC="0.96" CONTENT="och"/><SP WIDTH="20" VPOS="1168" HPOS="275"/>
							<String ID="string_240" HPOS="295" VPOS="1168" WIDTH="54" HEIGHT="21" WC="0.96" CONTENT="skall"/><SP WIDTH="16" VPOS="1168" HPOS="349"/>
							<String ID="string_241" HPOS="365" VPOS="1169" WIDTH="61" HEIGHT="20" WC="0.93" CONTENT="detta"/><SP WIDTH="16" VPOS="1169" HPOS="426"/>
							<String ID="string_242" HPOS="442" VPOS="1168" WIDTH="144" HEIGHT="26" WC="0.90" CONTENT="förhällande,"/><SP WIDTH="17" VPOS="1168" HPOS="586"/>
							<String ID="string_243" HPOS="603" VPOS="1168" WIDTH="73" HEIGHT="21" WC="0.92" CONTENT="derest"/><SP WIDTH="16" VPOS="1168" HPOS="676"/>
							<String ID="string_244" HPOS="692" VPOS="1167" WIDTH="37" HEIGHT="22" WC="0.93" CONTENT="det"/><SP WIDTH="15" VPOS="1167" HPOS="729"/>
							<String ID="string_245" HPOS="744" VPOS="1166" WIDTH="33" HEIGHT="21" WC="0.93" CONTENT="fär"/><SP WIDTH="14" VPOS="1166" HPOS="777"/>
							<String ID="string_246" HPOS="791" VPOS="1165" WIDTH="54" HEIGHT="22" WC="0.93" CONTENT="fort-"/>
						</TextLine>
						<TextLine ID="line_30" HPOS="81" VPOS="1200" WIDTH="764" HEIGHT="29">
							<String ID="string_247" HPOS="81" VPOS="1202" WIDTH="54" HEIGHT="26" WC="0.90" CONTENT="fara,"/><SP WIDTH="22" VPOS="1202" HPOS="135"/>
							<String ID="string_248" HPOS="157" VPOS="1202" WIDTH="159" HEIGHT="27" WC="0.91" CONTENT="otvifvelaktigt"/><SP WIDTH="17" VPOS="1202" HPOS="316"/>
							<String ID="string_249" HPOS="333" VPOS="1203" WIDTH="127" HEIGHT="26" WC="0.91" CONTENT="paralysera"/><SP WIDTH="20" VPOS="1203" HPOS="460"/>
							<String ID="string_250" HPOS="480" VPOS="1203" WIDTH="40" HEIGHT="20" WC="0.91" CONTENT="alit"/><SP WIDTH="20" VPOS="1203" HPOS="520"/>
							<String ID="string_251" HPOS="540" VPOS="1202" WIDTH="56" HEIGHT="21" WC="0.92" CONTENT="hvad"/><SP WIDTH="20" VPOS="1202" HPOS="596"/>
							<String ID="string_252" HPOS="616" VPOS="1208" WIDTH="45" HEIGHT="15" WC="0.92" CONTENT="som"/><SP WIDTH="20" VPOS="1208" HPOS="661"/>
							<String ID="string_253" HPOS="681" VPOS="1201" WIDTH="102" HEIGHT="27" WC="0.92" CONTENT="tillgjorts"/><SP WIDTH="21" VPOS="1201" HPOS="783"/>
							<String ID="string_254" HPOS="804" VPOS="1200" WIDTH="41" HEIGHT="21" WC="0.96" CONTENT="och"/>
						</TextLine>
						<TextLine ID="line_31" HPOS="80" VPOS="1234" WIDTH="767" HEIGHT="30">
							<String ID="string_255" HPOS="80" VPOS="1237" WIDTH="98" HEIGHT="26" WC="0.92" CONTENT="tillgöres"/><SP WIDTH="15" VPOS="1237" HPOS="178"/>
							<String ID="string_256" HPOS="193" VPOS="1237" WIDTH="34" HEIGHT="21" WC="0.96" CONTENT="för"/><SP WIDTH="15" VPOS="1237" HPOS="227"/>
							<String ID="string_257" HPOS="242" VPOS="1239" WIDTH="32" HEIGHT="19" WC="0.96" CONTENT="att"/><SP WIDTH="14" VPOS="1239" HPOS="274"/>
							<String ID="string_258" HPOS="288" VPOS="1237" WIDTH="107" HEIGHT="22" WC="0.96" CONTENT="förbättra"/><SP WIDTH="15" VPOS="1237" HPOS="395"/>
							<String ID="string_259" HPOS="410" VPOS="1237" WIDTH="38" HEIGHT="21" WC="0.93" CONTENT="det"/><SP WIDTH="16" VPOS="1237" HPOS="448"/>
							<String ID="string_260" HPOS="464" VPOS="1237" WIDTH="140" HEIGHT="27" WC="0.92" CONTENT="processuela"/><SP WIDTH="15" VPOS="1237" HPOS="604"/>
							<String ID="string_261" HPOS="619" VPOS="1235" WIDTH="150" HEIGHT="23" WC="0.92" CONTENT="förfarandet"/><SP WIDTH="-10" VPOS="1235" HPOS="769"/>
							<String ID="string_262" HPOS="759" VPOS="1230" WIDTH="14" HEIGHT="38" WC="0.96" CONTENT="i"/><SP WIDTH="7" VPOS="1230" HPOS="773"/>
							<String ID="string_263" HPOS="780" VPOS="1234" WIDTH="67" HEIGHT="22" WC="0.96" CONTENT="dessa"/>
						</TextLine>
						<TextLine ID="line_32" HPOS="80" VPOS="1268" WIDTH="766" HEIGHT="31">
							<String ID="string_264" HPOS="80" VPOS="1271" WIDTH="50" HEIGHT="26" WC="0.89" CONTENT="mäl,"/><SP WIDTH="21" VPOS="1271" HPOS="130"/>
							<String ID="string_265" HPOS="151" VPOS="1271" WIDTH="68" HEIGHT="28" WC="0.92" CONTENT="jemte"/><SP WIDTH="22" VPOS="1271" HPOS="219"/>
							<String ID="string_266" HPOS="241" VPOS="1271" WIDTH="36" HEIGHT="22" WC="0.96" CONTENT="det"/><SP WIDTH="19" VPOS="1271" HPOS="277"/>
							<String ID="string_267" HPOS="296" VPOS="1271" WIDTH="66" HEIGHT="22" WC="0.93" CONTENT="saken"/><SP WIDTH="21" VPOS="1271" HPOS="362"/>
							<String ID="string_268" HPOS="383" VPOS="1271" WIDTH="63" HEIGHT="22" WC="0.93" CONTENT="äfven"/><SP WIDTH="20" VPOS="1271" HPOS="446"/>
							<String ID="string_269" HPOS="466" VPOS="1271" WIDTH="41" HEIGHT="22" WC="0.96" CONTENT="har"/><SP WIDTH="19" VPOS="1271" HPOS="507"/>
							<String ID="string_270" HPOS="526" VPOS="1277" WIDTH="26" HEIGHT="15" WC="0.96" CONTENT="en"/><SP WIDTH="16" VPOS="1277" HPOS="552"/>
							<String ID="string_271" HPOS="568" VPOS="1277" WIDTH="70" HEIGHT="15" WC="0.93" CONTENT="annan"/><SP WIDTH="15" VPOS="1277" HPOS="638"/>
							<String ID="string_272" HPOS="653" VPOS="1271" WIDTH="64" HEIGHT="26" WC="0.93" CONTENT="högst"/><SP WIDTH="15" VPOS="1271" HPOS="717"/>
							<String ID="string_273" HPOS="732" VPOS="1268" WIDTH="114" HEIGHT="27" WC="0.92" CONTENT="betänklig"/>
						</TextLine>
						<TextLine ID="line_33" HPOS="81" VPOS="1303" WIDTH="764" HEIGHT="30">
							<String ID="string_274" HPOS="81" VPOS="1305" WIDTH="54" HEIGHT="26" WC="0.96" CONTENT="sida,"/><SP WIDTH="20" VPOS="1305" HPOS="135"/>
							<String ID="string_275" HPOS="155" VPOS="1305" WIDTH="7" HEIGHT="21" WC="0.96" CONTENT="i"/><SP WIDTH="21" VPOS="1305" HPOS="162"/>
							<String ID="string_276" HPOS="183" VPOS="1306" WIDTH="37" HEIGHT="21" WC="0.96" CONTENT="det"/><SP WIDTH="20" VPOS="1306" HPOS="220"/>
							<String ID="string_277" HPOS="240" VPOS="1305" WIDTH="48" HEIGHT="26" WC="0.96" CONTENT="den,"/><SP WIDTH="16" VPOS="1305" HPOS="288"/>
							<String ID="string_278" HPOS="304" VPOS="1306" WIDTH="28" HEIGHT="25" WC="0.96" CONTENT="pä"/><SP WIDTH="15" VPOS="1306" HPOS="332"/>
							<String ID="string_279" HPOS="347" VPOS="1307" WIDTH="46" HEIGHT="20" WC="0.96" CONTENT="sätt"/><SP WIDTH="17" VPOS="1307" HPOS="393"/>
							<String ID="string_280" HPOS="410" VPOS="1305" WIDTH="38" HEIGHT="28" WC="0.93" CONTENT="jag"/><SP WIDTH="17" VPOS="1305" HPOS="448"/>
							<String ID="string_281" HPOS="465" VPOS="1305" WIDTH="118" HEIGHT="22" WC="0.92" CONTENT="nedanföre"/><SP WIDTH="16" VPOS="1305" HPOS="583"/>
							<String ID="string_282" HPOS="599" VPOS="1305" WIDTH="54" HEIGHT="22" WC="0.96" CONTENT="skall"/><SP WIDTH="16" VPOS="1305" HPOS="653"/>
							<String ID="string_283" HPOS="669" VPOS="1305" WIDTH="54" HEIGHT="21" WC="0.97" CONTENT="söka"/><SP WIDTH="15" VPOS="1305" HPOS="723"/>
							<String ID="string_284" HPOS="738" VPOS="1303" WIDTH="53" HEIGHT="26" WC="0.93" CONTENT="visa,"/><SP WIDTH="15" VPOS="1303" HPOS="791"/>
							<String ID="string_285" HPOS="806" VPOS="1303" WIDTH="39" HEIGHT="22" WC="0.93" CONTENT="be-"/>
						</TextLine>
						<TextLine ID="line_34" HPOS="80" VPOS="1337" WIDTH="765" HEIGHT="29">
							<String ID="string_286" HPOS="80" VPOS="1339" WIDTH="86" HEIGHT="21" WC="0.96" CONTENT="fordrar"/><SP WIDTH="15" VPOS="1339" HPOS="166"/>
							<String ID="string_287" HPOS="181" VPOS="1346" WIDTH="27" HEIGHT="14" WC="0.93" CONTENT="en"/><SP WIDTH="15" VPOS="1346" HPOS="208"/>
							<String ID="string_288" HPOS="223" VPOS="1340" WIDTH="113" HEIGHT="26" WC="0.92" CONTENT="lättsinnig"/><SP WIDTH="15" VPOS="1340" HPOS="336"/>
							<String ID="string_289" HPOS="351" VPOS="1339" WIDTH="166" HEIGHT="27" WC="0.92" CONTENT="skuldsättning"/><SP WIDTH="15" VPOS="1339" HPOS="517"/>
							<String ID="string_290" HPOS="532" VPOS="1340" WIDTH="40" HEIGHT="21" WC="0.93" CONTENT="och"/><SP WIDTH="17" VPOS="1340" HPOS="572"/>
							<String ID="string_291" HPOS="589" VPOS="1339" WIDTH="164" HEIGHT="22" WC="0.92" CONTENT="demoraliserar"/><SP WIDTH="9" VPOS="1339" HPOS="753"/>
							<String ID="string_292" HPOS="762" VPOS="1337" WIDTH="83" HEIGHT="22" WC="0.93" CONTENT="befolk-"/>
						</TextLine>
						<TextLine ID="line_35" HPOS="80" VPOS="1374" WIDTH="86" HEIGHT="26">
							<String ID="string_293" HPOS="80" VPOS="1374" WIDTH="86" HEIGHT="26" WC="0.92" CONTENT="ningen."/>
						</TextLine>
					</TextBlock>
					<TextBlock ID="block_3" HPOS="80" VPOS="1405" WIDTH="767" HEIGHT="63">
						<TextLine ID="line_36" HPOS="151" VPOS="1405" WIDTH="696" HEIGHT="29">
							<String ID="string_294" HPOS="151" VPOS="1408" WIDTH="60" HEIGHT="21" WC="0.90" CONTENT="Hvar"/><SP WIDTH="16" VPOS="1408" HPOS="211"/>
							<String ID="string_295" HPOS="227" VPOS="1407" WIDTH="39" HEIGHT="22" WC="0.96" CONTENT="och"/><SP WIDTH="17" VPOS="1407" HPOS="266"/>
							<String ID="string_296" HPOS="283" VPOS="1414" WIDTH="33" HEIGHT="19" WC="0.96" CONTENT="en,"/><SP WIDTH="17" VPOS="1414" HPOS="316"/>
							<String ID="string_297" HPOS="333" VPOS="1414" WIDTH="46" HEIGHT="15" WC="0.93" CONTENT="som"/><SP WIDTH="17" VPOS="1414" HPOS="379"/>
							<String ID="string_298" HPOS="396" VPOS="1408" WIDTH="98" HEIGHT="26" WC="0.92" CONTENT="tvungits"/><SP WIDTH="17" VPOS="1408" HPOS="494"/>
							<String ID="string_299" HPOS="511" VPOS="1409" WIDTH="32" HEIGHT="19" WC="0.93" CONTENT="att"/><SP WIDTH="15" VPOS="1409" HPOS="543"/>
							<String ID="string_300" HPOS="558" VPOS="1407" WIDTH="66" HEIGHT="21" WC="0.92" CONTENT="anlita"/><SP WIDTH="16" VPOS="1407" HPOS="624"/>
							<String ID="string_301" HPOS="640" VPOS="1406" WIDTH="93" HEIGHT="22" WC="0.94" CONTENT="domstol"/><SP WIDTH="16" VPOS="1406" HPOS="733"/>
							<String ID="string_302" HPOS="749" VPOS="1406" WIDTH="52" HEIGHT="22" WC="0.93" CONTENT="eller"/><SP WIDTH="14" VPOS="1406" HPOS="801"/>
							<String ID="string_303" HPOS="815" VPOS="1405" WIDTH="32" HEIGHT="22" WC="0.91" CONTENT="öf-"/>
						</TextLine>
						<TextLine ID="line_37" HPOS="80" VPOS="1440" WIDTH="767" HEIGHT="28">
							<String ID="string_304" HPOS="80" VPOS="1442" WIDTH="145" HEIGHT="22" WC="0.92" CONTENT="verexekutor"/><SP WIDTH="20" VPOS="1442" HPOS="225"/>
							<String ID="string_305" HPOS="245" VPOS="1442" WIDTH="33" HEIGHT="22" WC="0.92" CONTENT="för"/><SP WIDTH="20" VPOS="1442" HPOS="278"/>
							<String ID="string_306" HPOS="298" VPOS="1442" WIDTH="104" HEIGHT="22" WC="0.87" CONTENT="utfäende"/><SP WIDTH="17" VPOS="1442" HPOS="402"/>
							<String ID="string_307" HPOS="419" VPOS="1442" WIDTH="22" HEIGHT="22" WC="0.93" CONTENT="af"/><SP WIDTH="15" VPOS="1442" HPOS="441"/>
							<String ID="string_308" HPOS="456" VPOS="1442" WIDTH="129" HEIGHT="26" WC="0.96" CONTENT="fordringar,"/><SP WIDTH="21" VPOS="1442" HPOS="585"/>
							<String ID="string_309" HPOS="606" VPOS="1444" WIDTH="36" HEIGHT="19" WC="0.93" CONTENT="vet"/><SP WIDTH="15" VPOS="1444" HPOS="642"/>
							<String ID="string_310" HPOS="657" VPOS="1442" WIDTH="85" HEIGHT="21" WC="0.93" CONTENT="hvilken"/><SP WIDTH="16" VPOS="1442" HPOS="742"/>
							<String ID="string_311" HPOS="758" VPOS="1440" WIDTH="89" HEIGHT="22" WC="0.92" CONTENT="tidsför-"/>
						</TextLine>
					</TextBlock>
				</ComposedBlock>
			</PrintSpace>
		</Page>
	</Layout>
</alto>
