1031 1678
179 138 12 20 8
344 136 70 22 Ständ.
430 136 44 23 Skr.
490 149 27 3 —
532 136 98 22 XXXVII
646 137 37 21 N:o
699 137 20 22 3.

225 200 108 21 Förutom
354 199 58 22 hvad
434 199 65 22 ofvan
518 199 135 28 framhållits,
673 199 66 22 hafva
759 199 124 22 Ständerna
905 200 7 21 i

151 235 64 27 fråga
232 241 37 15 om
291 234 102 22 Bankens
411 236 43 19 stat
476 234 70 21 funnit
560 235 144 27 registratorn
719 235 7 20 i
741 235 93 21 Banken
850 235 62 26 böra,

151 270 8 20 i
175 269 104 22 afseende
299 269 13 22 å
326 269 102 28 rättighet
443 269 31 21 till
489 269 175 28 löneförhöjning
680 269 54 22 efter
748 269 60 22 vissa
825 270 32 26 år,
873 269 39 21 lik-

153 304 75 21 ställas
243 304 51 22 med
309 304 106 21 särskilda
425 304 69 21 andra
504 304 24 21 af
536 304 102 21 Bankens
649 304 156 27 funktionärer,
823 303 90 22 framför

151 338 38 21 allt
207 338 95 22 emedan
321 340 62 20 arten
398 338 24 22 af
435 338 70 22 denne
520 338 143 28 tjenstemans
679 338 131 27 åligganden
829 338 84 22 lemnar

152 373 83 21 hönom
249 372 65 28 ringa
328 373 90 27 utsigter
432 373 30 21 till
477 372 122 23 befordran.

220 418 176 22 Vidkommande
414 419 99 27 slutligen
533 419 27 21 de
578 419 29 27 på
622 418 208 27 Bankfullmäktiges
845 418 67 21 fram-

152 453 103 26 ställning
270 459 80 21 genom
364 453 49 22 bref
426 453 23 22 af
462 453 42 22 den
519 454 27 20 23
560 453 105 22 Februari
678 453 53 22 1887
744 453 116 21 anbefalda
871 453 42 21 och

152 487 127 22 sedermera
304 488 108 22 inrättade
436 488 146 27 provisionela
597 488 109 21 kontoren
721 487 7 21 i
743 487 124 28 Jyväskylä,
883 487 30 22 S:t

152 521 78 22 Michel
245 522 43 21 och
303 521 125 28 Sordavala,
445 522 65 21 hafva
525 522 124 22 Ständerna
663 522 70 21 funnit
748 522 33 27 sig
793 522 55 21 böra
859 522 54 27 god-

151 557 75 20 känna
241 557 98 21 nämnda
354 557 83 28 åtgärd,
453 557 120 28 hvarjemte
588 557 129 26 Ständerna,
734 557 6 20 i
756 557 49 20 stöd
821 556 24 21 af
857 557 12 27 $
886 557 26 20 11

153 591 7 20 i
175 591 166 28 Förordningen
363 592 42 21 den
420 593 13 20 9
450 591 121 22 December
593 592 59 26 1867,
672 591 114 27 angående
807 591 106 28 styrelsen

153 625 43 22 och
214 625 160 28 förvaltningen
393 626 21 21 af
429 626 102 22 Finlands
547 627 69 26 Bank,
632 628 57 19 samt
705 626 12 27 $
735 626 40 21 138
791 626 7 21 i
813 625 99 28 gällande

151 660 140 27 reglemente,
308 661 30 20 uti
353 661 101 21 Bankens
470 663 43 19 stat
528 661 98 27 upptagit
640 660 34 21 för
690 661 64 20 dessa
769 660 90 21 kontors
872 667 41 13 un-

154 694 83 22 derhåll
252 694 140 28 erforderliga
407 695 81 27 anslag.

221 741 32 21 På
268 742 70 26 grund
353 741 23 21 af
384 742 58 21 hvad
452 741 65 22 ofvan
528 741 89 27 anförts,
628 741 22 21 få
661 740 122 22 Ständerna
793 740 41 22 hos
846 740 66 22 Eders

154 775 120 28 Kejserliga
289 776 99 27 Majestät
403 776 156 27 underdånigst
574 776 98 21 anmäla:

396 848 32 18 att
452 846 125 20 Ständerna
594 845 42 27 för
654 845 35 20 sin
710 844 35 20 del
763 843 89 27 antagit
865 842 48 28 föl-

361 880 67 26 jande

292 988 134 30 Förordning
442 988 112 29 angående
570 987 114 24 särskilda
695 986 122 29 ändringar
827 985 36 23 uti
874 985 39 23 och

291 1023 85 30 tillägg
397 1023 38 24 till
457 1022 154 30 Reglementet
633 1021 33 24 för
685 1020 108 24 Finlands
812 1019 63 24 Bank
890 1019 24 23 af

306 1059 42 24 den
366 1058 27 24 27
412 1058 52 23 Juni
479 1057 53 24 1878
548 1057 39 23 och
602 1056 42 23 den
660 1055 33 24 för
707 1055 92 23 Banken
816 1054 43 23 den
873 1053 25 24 12

434 1092 64 30 April
515 1091 53 24 1888
584 1089 118 25 utfärdade
718 1089 55 24 stat.

578 1160 52 29 $1

351 1215 51 20 Med
418 1215 96 26 ändring
535 1213 30 27 af
583 1213 15 27 $
615 1214 14 19 6
647 1213 8 19 i
674 1211 83 27 nädiga
773 1209 140 28 reglementet

293 1250 30 26 af
335 1250 41 20 den
391 1250 31 21 27
444 1248 56 21 Juni
522 1249 64 23 1878,
610 1246 72 21 sädan
707 1245 40 21 den
772 1244 62 28 lyder
851 1243 8 20 i
875 1243 38 20 nä-

293 1284 51 27 diga
359 1283 172 27 Förordningen
548 1282 40 20 den
604 1282 32 21 22
652 1279 115 22 December
783 1279 65 25 1882,
864 1284 50 13 var-

294 1318 39 20 der
355 1317 126 27 härigenom
505 1316 110 27 stadgadt,
637 1317 33 18 att
694 1314 97 26 beloppet
811 1312 30 27 af
853 1311 61 21 Ban-

293 1352 51 20 kens
371 1351 129 27 utelöpande
528 1350 73 20 sedlar
619 1349 44 27 får
685 1348 47 20 med
755 1347 62 27 högst
841 1346 73 20 trettio

293 1386 103 24 miljoner
424 1385 62 21 mark
508 1384 120 27 öfverstiga
652 1381 169 27 sammanlagda
845 1380 70 27 belop-

291 1423 37 25 pet
344 1420 30 26 af
385 1420 103 20 Bankens
504 1418 124 21 metalliska
644 1417 82 21 valuta.
