<?xml version="1.0" encoding="UTF-8"?>
<alto xmlns="http://www.loc.gov/standards/alto/ns-v3#" xmlns:xlink="http://www.w3.org/1999/xlink" xmlns:xsi="http://www.w3.org/2001/XMLSchema-instance" xsi:schemaLocation="http://www.loc.gov/standards/alto/ns-v3# http://www.loc.gov/alto/v3/alto-3-0.xsd">
	<Description>
		<MeasurementUnit>pixel</MeasurementUnit>
		<sourceImageInformation>
			<fileName>/tmp/tess_k5l9hlr8_input.PNG</fileName>
		</sourceImageInformation>
		<OCRProcessing ID="OCR_0">
			<ocrProcessingStep>
				<processingSoftware>
					<softwareName>tesseract 5.3.4</softwareName>
				</processingSoftware>
			</ocrProcessingStep>
		</OCRProcessing>
	</Description>
	<Layout>
		<Page WIDTH="1031" HEIGHT="1678" PHYSICAL_IMG_NR="0" ID="page_0">
			<PrintSpace HPOS="0" VPOS="0" WIDTH="1031" HEIGHT="1678">
				<ComposedBlock ID="cblock_0" HPOS="770" VPOS="126" WIDTH="25" HEIGHT="20">
					<TextBlock ID="block_0" HPOS="770" VPOS="126" WIDTH="25" HEIGHT="20">
						<TextLine ID="line_0" HPOS="770" VPOS="126" WIDTH="25" HEIGHT="20">
							<String ID="string_0" HPOS="770" VPOS="126" WIDTH="25" HEIGHT="20" WC="0.96" CONTENT="65"/>
						</TextLine>
					</TextBlock>
				</ComposedBlock>
				<ComposedBlock ID="cblock_1" HPOS="61" VPOS="189" WIDTH="765" HEIGHT="339">
					<TextBlock ID="block_1" HPOS="61" VPOS="189" WIDTH="765" HEIGHT="130">
						<TextLine ID="line_1" HPOS="64" VPOS="189" WIDTH="762" HEIGHT="28">
							<String ID="string_1" HPOS="64" VPOS="189" WIDTH="121" HEIGHT="28" WC="0.92" CONTENT="Kejserlige"/><SP WIDTH="14" VPOS="189" HPOS="185"/>
							<String ID="string_2" HPOS="199" VPOS="189" WIDTH="115" HEIGHT="22" WC="0.92" CONTENT="Hofrätten"/><SP WIDTH="17" VPOS="189" HPOS="314"/>
							<String ID="string_3" HPOS="331" VPOS="192" WIDTH="32" HEIGHT="19" WC="0.93" CONTENT="att"/><SP WIDTH="15" VPOS="192" HPOS="363"/>
							<String ID="string_4" HPOS="378" VPOS="190" WIDTH="77" HEIGHT="27" WC="0.91" CONTENT="pröfva"/><SP WIDTH="15" VPOS="190" HPOS="455"/>
							<String ID="string_5" HPOS="470" VPOS="190" WIDTH="107" HEIGHT="21" WC="0.96" CONTENT="huruvida"/><SP WIDTH="16" VPOS="190" HPOS="577"/>
							<String ID="string_6" HPOS="593" VPOS="190" WIDTH="42" HEIGHT="22" WC="0.95" CONTENT="den"/><SP WIDTH="16" VPOS="190" HPOS="635"/>
							<String ID="string_7" HPOS="651" VPOS="189" WIDTH="22" HEIGHT="22" WC="0.93" CONTENT="af"/><SP WIDTH="17" VPOS="189" HPOS="673"/>
							<String ID="string_8" HPOS="690" VPOS="191" WIDTH="25" HEIGHT="20" WC="0.93" CONTENT="B."/><SP WIDTH="19" VPOS="191" HPOS="715"/>
							<String ID="string_9" HPOS="734" VPOS="190" WIDTH="32" HEIGHT="22" WC="0.96" CONTENT="till"/><SP WIDTH="16" VPOS="190" HPOS="766"/>
							<String ID="string_10" HPOS="782" VPOS="190" WIDTH="44" HEIGHT="21" WC="0.95" CONTENT="åtal"/>
						</TextLine>
						<TextLine ID="line_2" HPOS="63" VPOS="223" WIDTH="761" HEIGHT="28">
							<String ID="string_11" HPOS="63" VPOS="223" WIDTH="88" HEIGHT="28" WC="0.91" CONTENT="angifna"/><SP WIDTH="19" VPOS="223" HPOS="151"/>
							<String ID="string_12" HPOS="170" VPOS="224" WIDTH="128" HEIGHT="27" WC="0.91" CONTENT="lagstridiga"/><SP WIDTH="21" VPOS="224" HPOS="298"/>
							<String ID="string_13" HPOS="319" VPOS="224" WIDTH="105" HEIGHT="27" WC="0.96" CONTENT="åtgärden"/><SP WIDTH="21" VPOS="224" HPOS="424"/>
							<String ID="string_14" HPOS="445" VPOS="225" WIDTH="73" HEIGHT="21" WC="0.93" CONTENT="kunde"/><SP WIDTH="20" VPOS="225" HPOS="518"/>
							<String ID="string_15" HPOS="538" VPOS="225" WIDTH="145" HEIGHT="26" WC="0.92" CONTENT="undanrödjas"/><SP WIDTH="20" VPOS="225" HPOS="683"/>
							<String ID="string_16" HPOS="703" VPOS="225" WIDTH="52" HEIGHT="22" WC="0.94" CONTENT="eller"/><SP WIDTH="15" VPOS="225" HPOS="755"/>
							<String ID="string_17" HPOS="770" VPOS="225" WIDTH="54" HEIGHT="26" WC="0.96" CONTENT="icke,"/>
						</TextLine>
						<TextLine ID="line_3" HPOS="61" VPOS="258" WIDTH="764" HEIGHT="29">
							<String ID="string_18" HPOS="61" VPOS="258" WIDTH="127" HEIGHT="22" WC="0.93" CONTENT="föranledde"/><SP WIDTH="15" VPOS="258" HPOS="188"/>
							<String ID="string_19" HPOS="203" VPOS="258" WIDTH="141" HEIGHT="23" WC="0.91" CONTENT="omförmälda"/><SP WIDTH="14" VPOS="258" HPOS="344"/>
							<String ID="string_20" HPOS="358" VPOS="259" WIDTH="98" HEIGHT="28" WC="0.96" CONTENT="yrkande"/><SP WIDTH="16" VPOS="259" HPOS="456"/>
							<String ID="string_21" HPOS="472" VPOS="259" WIDTH="19" HEIGHT="28" WC="0.95" CONTENT="ej"/><SP WIDTH="17" VPOS="259" HPOS="491"/>
							<String ID="string_22" HPOS="508" VPOS="259" WIDTH="32" HEIGHT="21" WC="0.96" CONTENT="till"/><SP WIDTH="16" VPOS="259" HPOS="540"/>
							<String ID="string_23" HPOS="556" VPOS="260" WIDTH="70" HEIGHT="26" WC="0.93" CONTENT="någon"/><SP WIDTH="16" VPOS="260" HPOS="626"/>
							<String ID="string_24" HPOS="642" VPOS="259" WIDTH="121" HEIGHT="28" WC="0.90" CONTENT="Kejserlige"/><SP WIDTH="10" VPOS="259" HPOS="763"/>
							<String ID="string_25" HPOS="773" VPOS="259" WIDTH="52" HEIGHT="22" WC="0.92" CONTENT="Hof-"/>
						</TextLine>
						<TextLine ID="line_4" HPOS="62" VPOS="293" WIDTH="183" HEIGHT="26">
							<String ID="string_26" HPOS="62" VPOS="294" WIDTH="85" HEIGHT="21" WC="0.96" CONTENT="rättens"/><SP WIDTH="16" VPOS="294" HPOS="147"/>
							<String ID="string_27" HPOS="163" VPOS="293" WIDTH="82" HEIGHT="26" WC="0.95" CONTENT="åtgärd."/>
						</TextLine>
					</TextBlock>
					<TextBlock ID="block_2" HPOS="62" VPOS="323" WIDTH="764" HEIGHT="205">
						<TextLine ID="line_5" HPOS="133" VPOS="323" WIDTH="692" HEIGHT="32">
							<String ID="string_28" HPOS="133" VPOS="323" WIDTH="95" HEIGHT="32" WC="0.96" CONTENT="Ändring"/><SP WIDTH="22" VPOS="323" HPOS="228"/>
							<String ID="string_29" HPOS="250" VPOS="328" WIDTH="7" HEIGHT="20" WC="0.96" CONTENT="i"/><SP WIDTH="20" VPOS="328" HPOS="257"/>
							<String ID="string_30" HPOS="277" VPOS="328" WIDTH="60" HEIGHT="21" WC="0.96" CONTENT="detta"/><SP WIDTH="19" VPOS="328" HPOS="337"/>
							<String ID="string_31" HPOS="356" VPOS="328" WIDTH="74" HEIGHT="27" WC="0.96" CONTENT="utslag"/><SP WIDTH="18" VPOS="328" HPOS="430"/>
							<String ID="string_32" HPOS="448" VPOS="328" WIDTH="76" HEIGHT="22" WC="0.96" CONTENT="söktes"/><SP WIDTH="20" VPOS="328" HPOS="524"/>
							<String ID="string_33" HPOS="544" VPOS="327" WIDTH="23" HEIGHT="22" WC="0.96" CONTENT="af"/><SP WIDTH="17" VPOS="327" HPOS="567"/>
							<String ID="string_34" HPOS="584" VPOS="328" WIDTH="139" HEIGHT="22" WC="0.93" CONTENT="Guvernören"/><SP WIDTH="20" VPOS="328" HPOS="723"/>
							<String ID="string_35" HPOS="743" VPOS="329" WIDTH="26" HEIGHT="21" WC="0.92" CONTENT="A."/><SP WIDTH="16" VPOS="329" HPOS="769"/>
							<String ID="string_36" HPOS="785" VPOS="328" WIDTH="40" HEIGHT="21" WC="0.96" CONTENT="och"/>
						</TextLine>
						<TextLine ID="line_6" HPOS="63" VPOS="360" WIDTH="762" HEIGHT="29">
							<String ID="string_37" HPOS="63" VPOS="360" WIDTH="226" HEIGHT="24" WC="0.91" CONTENT="Landssekreteraren"/><SP WIDTH="21" VPOS="360" HPOS="289"/>
							<String ID="string_38" HPOS="310" VPOS="362" WIDTH="23" HEIGHT="22" WC="0.92" CONTENT="C."/><SP WIDTH="22" VPOS="362" HPOS="333"/>
							<String ID="string_39" HPOS="355" VPOS="368" WIDTH="78" HEIGHT="21" WC="0.93" CONTENT="genom"/><SP WIDTH="16" VPOS="368" HPOS="433"/>
							<String ID="string_40" HPOS="449" VPOS="362" WIDTH="147" HEIGHT="27" WC="0.92" CONTENT="underdåniga"/><SP WIDTH="16" VPOS="362" HPOS="596"/>
							<String ID="string_41" HPOS="612" VPOS="362" WIDTH="89" HEIGHT="27" WC="0.96" CONTENT="besvär;"/><SP WIDTH="25" VPOS="362" HPOS="701"/>
							<String ID="string_42" HPOS="726" VPOS="369" WIDTH="49" HEIGHT="15" WC="0.96" CONTENT="men"/><SP WIDTH="15" VPOS="369" HPOS="775"/>
							<String ID="string_43" HPOS="790" VPOS="362" WIDTH="35" HEIGHT="21" WC="0.96" CONTENT="vid"/>
						</TextLine>
						<TextLine ID="line_7" HPOS="62" VPOS="396" WIDTH="763" HEIGHT="28">
							<String ID="string_44" HPOS="62" VPOS="396" WIDTH="79" HEIGHT="21" WC="0.94" CONTENT="målets"/><SP WIDTH="23" VPOS="396" HPOS="141"/>
							<String ID="string_45" HPOS="164" VPOS="396" WIDTH="151" HEIGHT="27" WC="0.96" CONTENT="föredragning"/><SP WIDTH="19" VPOS="396" HPOS="315"/>
							<String ID="string_46" HPOS="334" VPOS="397" WIDTH="7" HEIGHT="20" WC="0.96" CONTENT="i"/><SP WIDTH="16" VPOS="397" HPOS="341"/>
							<String ID="string_47" HPOS="357" VPOS="397" WIDTH="123" HEIGHT="26" WC="0.93" CONTENT="Kejserliga"/><SP WIDTH="16" VPOS="397" HPOS="480"/>
							<String ID="string_48" HPOS="496" VPOS="397" WIDTH="106" HEIGHT="21" WC="0.89" CONTENT="Senatens"/><SP WIDTH="16" VPOS="397" HPOS="602"/>
							<String ID="string_49" HPOS="618" VPOS="397" WIDTH="207" HEIGHT="27" WC="0.91" CONTENT="Justitie-Departe-"/>
						</TextLine>
						<TextLine ID="line_8" HPOS="63" VPOS="431" WIDTH="763" HEIGHT="27">
							<String ID="string_50" HPOS="63" VPOS="433" WIDTH="60" HEIGHT="19" WC="0.96" CONTENT="ment"/><SP WIDTH="19" VPOS="433" HPOS="123"/>
							<String ID="string_51" HPOS="142" VPOS="431" WIDTH="41" HEIGHT="21" WC="0.95" CONTENT="den"/><SP WIDTH="16" VPOS="431" HPOS="183"/>
							<String ID="string_52" HPOS="199" VPOS="433" WIDTH="27" HEIGHT="19" WC="0.95" CONTENT="22"/><SP WIDTH="17" VPOS="433" HPOS="226"/>
							<String ID="string_53" HPOS="243" VPOS="431" WIDTH="96" HEIGHT="22" WC="0.96" CONTENT="Oktober"/><SP WIDTH="18" VPOS="431" HPOS="339"/>
							<String ID="string_54" HPOS="357" VPOS="433" WIDTH="62" HEIGHT="24" WC="0.96" CONTENT="1887,"/><SP WIDTH="16" VPOS="433" HPOS="419"/>
							<String ID="string_55" HPOS="435" VPOS="431" WIDTH="51" HEIGHT="21" WC="0.96" CONTENT="fann"/><SP WIDTH="16" VPOS="431" HPOS="486"/>
							<String ID="string_56" HPOS="502" VPOS="431" WIDTH="122" HEIGHT="27" WC="0.96" CONTENT="Kejserliga"/><SP WIDTH="15" VPOS="431" HPOS="624"/>
							<String ID="string_57" HPOS="639" VPOS="431" WIDTH="95" HEIGHT="22" WC="0.93" CONTENT="Senaten"/><SP WIDTH="15" VPOS="431" HPOS="734"/>
							<String ID="string_58" HPOS="749" VPOS="432" WIDTH="77" HEIGHT="21" WC="0.92" CONTENT="besvä-"/>
						</TextLine>
						<TextLine ID="line_9" HPOS="63" VPOS="465" WIDTH="762" HEIGHT="28">
							<String ID="string_59" HPOS="63" VPOS="466" WIDTH="96" HEIGHT="21" WC="0.92" CONTENT="randene"/><SP WIDTH="15" VPOS="466" HPOS="159"/>
							<String ID="string_60" HPOS="174" VPOS="465" WIDTH="49" HEIGHT="22" WC="0.96" CONTENT="icke"/><SP WIDTH="11" VPOS="465" HPOS="223"/>
							<String ID="string_61" HPOS="234" VPOS="466" WIDTH="63" HEIGHT="21" WC="0.92" CONTENT="hafva"/><SP WIDTH="13" VPOS="466" HPOS="297"/>
							<String ID="string_62" HPOS="310" VPOS="465" WIDTH="112" HEIGHT="28" WC="0.92" CONTENT="förebragt"/><SP WIDTH="10" VPOS="465" HPOS="422"/>
							<String ID="string_63" HPOS="432" VPOS="466" WIDTH="49" HEIGHT="21" WC="0.96" CONTENT="skäl"/><SP WIDTH="11" VPOS="466" HPOS="481"/>
							<String ID="string_64" HPOS="492" VPOS="466" WIDTH="33" HEIGHT="21" WC="0.96" CONTENT="till"/><SP WIDTH="11" VPOS="466" HPOS="525"/>
							<String ID="string_65" HPOS="536" VPOS="466" WIDTH="90" HEIGHT="27" WC="0.96" CONTENT="ändring"/><SP WIDTH="10" VPOS="466" HPOS="626"/>
							<String ID="string_66" HPOS="636" VPOS="467" WIDTH="6" HEIGHT="20" WC="0.93" CONTENT="i"/><SP WIDTH="11" VPOS="467" HPOS="642"/>
							<String ID="string_67" HPOS="653" VPOS="466" WIDTH="127" HEIGHT="22" WC="0.92" CONTENT="Hofrättens"/><SP WIDTH="11" VPOS="466" HPOS="780"/>
							<String ID="string_68" HPOS="791" VPOS="468" WIDTH="34" HEIGHT="19" WC="0.92" CONTENT="ut-"/>
						</TextLine>
						<TextLine ID="line_10" HPOS="62" VPOS="500" WIDTH="548" HEIGHT="28">
							<String ID="string_69" HPOS="62" VPOS="500" WIDTH="54" HEIGHT="27" WC="0.96" CONTENT="slag,"/><SP WIDTH="21" VPOS="500" HPOS="116"/>
							<String ID="string_70" HPOS="137" VPOS="500" WIDTH="35" HEIGHT="22" WC="0.96" CONTENT="vid"/><SP WIDTH="15" VPOS="500" HPOS="172"/>
							<String ID="string_71" HPOS="187" VPOS="500" WIDTH="82" HEIGHT="22" WC="0.93" CONTENT="hvilket"/><SP WIDTH="15" VPOS="500" HPOS="269"/>
							<String ID="string_72" HPOS="284" VPOS="500" WIDTH="55" HEIGHT="28" WC="0.92" CONTENT="förty"/><SP WIDTH="16" VPOS="500" HPOS="339"/>
							<String ID="string_73" HPOS="355" VPOS="501" WIDTH="86" HEIGHT="21" WC="0.95" CONTENT="komme"/><SP WIDTH="17" VPOS="501" HPOS="441"/>
							<String ID="string_74" HPOS="458" VPOS="502" WIDTH="33" HEIGHT="20" WC="0.93" CONTENT="att"/><SP WIDTH="15" VPOS="502" HPOS="491"/>
							<String ID="string_75" HPOS="506" VPOS="501" WIDTH="104" HEIGHT="21" WC="0.90" CONTENT="förblifva."/>
						</TextLine>
					</TextBlock>
				</ComposedBlock>
				<ComposedBlock ID="cblock_2" HPOS="64" VPOS="597" WIDTH="769" HEIGHT="886">
					<TextBlock ID="block_3" HPOS="64" VPOS="597" WIDTH="766" HEIGHT="608">
						<TextLine ID="line_11" HPOS="133" VPOS="597" WIDTH="693" HEIGHT="28">
							<String ID="string_76" HPOS="133" VPOS="598" WIDTH="58" HEIGHT="21" WC="0.92" CONTENT="Enär"/><SP WIDTH="15" VPOS="598" HPOS="191"/>
							<String ID="string_77" HPOS="206" VPOS="598" WIDTH="37" HEIGHT="21" WC="0.96" CONTENT="det"/><SP WIDTH="15" VPOS="598" HPOS="243"/>
							<String ID="string_78" HPOS="258" VPOS="598" WIDTH="23" HEIGHT="21" WC="0.96" CONTENT="af"/><SP WIDTH="13" VPOS="598" HPOS="281"/>
							<String ID="string_79" HPOS="294" VPOS="605" WIDTH="26" HEIGHT="14" WC="0.96" CONTENT="en"/><SP WIDTH="15" VPOS="605" HPOS="320"/>
							<String ID="string_80" HPOS="335" VPOS="597" WIDTH="48" HEIGHT="23" WC="0.96" CONTENT="utaf"/><SP WIDTH="14" VPOS="597" HPOS="383"/>
							<String ID="string_81" HPOS="397" VPOS="598" WIDTH="145" HEIGHT="27" WC="0.96" CONTENT="Magistraten"/><SP WIDTH="15" VPOS="598" HPOS="542"/>
							<String ID="string_82" HPOS="557" VPOS="598" WIDTH="7" HEIGHT="21" WC="0.93" CONTENT="i"/><SP WIDTH="16" VPOS="598" HPOS="564"/>
							<String ID="string_83" HPOS="580" VPOS="598" WIDTH="26" HEIGHT="21" WC="0.92" CONTENT="H."/><SP WIDTH="12" VPOS="598" HPOS="606"/>
							<String ID="string_84" HPOS="618" VPOS="598" WIDTH="49" HEIGHT="21" WC="0.96" CONTENT="stad"/><SP WIDTH="9" VPOS="598" HPOS="667"/>
							<String ID="string_85" HPOS="676" VPOS="598" WIDTH="41" HEIGHT="21" WC="0.96" CONTENT="den"/><SP WIDTH="12" VPOS="598" HPOS="717"/>
							<String ID="string_86" HPOS="729" VPOS="599" WIDTH="27" HEIGHT="20" WC="0.96" CONTENT="24"/><SP WIDTH="11" VPOS="599" HPOS="756"/>
							<String ID="string_87" HPOS="767" VPOS="597" WIDTH="59" HEIGHT="28" WC="0.95" CONTENT="April"/>
						</TextLine>
						<TextLine ID="line_12" HPOS="66" VPOS="632" WIDTH="761" HEIGHT="27">
							<String ID="string_88" HPOS="66" VPOS="634" WIDTH="54" HEIGHT="19" WC="0.96" CONTENT="1886"/><SP WIDTH="17" VPOS="634" HPOS="120"/>
							<String ID="string_89" HPOS="137" VPOS="633" WIDTH="32" HEIGHT="20" WC="0.93" CONTENT="till"/><SP WIDTH="15" VPOS="633" HPOS="169"/>
							<String ID="string_90" HPOS="184" VPOS="633" WIDTH="146" HEIGHT="21" WC="0.90" CONTENT="Prokuratorn"/><SP WIDTH="16" VPOS="633" HPOS="330"/>
							<String ID="string_91" HPOS="346" VPOS="633" WIDTH="80" HEIGHT="21" WC="0.91" CONTENT="aflåten"/><SP WIDTH="16" VPOS="633" HPOS="426"/>
							<String ID="string_92" HPOS="442" VPOS="633" WIDTH="120" HEIGHT="26" WC="0.96" CONTENT="skrifvelse,"/><SP WIDTH="17" VPOS="633" HPOS="562"/>
							<String ID="string_93" HPOS="579" VPOS="632" WIDTH="146" HEIGHT="22" WC="0.93" CONTENT="innefattande"/><SP WIDTH="14" VPOS="632" HPOS="725"/>
							<String ID="string_94" HPOS="739" VPOS="632" WIDTH="88" HEIGHT="27" WC="0.91" CONTENT="upplys-"/>
						</TextLine>
						<TextLine ID="line_13" HPOS="64" VPOS="667" WIDTH="763" HEIGHT="27">
							<String ID="string_95" HPOS="64" VPOS="667" WIDTH="77" HEIGHT="26" WC="0.96" CONTENT="ningar"/><SP WIDTH="20" VPOS="667" HPOS="141"/>
							<String ID="string_96" HPOS="161" VPOS="667" WIDTH="39" HEIGHT="21" WC="0.95" CONTENT="och"/><SP WIDTH="22" VPOS="667" HPOS="200"/>
							<String ID="string_97" HPOS="222" VPOS="667" WIDTH="115" HEIGHT="27" WC="0.96" CONTENT="förklaring"/><SP WIDTH="18" VPOS="667" HPOS="337"/>
							<String ID="string_98" HPOS="355" VPOS="667" WIDTH="94" HEIGHT="21" WC="0.96" CONTENT="rörande"/><SP WIDTH="16" VPOS="667" HPOS="449"/>
							<String ID="string_99" HPOS="465" VPOS="667" WIDTH="156" HEIGHT="26" WC="0.96" CONTENT="förhållanden,"/><SP WIDTH="17" VPOS="667" HPOS="621"/>
							<String ID="string_100" HPOS="638" VPOS="673" WIDTH="35" HEIGHT="15" WC="0.94" CONTENT="om"/><SP WIDTH="15" VPOS="673" HPOS="673"/>
							<String ID="string_101" HPOS="688" VPOS="667" WIDTH="72" HEIGHT="21" WC="0.93" CONTENT="hvilka"/><SP WIDTH="15" VPOS="667" HPOS="760"/>
							<String ID="string_102" HPOS="775" VPOS="667" WIDTH="52" HEIGHT="21" WC="0.90" CONTENT="Pro-"/>
						</TextLine>
						<TextLine ID="line_14" HPOS="64" VPOS="701" WIDTH="762" HEIGHT="27">
							<String ID="string_103" HPOS="64" VPOS="701" WIDTH="107" HEIGHT="21" WC="0.96" CONTENT="kuratorn"/><SP WIDTH="15" VPOS="701" HPOS="171"/>
							<String ID="string_104" HPOS="186" VPOS="701" WIDTH="23" HEIGHT="21" WC="0.93" CONTENT="af"/><SP WIDTH="13" VPOS="701" HPOS="209"/>
							<String ID="string_105" HPOS="222" VPOS="701" WIDTH="145" HEIGHT="22" WC="0.92" CONTENT="törekommen"/><SP WIDTH="18" VPOS="701" HPOS="367"/>
							<String ID="string_106" HPOS="385" VPOS="702" WIDTH="117" HEIGHT="26" WC="0.96" CONTENT="anledning"/><SP WIDTH="15" VPOS="702" HPOS="502"/>
							<String ID="string_107" HPOS="517" VPOS="702" WIDTH="62" HEIGHT="21" WC="0.93" CONTENT="aktat"/><SP WIDTH="15" VPOS="702" HPOS="579"/>
							<String ID="string_108" HPOS="594" VPOS="701" WIDTH="77" HEIGHT="27" WC="0.92" CONTENT="nödigt"/><SP WIDTH="15" VPOS="701" HPOS="671"/>
							<String ID="string_109" HPOS="686" VPOS="701" WIDTH="96" HEIGHT="21" WC="0.91" CONTENT="inhemta"/><SP WIDTH="10" VPOS="701" HPOS="782"/>
							<String ID="string_110" HPOS="792" VPOS="702" WIDTH="34" HEIGHT="20" WC="0.93" CONTENT="ut-"/>
						</TextLine>
						<TextLine ID="line_15" HPOS="65" VPOS="736" WIDTH="761" HEIGHT="27">
							<String ID="string_111" HPOS="65" VPOS="736" WIDTH="97" HEIGHT="27" WC="0.95" CONTENT="redning,"/><SP WIDTH="17" VPOS="736" HPOS="162"/>
							<String ID="string_112" HPOS="179" VPOS="739" WIDTH="74" HEIGHT="24" WC="0.96" CONTENT="syntes"/><SP WIDTH="16" VPOS="739" HPOS="253"/>
							<String ID="string_113" HPOS="269" VPOS="736" WIDTH="87" HEIGHT="27" WC="0.95" CONTENT="framgå,"/><SP WIDTH="17" VPOS="736" HPOS="356"/>
							<String ID="string_114" HPOS="373" VPOS="738" WIDTH="33" HEIGHT="19" WC="0.93" CONTENT="att"/><SP WIDTH="16" VPOS="738" HPOS="406"/>
							<String ID="string_115" HPOS="422" VPOS="736" WIDTH="196" HEIGHT="22" WC="0.91" CONTENT="Rådstufvurätten"/><SP WIDTH="16" VPOS="736" HPOS="618"/>
							<String ID="string_116" HPOS="634" VPOS="736" WIDTH="41" HEIGHT="21" WC="0.96" CONTENT="och"/><SP WIDTH="10" VPOS="736" HPOS="675"/>
							<String ID="string_117" HPOS="685" VPOS="736" WIDTH="141" HEIGHT="26" WC="0.96" CONTENT="Magistraten"/>
						</TextLine>
						<TextLine ID="line_16" HPOS="66" VPOS="770" WIDTH="760" HEIGHT="28">
							<String ID="string_118" HPOS="66" VPOS="770" WIDTH="7" HEIGHT="21" WC="0.93" CONTENT="i"/><SP WIDTH="15" VPOS="770" HPOS="73"/>
							<String ID="string_119" HPOS="88" VPOS="771" WIDTH="68" HEIGHT="26" WC="0.92" CONTENT="sagde"/><SP WIDTH="17" VPOS="771" HPOS="156"/>
							<String ID="string_120" HPOS="173" VPOS="771" WIDTH="48" HEIGHT="21" WC="0.96" CONTENT="stad"/><SP WIDTH="15" VPOS="771" HPOS="221"/>
							<String ID="string_121" HPOS="236" VPOS="770" WIDTH="134" HEIGHT="22" WC="0.96" CONTENT="beträffande"/><SP WIDTH="20" VPOS="770" HPOS="370"/>
							<String ID="string_122" HPOS="390" VPOS="771" WIDTH="153" HEIGHT="27" WC="0.96" CONTENT="skyldigheten"/><SP WIDTH="16" VPOS="771" HPOS="543"/>
							<String ID="string_123" HPOS="559" VPOS="773" WIDTH="33" HEIGHT="19" WC="0.96" CONTENT="att"/><SP WIDTH="14" VPOS="773" HPOS="592"/>
							<String ID="string_124" HPOS="606" VPOS="770" WIDTH="87" HEIGHT="22" WC="0.93" CONTENT="utfärda"/><SP WIDTH="16" VPOS="770" HPOS="693"/>
							<String ID="string_125" HPOS="709" VPOS="770" WIDTH="117" HEIGHT="27" WC="0.92" CONTENT="expeditio-"/>
						</TextLine>
						<TextLine ID="line_17" HPOS="65" VPOS="804" WIDTH="763" HEIGHT="28">
							<String ID="string_126" HPOS="65" VPOS="811" WIDTH="39" HEIGHT="15" WC="0.96" CONTENT="ner"/><SP WIDTH="15" VPOS="811" HPOS="104"/>
							<String ID="string_127" HPOS="119" VPOS="806" WIDTH="29" HEIGHT="26" WC="0.95" CONTENT="på"/><SP WIDTH="15" VPOS="806" HPOS="148"/>
							<String ID="string_128" HPOS="163" VPOS="805" WIDTH="38" HEIGHT="21" WC="0.97" CONTENT="det"/><SP WIDTH="18" VPOS="805" HPOS="201"/>
							<String ID="string_129" HPOS="219" VPOS="805" WIDTH="72" HEIGHT="27" WC="0.93" CONTENT="språk,"/><SP WIDTH="20" VPOS="805" HPOS="291"/>
							<String ID="string_130" HPOS="311" VPOS="805" WIDTH="68" HEIGHT="21" WC="0.93" CONTENT="hvarå"/><SP WIDTH="19" VPOS="805" HPOS="379"/>
							<String ID="string_131" HPOS="398" VPOS="805" WIDTH="134" HEIGHT="27" WC="0.96" CONTENT="protokollet"/><SP WIDTH="18" VPOS="805" HPOS="532"/>
							<String ID="string_132" HPOS="550" VPOS="805" WIDTH="35" HEIGHT="21" WC="0.96" CONTENT="vid"/><SP WIDTH="17" VPOS="805" HPOS="585"/>
							<String ID="string_133" HPOS="602" VPOS="807" WIDTH="73" HEIGHT="19" WC="0.96" CONTENT="ortens"/><SP WIDTH="15" VPOS="807" HPOS="675"/>
							<String ID="string_134" HPOS="690" VPOS="804" WIDTH="138" HEIGHT="22" WC="0.96" CONTENT="kommunala"/>
						</TextLine>
						<TextLine ID="line_18" HPOS="64" VPOS="839" WIDTH="763" HEIGHT="27">
							<String ID="string_135" HPOS="64" VPOS="839" WIDTH="163" HEIGHT="27" WC="0.96" CONTENT="förhandlingar"/><SP WIDTH="14" VPOS="839" HPOS="227"/>
							<String ID="string_136" HPOS="241" VPOS="840" WIDTH="78" HEIGHT="26" WC="0.96" CONTENT="fördes,"/><SP WIDTH="17" VPOS="840" HPOS="319"/>
							<String ID="string_137" HPOS="336" VPOS="840" WIDTH="48" HEIGHT="22" WC="0.93" CONTENT="icke"/><SP WIDTH="16" VPOS="840" HPOS="384"/>
							<String ID="string_138" HPOS="400" VPOS="840" WIDTH="100" HEIGHT="26" WC="0.93" CONTENT="iakttogo"/><SP WIDTH="20" VPOS="840" HPOS="500"/>
							<String ID="string_139" HPOS="520" VPOS="840" WIDTH="73" HEIGHT="21" WC="0.96" CONTENT="derom"/><SP WIDTH="16" VPOS="840" HPOS="593"/>
							<String ID="string_140" HPOS="609" VPOS="839" WIDTH="100" HEIGHT="27" WC="0.93" CONTENT="gällande"/><SP WIDTH="16" VPOS="839" HPOS="709"/>
							<String ID="string_141" HPOS="725" VPOS="839" WIDTH="102" HEIGHT="27" WC="0.92" CONTENT="stadgan-"/>
						</TextLine>
						<TextLine ID="line_19" HPOS="64" VPOS="874" WIDTH="764" HEIGHT="28">
							<String ID="string_142" HPOS="64" VPOS="874" WIDTH="43" HEIGHT="21" WC="0.96" CONTENT="den"/><SP WIDTH="9" VPOS="874" HPOS="107"/>
							<String ID="string_143" HPOS="116" VPOS="874" WIDTH="6" HEIGHT="21" WC="0.96" CONTENT="i"/><SP WIDTH="9" VPOS="874" HPOS="122"/>
							<String ID="string_144" HPOS="131" VPOS="874" WIDTH="79" HEIGHT="28" WC="0.96" CONTENT="nådiga"/><SP WIDTH="10" VPOS="874" HPOS="210"/>
							<String ID="string_145" HPOS="220" VPOS="874" WIDTH="151" HEIGHT="28" WC="0.96" CONTENT="förordningen"/><SP WIDTH="14" VPOS="874" HPOS="371"/>
							<String ID="string_146" HPOS="385" VPOS="875" WIDTH="41" HEIGHT="21" WC="0.96" CONTENT="den"/><SP WIDTH="12" VPOS="875" HPOS="426"/>
							<String ID="string_147" HPOS="438" VPOS="876" WIDTH="26" HEIGHT="20" WC="0.96" CONTENT="29"/><SP WIDTH="10" VPOS="876" HPOS="464"/>
							<String ID="string_148" HPOS="474" VPOS="874" WIDTH="121" HEIGHT="22" WC="0.95" CONTENT="December"/><SP WIDTH="17" VPOS="874" HPOS="595"/>
							<String ID="string_149" HPOS="612" VPOS="876" WIDTH="61" HEIGHT="24" WC="0.95" CONTENT="1883,"/><SP WIDTH="10" VPOS="876" HPOS="673"/>
							<String ID="string_150" HPOS="683" VPOS="874" WIDTH="80" HEIGHT="21" WC="0.95" CONTENT="hvilket"/><SP WIDTH="8" VPOS="874" HPOS="763"/>
							<String ID="string_151" HPOS="771" VPOS="874" WIDTH="57" HEIGHT="21" WC="0.96" CONTENT="hade"/>
						</TextLine>
						<TextLine ID="line_20" HPOS="65" VPOS="908" WIDTH="763" HEIGHT="28">
							<String ID="string_152" HPOS="65" VPOS="908" WIDTH="33" HEIGHT="20" WC="0.90" CONTENT="till"/><SP WIDTH="22" VPOS="908" HPOS="98"/>
							<String ID="string_153" HPOS="120" VPOS="908" WIDTH="87" HEIGHT="28" WC="0.96" CONTENT="påföljd,"/><SP WIDTH="18" VPOS="908" HPOS="207"/>
							<String ID="string_154" HPOS="225" VPOS="911" WIDTH="32" HEIGHT="19" WC="0.96" CONTENT="att"/><SP WIDTH="20" VPOS="911" HPOS="257"/>
							<String ID="string_155" HPOS="277" VPOS="908" WIDTH="162" HEIGHT="22" WC="0.96" CONTENT="vederbörande"/><SP WIDTH="20" VPOS="908" HPOS="439"/>
							<String ID="string_156" HPOS="459" VPOS="911" WIDTH="75" HEIGHT="25" WC="0.96" CONTENT="parter"/><SP WIDTH="16" VPOS="911" HPOS="534"/>
							<String ID="string_157" HPOS="550" VPOS="909" WIDTH="39" HEIGHT="21" WC="0.93" CONTENT="och"/><SP WIDTH="20" VPOS="909" HPOS="589"/>
							<String ID="string_158" HPOS="609" VPOS="909" WIDTH="105" HEIGHT="26" WC="0.91" CONTENT="sakegare"/><SP WIDTH="16" VPOS="909" HPOS="714"/>
							<String ID="string_159" HPOS="730" VPOS="908" WIDTH="7" HEIGHT="21" WC="0.93" CONTENT="i"/><SP WIDTH="16" VPOS="908" HPOS="737"/>
							<String ID="string_160" HPOS="753" VPOS="908" WIDTH="75" HEIGHT="27" WC="0.92" CONTENT="antydt"/>
						</TextLine>
						<TextLine ID="line_21" HPOS="64" VPOS="942" WIDTH="765" HEIGHT="28">
							<String ID="string_161" HPOS="64" VPOS="942" WIDTH="105" HEIGHT="22" WC="0.96" CONTENT="afseende"/><SP WIDTH="16" VPOS="942" HPOS="169"/>
							<String ID="string_162" HPOS="185" VPOS="943" WIDTH="47" HEIGHT="21" WC="0.96" CONTENT="icke"/><SP WIDTH="15" VPOS="943" HPOS="232"/>
							<String ID="string_163" HPOS="247" VPOS="943" WIDTH="57" HEIGHT="27" WC="0.96" CONTENT="fingo"/><SP WIDTH="12" VPOS="943" HPOS="304"/>
							<String ID="string_164" HPOS="316" VPOS="944" WIDTH="84" HEIGHT="26" WC="0.96" CONTENT="åtnjuta"/><SP WIDTH="11" VPOS="944" HPOS="400"/>
							<String ID="string_165" HPOS="411" VPOS="944" WIDTH="33" HEIGHT="20" WC="0.96" CONTENT="sin"/><SP WIDTH="14" VPOS="944" HPOS="444"/>
							<String ID="string_166" HPOS="458" VPOS="943" WIDTH="29" HEIGHT="27" WC="0.96" CONTENT="på"/><SP WIDTH="11" VPOS="943" HPOS="487"/>
							<String ID="string_167" HPOS="498" VPOS="943" WIDTH="123" HEIGHT="27" WC="0.96" CONTENT="åberopade"/><SP WIDTH="8" VPOS="943" HPOS="621"/>
							<String ID="string_168" HPOS="629" VPOS="942" WIDTH="126" HEIGHT="27" WC="0.93" CONTENT="förordning"/><SP WIDTH="9" VPOS="942" HPOS="755"/>
							<String ID="string_169" HPOS="764" VPOS="949" WIDTH="65" HEIGHT="20" WC="0.92" CONTENT="grun-"/>
						</TextLine>
						<TextLine ID="line_22" HPOS="66" VPOS="976" WIDTH="762" HEIGHT="29">
							<String ID="string_170" HPOS="66" VPOS="977" WIDTH="57" HEIGHT="21" WC="0.92" CONTENT="dade"/><SP WIDTH="15" VPOS="977" HPOS="123"/>
							<String ID="string_171" HPOS="138" VPOS="977" WIDTH="134" HEIGHT="27" WC="0.91" CONTENT="tillständiga"/><SP WIDTH="14" VPOS="977" HPOS="272"/>
							<String ID="string_172" HPOS="286" VPOS="980" WIDTH="51" HEIGHT="24" WC="0.95" CONTENT="rätt,"/><SP WIDTH="16" VPOS="980" HPOS="337"/>
							<String ID="string_173" HPOS="353" VPOS="978" WIDTH="68" HEIGHT="27" WC="0.93" CONTENT="ansåg"/><SP WIDTH="15" VPOS="978" HPOS="421"/>
							<String ID="string_174" HPOS="436" VPOS="978" WIDTH="148" HEIGHT="21" WC="0.92" CONTENT="Prokuratorn"/><SP WIDTH="16" VPOS="978" HPOS="584"/>
							<String ID="string_175" HPOS="600" VPOS="978" WIDTH="33" HEIGHT="26" WC="0.96" CONTENT="sig"/><SP WIDTH="14" VPOS="978" HPOS="633"/>
							<String ID="string_176" HPOS="647" VPOS="978" WIDTH="59" HEIGHT="25" WC="0.96" CONTENT="böra,"/><SP WIDTH="17" VPOS="978" HPOS="706"/>
							<String ID="string_177" HPOS="723" VPOS="978" WIDTH="31" HEIGHT="20" WC="0.93" CONTENT="uti"/><SP WIDTH="11" VPOS="978" HPOS="754"/>
							<String ID="string_178" HPOS="765" VPOS="976" WIDTH="63" HEIGHT="22" WC="0.92" CONTENT="skrif-"/>
						</TextLine>
						<TextLine ID="line_23" HPOS="66" VPOS="1011" WIDTH="763" HEIGHT="28">
							<String ID="string_179" HPOS="66" VPOS="1011" WIDTH="60" HEIGHT="21" WC="0.91" CONTENT="velse"/><SP WIDTH="12" VPOS="1011" HPOS="126"/>
							<String ID="string_180" HPOS="138" VPOS="1011" WIDTH="23" HEIGHT="21" WC="0.96" CONTENT="af"/><SP WIDTH="14" VPOS="1011" HPOS="161"/>
							<String ID="string_181" HPOS="175" VPOS="1012" WIDTH="42" HEIGHT="21" WC="0.96" CONTENT="den"/><SP WIDTH="16" VPOS="1012" HPOS="217"/>
							<String ID="string_182" HPOS="233" VPOS="1014" WIDTH="11" HEIGHT="19" WC="0.96" CONTENT="3"/><SP WIDTH="17" VPOS="1014" HPOS="244"/>
							<String ID="string_183" HPOS="261" VPOS="1012" WIDTH="42" HEIGHT="27" WC="0.95" CONTENT="Maj"/><SP WIDTH="13" VPOS="1012" HPOS="303"/>
							<String ID="string_184" HPOS="316" VPOS="1014" WIDTH="54" HEIGHT="19" WC="0.95" CONTENT="1886"/><SP WIDTH="12" VPOS="1014" HPOS="370"/>
							<String ID="string_185" HPOS="382" VPOS="1012" WIDTH="32" HEIGHT="21" WC="0.93" CONTENT="till"/><SP WIDTH="11" VPOS="1012" HPOS="414"/>
							<String ID="string_186" HPOS="425" VPOS="1012" WIDTH="26" HEIGHT="21" WC="0.92" CONTENT="X."/><SP WIDTH="13" VPOS="1012" HPOS="451"/>
							<String ID="string_187" HPOS="464" VPOS="1011" WIDTH="95" HEIGHT="27" WC="0.91" CONTENT="Hofrätt,"/><SP WIDTH="12" VPOS="1011" HPOS="559"/>
							<String ID="string_188" HPOS="571" VPOS="1011" WIDTH="75" HEIGHT="28" WC="0.96" CONTENT="bringa"/><SP WIDTH="11" VPOS="1011" HPOS="646"/>
							<String ID="string_189" HPOS="657" VPOS="1011" WIDTH="67" HEIGHT="22" WC="0.96" CONTENT="saken"/><SP WIDTH="11" VPOS="1011" HPOS="724"/>
							<String ID="string_190" HPOS="735" VPOS="1011" WIDTH="32" HEIGHT="21" WC="0.93" CONTENT="till"/><SP WIDTH="11" VPOS="1011" HPOS="767"/>
							<String ID="string_191" HPOS="778" VPOS="1011" WIDTH="51" HEIGHT="27" WC="0.92" CONTENT="Kej-"/>
						</TextLine>
						<TextLine ID="line_24" HPOS="65" VPOS="1045" WIDTH="764" HEIGHT="28">
							<String ID="string_192" HPOS="65" VPOS="1046" WIDTH="81" HEIGHT="26" WC="0.90" CONTENT="serlige"/><SP WIDTH="11" VPOS="1046" HPOS="146"/>
							<String ID="string_193" HPOS="157" VPOS="1046" WIDTH="126" HEIGHT="22" WC="0.92" CONTENT="Hofrättens"/><SP WIDTH="11" VPOS="1046" HPOS="283"/>
							<String ID="string_194" HPOS="294" VPOS="1047" WIDTH="129" HEIGHT="26" WC="0.96" CONTENT="kännedom,"/><SP WIDTH="14" VPOS="1047" HPOS="423"/>
							<String ID="string_195" HPOS="437" VPOS="1047" WIDTH="34" HEIGHT="21" WC="0.96" CONTENT="för"/><SP WIDTH="11" VPOS="1047" HPOS="471"/>
							<String ID="string_196" HPOS="482" VPOS="1047" WIDTH="42" HEIGHT="21" WC="0.96" CONTENT="den"/><SP WIDTH="12" VPOS="1047" HPOS="524"/>
							<String ID="string_197" HPOS="536" VPOS="1047" WIDTH="83" HEIGHT="26" WC="0.93" CONTENT="åtgärd,"/><SP WIDTH="12" VPOS="1047" HPOS="619"/>
							<String ID="string_198" HPOS="631" VPOS="1046" WIDTH="115" HEIGHT="21" WC="0.92" CONTENT="Hofrätten"/><SP WIDTH="11" VPOS="1046" HPOS="746"/>
							<String ID="string_199" HPOS="757" VPOS="1045" WIDTH="72" HEIGHT="22" WC="0.96" CONTENT="kunde"/>
						</TextLine>
						<TextLine ID="line_25" HPOS="66" VPOS="1079" WIDTH="763" HEIGHT="29">
							<String ID="string_200" HPOS="66" VPOS="1079" WIDTH="59" HEIGHT="22" WC="0.93" CONTENT="finna"/><SP WIDTH="15" VPOS="1079" HPOS="125"/>
							<String ID="string_201" HPOS="140" VPOS="1080" WIDTH="75" HEIGHT="27" WC="0.92" CONTENT="nödigt"/><SP WIDTH="16" VPOS="1080" HPOS="215"/>
							<String ID="string_202" HPOS="231" VPOS="1083" WIDTH="32" HEIGHT="19" WC="0.96" CONTENT="att"/><SP WIDTH="16" VPOS="1083" HPOS="263"/>
							<String ID="string_203" HPOS="279" VPOS="1081" WIDTH="6" HEIGHT="21" WC="0.96" CONTENT="i"/><SP WIDTH="19" VPOS="1081" HPOS="285"/>
							<String ID="string_204" HPOS="304" VPOS="1081" WIDTH="115" HEIGHT="27" WC="0.96" CONTENT="anledning"/><SP WIDTH="19" VPOS="1081" HPOS="419"/>
							<String ID="string_205" HPOS="438" VPOS="1081" WIDTH="64" HEIGHT="21" WC="0.96" CONTENT="deraf"/><SP WIDTH="13" VPOS="1081" HPOS="502"/>
							<String ID="string_206" HPOS="515" VPOS="1081" WIDTH="93" HEIGHT="27" WC="0.93" CONTENT="vidtaga."/><SP WIDTH="31" VPOS="1081" HPOS="608"/>
							<String ID="string_207" HPOS="639" VPOS="1080" WIDTH="121" HEIGHT="27" WC="0.90" CONTENT="Kejserlige"/><SP WIDTH="16" VPOS="1080" HPOS="760"/>
							<String ID="string_208" HPOS="776" VPOS="1079" WIDTH="53" HEIGHT="22" WC="0.92" CONTENT="Hof-"/>
						</TextLine>
						<TextLine ID="line_26" HPOS="66" VPOS="1114" WIDTH="764" HEIGHT="28">
							<String ID="string_209" HPOS="66" VPOS="1116" WIDTH="72" HEIGHT="19" WC="0.96" CONTENT="rätten"/><SP WIDTH="17" VPOS="1116" HPOS="138"/>
							<String ID="string_210" HPOS="155" VPOS="1115" WIDTH="139" HEIGHT="22" WC="0.93" CONTENT="remitterade"/><SP WIDTH="19" VPOS="1115" HPOS="294"/>
							<String ID="string_211" HPOS="313" VPOS="1115" WIDTH="52" HEIGHT="22" WC="0.92" CONTENT="derå"/><SP WIDTH="20" VPOS="1115" HPOS="365"/>
							<String ID="string_212" HPOS="385" VPOS="1115" WIDTH="159" HEIGHT="27" WC="0.96" CONTENT="handlingarna"/><SP WIDTH="19" VPOS="1115" HPOS="544"/>
							<String ID="string_213" HPOS="563" VPOS="1115" WIDTH="31" HEIGHT="21" WC="0.93" CONTENT="till"/><SP WIDTH="16" VPOS="1115" HPOS="594"/>
							<String ID="string_214" HPOS="610" VPOS="1114" WIDTH="220" HEIGHT="22" WC="0.91" CONTENT="Advokatfiskalsem-"/>
						</TextLine>
						<TextLine ID="line_27" HPOS="67" VPOS="1148" WIDTH="763" HEIGHT="28">
							<String ID="string_215" HPOS="67" VPOS="1149" WIDTH="61" HEIGHT="21" WC="0.96" CONTENT="betet"/><SP WIDTH="15" VPOS="1149" HPOS="128"/>
							<String ID="string_216" HPOS="143" VPOS="1148" WIDTH="34" HEIGHT="22" WC="0.93" CONTENT="för"/><SP WIDTH="15" VPOS="1148" HPOS="177"/>
							<String ID="string_217" HPOS="192" VPOS="1150" WIDTH="135" HEIGHT="22" WC="0.91" CONTENT="anställande"/><SP WIDTH="15" VPOS="1150" HPOS="327"/>
							<String ID="string_218" HPOS="342" VPOS="1149" WIDTH="23" HEIGHT="22" WC="0.96" CONTENT="af"/><SP WIDTH="14" VPOS="1149" HPOS="365"/>
							<String ID="string_219" HPOS="379" VPOS="1150" WIDTH="41" HEIGHT="21" WC="0.96" CONTENT="den"/><SP WIDTH="16" VPOS="1150" HPOS="420"/>
							<String ID="string_220" HPOS="436" VPOS="1150" WIDTH="68" HEIGHT="26" WC="0.93" CONTENT="talan,"/><SP WIDTH="16" VPOS="1150" HPOS="504"/>
							<String ID="string_221" HPOS="520" VPOS="1149" WIDTH="86" HEIGHT="22" WC="0.92" CONTENT="hvartill"/><SP WIDTH="11" VPOS="1149" HPOS="606"/>
							<String ID="string_222" HPOS="617" VPOS="1149" WIDTH="213" HEIGHT="27" WC="0.96" CONTENT="omständigheterna"/>
						</TextLine>
						<TextLine ID="line_28" HPOS="66" VPOS="1183" WIDTH="135" HEIGHT="22">
							<String ID="string_223" HPOS="66" VPOS="1183" WIDTH="135" HEIGHT="22" WC="0.96" CONTENT="föranledde."/>
						</TextLine>
					</TextBlock>
					<TextBlock ID="block_4" HPOS="67" VPOS="1217" WIDTH="764" HEIGHT="63">
						<TextLine ID="line_29" HPOS="138" VPOS="1217" WIDTH="693" HEIGHT="27">
							<String ID="string_224" HPOS="138" VPOS="1218" WIDTH="37" HEIGHT="21" WC="0.93" CONTENT="Uti"/><SP WIDTH="21" VPOS="1218" HPOS="175"/>
							<String ID="string_225" HPOS="196" VPOS="1219" WIDTH="194" HEIGHT="21" WC="0.91" CONTENT="embetsmemorial"/><SP WIDTH="19" VPOS="1219" HPOS="390"/>
							<String ID="string_226" HPOS="409" VPOS="1219" WIDTH="23" HEIGHT="21" WC="0.96" CONTENT="af"/><SP WIDTH="17" VPOS="1219" HPOS="432"/>
							<String ID="string_227" HPOS="449" VPOS="1219" WIDTH="43" HEIGHT="21" WC="0.96" CONTENT="den"/><SP WIDTH="20" VPOS="1219" HPOS="492"/>
							<String ID="string_228" HPOS="512" VPOS="1220" WIDTH="12" HEIGHT="20" WC="0.96" CONTENT="5"/><SP WIDTH="16" VPOS="1220" HPOS="524"/>
							<String ID="string_229" HPOS="540" VPOS="1218" WIDTH="122" HEIGHT="21" WC="0.96" CONTENT="November"/><SP WIDTH="17" VPOS="1218" HPOS="662"/>
							<String ID="string_230" HPOS="679" VPOS="1217" WIDTH="54" HEIGHT="22" WC="0.92" CONTENT="1886"/><SP WIDTH="16" VPOS="1217" HPOS="733"/>
							<String ID="string_231" HPOS="749" VPOS="1217" WIDTH="82" HEIGHT="27" WC="0.92" CONTENT="androg"/>
						</TextLine>
						<TextLine ID="line_30" HPOS="67" VPOS="1252" WIDTH="690" HEIGHT="28">
							<String ID="string_232" HPOS="67" VPOS="1252" WIDTH="70" HEIGHT="22" WC="0.93" CONTENT="sedan"/><SP WIDTH="15" VPOS="1252" HPOS="137"/>
							<String ID="string_233" HPOS="152" VPOS="1253" WIDTH="192" HEIGHT="22" WC="0.91" CONTENT="Advokatfiskalen"/><SP WIDTH="15" VPOS="1253" HPOS="344"/>
							<String ID="string_234" HPOS="359" VPOS="1253" WIDTH="7" HEIGHT="21" WC="0.93" CONTENT="i"/><SP WIDTH="16" VPOS="1253" HPOS="366"/>
							<String ID="string_235" HPOS="382" VPOS="1253" WIDTH="124" HEIGHT="27" WC="0.91" CONTENT="Kejserlige"/><SP WIDTH="15" VPOS="1253" HPOS="506"/>
							<String ID="string_236" HPOS="521" VPOS="1252" WIDTH="115" HEIGHT="22" WC="0.92" CONTENT="Hofrätten"/><SP WIDTH="16" VPOS="1252" HPOS="636"/>
							<String ID="string_237" HPOS="652" VPOS="1252" WIDTH="105" HEIGHT="27" WC="0.96" CONTENT="följande:"/>
						</TextLine>
					</TextBlock>
					<TextBlock ID="block_5" HPOS="67" VPOS="1286" WIDTH="766" HEIGHT="168">
						<TextLine ID="line_31" HPOS="139" VPOS="1286" WIDTH="692" HEIGHT="29">
							<String ID="string_238" HPOS="139" VPOS="1287" WIDTH="142" HEIGHT="27" WC="0.95" CONTENT="Magistraten"/><SP WIDTH="16" VPOS="1287" HPOS="281"/>
							<String ID="string_239" HPOS="297" VPOS="1288" WIDTH="7" HEIGHT="21" WC="0.93" CONTENT="i"/><SP WIDTH="13" VPOS="1288" HPOS="304"/>
							<String ID="string_240" HPOS="317" VPOS="1288" WIDTH="27" HEIGHT="21" WC="0.90" CONTENT="H."/><SP WIDTH="12" VPOS="1288" HPOS="344"/>
							<String ID="string_241" HPOS="356" VPOS="1288" WIDTH="50" HEIGHT="21" WC="0.96" CONTENT="stad"/><SP WIDTH="15" VPOS="1288" HPOS="406"/>
							<String ID="string_242" HPOS="421" VPOS="1287" WIDTH="77" HEIGHT="28" WC="0.96" CONTENT="gjorde"/><SP WIDTH="17" VPOS="1287" HPOS="498"/>
							<String ID="string_243" HPOS="515" VPOS="1287" WIDTH="39" HEIGHT="21" WC="0.96" CONTENT="hos"/><SP WIDTH="17" VPOS="1287" HPOS="554"/>
							<String ID="string_244" HPOS="571" VPOS="1286" WIDTH="200" HEIGHT="27" WC="0.93" CONTENT="Stadsfullmäktige"/><SP WIDTH="12" VPOS="1286" HPOS="771"/>
							<String ID="string_245" HPOS="783" VPOS="1286" WIDTH="48" HEIGHT="21" WC="0.93" CONTENT="der-"/>
						</TextLine>
						<TextLine ID="line_32" HPOS="67" VPOS="1321" WIDTH="766" HEIGHT="27">
							<String ID="string_246" HPOS="67" VPOS="1321" WIDTH="160" HEIGHT="22" WC="0.91" CONTENT="sammastädes"/><SP WIDTH="20" VPOS="1321" HPOS="227"/>
							<String ID="string_247" HPOS="247" VPOS="1322" WIDTH="7" HEIGHT="21" WC="0.96" CONTENT="i"/><SP WIDTH="15" VPOS="1322" HPOS="254"/>
							<String ID="string_248" HPOS="269" VPOS="1322" WIDTH="112" HEIGHT="21" WC="0.96" CONTENT="skrifvelse"/><SP WIDTH="24" VPOS="1322" HPOS="381"/>
							<String ID="string_249" HPOS="405" VPOS="1322" WIDTH="23" HEIGHT="21" WC="0.96" CONTENT="af"/><SP WIDTH="14" VPOS="1322" HPOS="428"/>
							<String ID="string_250" HPOS="442" VPOS="1322" WIDTH="42" HEIGHT="21" WC="0.96" CONTENT="den"/><SP WIDTH="18" VPOS="1322" HPOS="484"/>
							<String ID="string_251" HPOS="502" VPOS="1323" WIDTH="10" HEIGHT="20" WC="0.96" CONTENT="1"/><SP WIDTH="17" VPOS="1323" HPOS="512"/>
							<String ID="string_252" HPOS="529" VPOS="1321" WIDTH="58" HEIGHT="22" WC="0.96" CONTENT="Mars"/><SP WIDTH="18" VPOS="1321" HPOS="587"/>
							<String ID="string_253" HPOS="605" VPOS="1321" WIDTH="54" HEIGHT="21" WC="0.96" CONTENT="1884"/><SP WIDTH="15" VPOS="1321" HPOS="659"/>
							<String ID="string_254" HPOS="674" VPOS="1321" WIDTH="159" HEIGHT="27" WC="0.96" CONTENT="framställning"/>
						</TextLine>
						<TextLine ID="line_33" HPOS="68" VPOS="1354" WIDTH="763" HEIGHT="28">
							<String ID="string_255" HPOS="68" VPOS="1361" WIDTH="35" HEIGHT="16" WC="0.92" CONTENT="om"/><SP WIDTH="16" VPOS="1361" HPOS="103"/>
							<String ID="string_256" HPOS="119" VPOS="1355" WIDTH="103" HEIGHT="22" WC="0.91" CONTENT="behofvet"/><SP WIDTH="16" VPOS="1355" HPOS="222"/>
							<String ID="string_257" HPOS="238" VPOS="1355" WIDTH="23" HEIGHT="23" WC="0.96" CONTENT="af"/><SP WIDTH="16" VPOS="1355" HPOS="261"/>
							<String ID="string_258" HPOS="277" VPOS="1356" WIDTH="118" HEIGHT="22" WC="0.96" CONTENT="translator"/><SP WIDTH="15" VPOS="1356" HPOS="395"/>
							<String ID="string_259" HPOS="410" VPOS="1356" WIDTH="34" HEIGHT="21" WC="0.93" CONTENT="för"/><SP WIDTH="20" VPOS="1356" HPOS="444"/>
							<String ID="string_260" HPOS="464" VPOS="1354" WIDTH="162" HEIGHT="23" WC="0.91" CONTENT="öfversättande"/><SP WIDTH="16" VPOS="1354" HPOS="626"/>
							<String ID="string_261" HPOS="642" VPOS="1354" WIDTH="23" HEIGHT="22" WC="0.92" CONTENT="af"/><SP WIDTH="13" VPOS="1354" HPOS="665"/>
							<String ID="string_262" HPOS="678" VPOS="1355" WIDTH="153" HEIGHT="27" WC="0.91" CONTENT="Magistratens"/>
						</TextLine>
						<TextLine ID="line_34" HPOS="68" VPOS="1389" WIDTH="764" HEIGHT="29">
							<String ID="string_263" HPOS="68" VPOS="1390" WIDTH="42" HEIGHT="21" WC="0.93" CONTENT="och"/><SP WIDTH="16" VPOS="1390" HPOS="110"/>
							<String ID="string_264" HPOS="126" VPOS="1389" WIDTH="207" HEIGHT="23" WC="0.91" CONTENT="Rådstufvurättens"/><SP WIDTH="17" VPOS="1389" HPOS="333"/>
							<String ID="string_265" HPOS="350" VPOS="1390" WIDTH="150" HEIGHT="28" WC="0.95" CONTENT="expeditioner"/><SP WIDTH="11" VPOS="1390" HPOS="500"/>
							<String ID="string_266" HPOS="511" VPOS="1390" WIDTH="32" HEIGHT="21" WC="0.96" CONTENT="till"/><SP WIDTH="9" VPOS="1390" HPOS="543"/>
							<String ID="string_267" HPOS="552" VPOS="1390" WIDTH="70" HEIGHT="21" WC="0.96" CONTENT="finska"/><SP WIDTH="11" VPOS="1390" HPOS="622"/>
							<String ID="string_268" HPOS="633" VPOS="1390" WIDTH="95" HEIGHT="27" WC="0.96" CONTENT="språket,"/><SP WIDTH="12" VPOS="1390" HPOS="728"/>
							<String ID="string_269" HPOS="740" VPOS="1390" WIDTH="29" HEIGHT="27" WC="0.93" CONTENT="på"/><SP WIDTH="10" VPOS="1390" HPOS="769"/>
							<String ID="string_270" HPOS="779" VPOS="1389" WIDTH="53" HEIGHT="22" WC="0.92" CONTENT="hvil-"/>
						</TextLine>
						<TextLine ID="line_35" HPOS="68" VPOS="1424" WIDTH="765" HEIGHT="30">
							<String ID="string_271" HPOS="68" VPOS="1425" WIDTH="39" HEIGHT="21" WC="0.96" CONTENT="ket"/><SP WIDTH="15" VPOS="1425" HPOS="107"/>
							<String ID="string_272" HPOS="122" VPOS="1424" WIDTH="133" HEIGHT="27" WC="0.96" CONTENT="protokollet"/><SP WIDTH="17" VPOS="1424" HPOS="255"/>
							<String ID="string_273" HPOS="272" VPOS="1425" WIDTH="35" HEIGHT="22" WC="0.93" CONTENT="vid"/><SP WIDTH="20" VPOS="1425" HPOS="307"/>
							<String ID="string_274" HPOS="327" VPOS="1424" WIDTH="214" HEIGHT="30" WC="0.91" CONTENT="Stadsfullmäktiges"/><SP WIDTH="21" VPOS="1424" HPOS="541"/>
							<String ID="string_275" HPOS="562" VPOS="1424" WIDTH="174" HEIGHT="22" WC="0.96" CONTENT="sammanträden"/><SP WIDTH="15" VPOS="1424" HPOS="736"/>
							<String ID="string_276" HPOS="751" VPOS="1424" WIDTH="82" HEIGHT="28" WC="0.96" CONTENT="fördes,"/>
						</TextLine>
					</TextBlock>
					<TextBlock ID="block_6" HPOS="753" VPOS="1467" WIDTH="10" HEIGHT="16">
						<TextLine ID="line_36" HPOS="753" VPOS="1467" WIDTH="10" HEIGHT="16">
							<String ID="string_277" HPOS="753" VPOS="1467" WIDTH="10" HEIGHT="16" WC="0.96" CONTENT="5"/>
						</TextLine>
					</TextBlock>
				</ComposedBlock>
			</PrintSpace>
		</Page>
	</Layout>
</alto>
