1031 1678
215 129 22 18 10
492 129 21 18 U.
526 129 20 18 B.
560 129 93 18 XXXVII.

192 186 57 21 böra
261 185 90 22 fordras
367 185 27 22 af
405 185 45 22 alla
460 185 106 22 bankens
578 185 148 28 tjenstemän,
738 185 71 22 hafva
821 185 72 21 andra
904 185 49 21 äter

193 219 65 22 velat
276 219 129 22 inskränka
424 219 77 22 denna
519 219 234 29 kompetensfordran
768 219 83 21 endast
865 219 38 21 till
918 219 35 21 sä-

192 253 64 22 dana
274 253 104 29 tjenster,
395 253 93 22 hvilkas
506 253 156 22 innehafvare
677 253 68 21 träda
759 253 9 21 i
784 253 115 21 direktare
914 253 39 21 be-

192 287 82 28 röring
292 287 54 21 med
365 287 163 22 allmänheten.
558 287 56 22 Men
632 287 134 22 Utskottets
784 287 76 21 flertal
879 287 75 21 häller

192 321 76 21 likväl
280 321 57 27 före,
351 324 35 18 att
401 321 135 21 införandet
551 321 9 21 i
575 321 106 21 bankens
696 321 141 27 reglemente
853 321 26 21 af
891 320 62 21 stad-

195 354 94 29 ganden
305 362 38 14 om
358 355 72 21 sådan
450 355 203 29 spräkkännedom
673 358 24 18 är
715 355 146 28 fullkomligt
879 354 75 22 öfver-

194 388 91 29 flödigt.
316 389 35 28 Ty
367 396 37 14 om
424 390 43 20 ock
489 389 119 28 färdighet
627 390 9 20 i
655 389 165 28 begagnandet
835 389 26 20 af
876 388 76 21 finska

192 423 99 28 spräket
305 422 36 22 för
356 422 101 22 flertalet
472 422 25 22 af
511 422 28 22 de
554 423 9 20 i
578 423 105 21 bankens
699 422 73 29 tjenst
787 422 106 21 anstälda
903 429 50 22 per-

192 463 71 14 soner
279 460 25 17 är
319 456 109 29 behöflig,
444 457 73 21 mäste
537 457 65 20 detta
620 457 56 20 kraf
690 464 67 13 anses
773 456 56 21 fullt
843 456 109 28 tillgodo-

194 491 53 20 sedt
269 498 84 21 genom
377 491 45 21 den
440 491 9 20 i
467 491 154 28 reglementet
640 490 117 29 ingående
776 490 177 28 bestämningen

194 526 36 19 att
245 525 121 21 sökanden
383 525 41 21 bör
438 532 56 14 vara
509 525 38 20 till
562 525 103 28 tjensten
681 524 104 29 lämplig.
814 525 54 21 Men
885 525 13 20 &
913 531 39 14 an-

195 558 42 21 dra
256 558 68 21 sidan
343 559 42 22 bör
404 559 179 28 bankstyrelsen
598 559 52 20 icke
665 558 132 22 förhindras
813 560 41 25 att,
870 558 9 21 i
893 557 59 22 före-

195 592 141 22 kommande
358 593 49 27 fall,
422 593 30 28 pä
475 593 27 21 de
521 593 87 28 platser
628 593 41 21 der
685 593 86 28 speciel
786 592 142 28 skicklighet
944 592 8 21 i

194 627 75 20 bank-
285 627 44 21 och
345 627 188 27 affärsväsendet,
549 634 53 14 men
622 627 97 20 alldeles
734 627 52 20 icke
802 627 77 27 någon
895 626 58 21 kun-

194 661 58 28 skap
272 661 9 21 i
298 661 61 21 båda
382 661 28 21 de
432 661 122 21 inhemska
573 661 100 28 språken
693 665 25 16 är
736 660 79 28 nödig,
830 661 37 20 för
883 660 70 20 ända-

194 694 72 21 målet
291 694 107 22 använda
420 694 29 22 de
467 694 148 28 lämpligaste
634 702 111 20 personer
761 701 48 14 som
825 694 79 21 kunna
919 701 34 14 er-

194 728 83 21 hållas.

265 762 82 22 Såsom
370 763 119 21 allaredan
510 763 149 26 framhållits,
682 762 76 21 finner
780 762 121 22 Utskottet
924 769 29 13 en

194 797 143 28 fullständig
354 797 102 21 revision
475 797 25 21 af
520 797 217 28 bankreglementet
755 804 56 14 vara
830 796 122 27 önskvärd,

195 831 62 21 helst
271 831 42 21 vid
324 832 55 21 1885
396 832 35 20 års
446 831 114 28 landtdag
577 831 39 21 det
627 831 26 21 af
664 830 178 22 bankutskottet
853 830 29 21 då
892 832 61 19 utar-

195 864 84 22 betade
294 865 268 28 författningsförslaget
573 865 64 21 inom
648 865 28 21 de
688 864 75 28 stånd,
775 864 8 21 i
794 864 81 22 hvilka
889 864 65 21 detta

195 899 90 28 förslag
301 899 81 22 blifvit
397 900 9 20 i
422 899 69 29 detalj
508 900 179 27 genomgånget,
701 899 93 21 erkänts
806 898 72 22 hafva
893 899 60 21 före-

195 933 66 21 träde
277 934 98 20 framför
391 933 39 21 det
445 941 32 14 nu
488 933 109 29 gällande
608 934 160 27 reglementet,
781 932 110 22 särskildt
901 932 52 22 med

194 967 113 21 afseende
327 968 13 20 å
359 975 29 13 en
410 968 81 21 koncis
511 968 43 21 och
573 968 152 28 öfversigtlig
743 967 129 21 redaktion.
903 967 50 21 Och

194 1001 68 21 torde
288 1002 63 27 förty
373 1002 25 20 åt
423 1001 217 28 Bankfullmäktige
663 1002 57 21 böra
742 1001 160 28 öfverlemnas,
919 1003 35 19 att

194 1038 108 25 uppgöra
325 1035 44 22 och
392 1035 38 21 till
453 1035 273 22 nästsammanträdande
746 1035 99 21 Ständer
864 1035 90 28 afgifva

194 1068 91 29 förslag
300 1069 38 21 till
352 1072 56 25 nytt
422 1069 212 28 bankreglemente.

264 1241 13 20 I
295 1240 66 29 fråga
380 1248 38 14 om
440 1241 104 21 bankens
564 1243 47 20 stat
630 1249 67 14 anser
713 1241 127 27 Utskottet,
856 1240 9 21 i
879 1241 76 21 likhet

194 1273 54 22 med
263 1274 226 29 Bankfullmäktige,
505 1275 153 28 registratorn
678 1275 9 21 i
706 1275 93 21 banken
818 1274 62 27 böra,
896 1275 9 21 i
920 1275 34 21 af-

193 1307 88 22 seende
297 1309 14 20 å
326 1309 115 28 rättighet
456 1309 38 21 till
509 1309 192 28 löneförhöjning
717 1309 58 20 efter
790 1309 61 21 vissa
868 1309 30 27 år,
911 1309 43 21 lik-

193 1342 84 21 ställas
300 1342 53 21 med
376 1343 115 21 särskilda
513 1343 73 21 andra
609 1343 26 21 af
655 1342 105 22 bankens
786 1342 168 28 funktionärer,

194 1375 101 21 framför
318 1375 41 21 allt
382 1376 97 22 emedan
498 1378 67 20 arten
583 1376 26 22 af
626 1377 77 21 denne
722 1376 152 28 tjenstemans
897 1376 57 28 ålig-

195 1409 95 28 ganden
304 1410 90 21 lemnar
412 1410 86 22 honom
516 1410 68 29 ringa
603 1411 102 27 utsigter
720 1410 38 21 till
773 1410 130 22 befordran.

265 1450 140 17 Bankutskottets
416 1451 104 16 betänkande
532 1451 36 17 N:o
580 1452 17 16 3.
