1031 1678
783 127 26 20 43

78 191 101 22 trädaren
200 191 28 25 S.,
249 191 91 24 hvilken,
360 191 68 21 sedan
446 191 163 27 ifrågavarande
625 191 93 22 boställe
733 191 105 27 upplåtits

78 225 23 21 åt
120 225 78 22 honom
220 226 28 26 på
263 227 27 20 50
309 225 34 21 års
363 225 91 22 arrende
474 226 46 22 från
540 225 115 22 midfastan
677 227 60 24 1867,
761 231 77 20 genom

78 262 108 24 synerätts
203 260 69 27 utslag
289 260 40 21 den
347 261 25 20 18
389 260 129 27 September
528 267 82 14 samma
620 261 24 20 år
659 260 68 27 ålagts
739 263 32 18 att
781 261 56 20 inom

78 296 32 19 tre
127 295 24 21 år
167 294 92 22 derefter
275 294 117 22 verkställa
408 295 28 20 då
451 294 141 22 föreskrifven
614 295 135 26 omflyttning
764 295 22 21 af
799 295 38 21 bo-

78 329 85 21 ställets
178 329 119 27 åbyggnad,
314 329 103 27 derjemte
434 329 68 26 enligt
517 329 99 27 gällande
627 329 151 27 författningar
787 329 51 21 bort

75 363 79 26 jemväl
170 364 7 20 i
193 363 64 27 öfrigt
272 363 57 21 hålla
345 363 103 21 bostället
464 364 24 20 så
504 364 32 20 till
552 363 114 27 åbyggnad
682 370 46 14 som
743 361 93 29 egohäfd

78 398 6 19 i
107 398 91 26 laggildt
218 397 71 24 stånd,
309 404 47 14 men
380 398 34 20 vid
436 398 41 20 den
494 400 74 19 senast
584 398 99 20 anstälda
699 404 65 20 synen
780 396 56 23 före-

78 431 90 22 kommit
183 432 150 27 missbyggnad
349 431 40 21 och
405 431 93 22 vanhäfd
515 432 33 21 för
563 434 32 19 ett
611 431 22 22 af
648 434 124 25 synerätten
783 438 54 20 upp-

78 466 99 21 skattadt
197 466 196 26 ersättningsvärde
414 466 23 21 af
456 468 63 23 5,670
540 466 36 21 mk
592 468 26 19 96
638 466 50 27 p:ni,
705 465 131 22 fördenskull

78 501 40 20 och
135 500 88 21 emedan
241 500 28 26 S.,
286 500 84 21 hvilken
387 500 31 21 sin
438 501 138 20 arrenderätt
592 501 31 20 till
639 500 103 22 bostället
756 500 80 21 förver-

78 534 43 26 kat,
139 534 67 27 enligt
230 537 3 18 2
249 541 61 14 mom.
328 536 26 19 20
371 534 10 27 $
398 534 22 21 af
434 535 123 26 Kejserliga
572 535 210 26 boställsordningen
795 534 41 21 den

78 570 26 19 26
120 569 60 26 April
198 571 60 23 1871,
277 568 91 27 jemförd
387 569 49 21 med
458 569 54 21 sista
532 575 62 15 mom.
611 570 26 20 52
654 569 10 26 &
680 569 6 20 i
703 575 80 15 samma
798 569 38 21 nä-

78 603 50 27 diga
143 603 130 27 författning,
293 603 62 26 äläge
374 607 32 17 att
427 603 31 21 till
480 604 32 20 sin
528 603 141 22 efterträdare
685 604 129 21 ätminstone
830 604 7 20 i

77 637 69 22 första
168 638 56 21 hand
249 644 90 15 ansvara
354 638 80 26 jemväl
452 638 34 21 för
508 638 40 21 den
566 638 33 21 del
620 637 23 22 af
657 638 13 21 å
684 638 103 21 bostället
802 638 33 21 sä-

77 672 66 21 lunda
157 671 126 23 förefunnen
304 672 153 26 missbyggnad
479 672 41 21 ooh
537 672 100 25 vanhäfd,
654 678 45 15 som
715 672 71 21 kunde
802 672 35 21 be-

76 706 50 27 löpa
142 706 33 27 sig
191 706 12 21 &
219 706 40 21 den
275 706 37 26 tid,
329 706 122 21 hvarunder
467 706 117 21 Landboen
601 706 26 21 K.
643 706 29 27 pä
688 706 33 21 S:s
737 706 44 21 risk
797 706 40 21 och

76 740 98 27 äfventyr
189 740 102 22 bostället
307 740 27 21 ad
349 740 85 21 interim
450 740 109 26 förvaltat,
576 741 62 21 vardt
649 741 146 26 ersättningen
805 740 33 22 för

76 775 153 21 meranämnda
244 774 92 22 vanhäfd
351 774 22 22 af
387 777 127 25 synerätten
530 775 90 21 utdömd
636 775 39 21 hos
687 775 21 21 S.
718 777 32 19 att
760 770 77 31 genast

77 809 108 21 utbetalas
202 809 47 21 med
271 811 62 23 5,670
352 809 35 21 mk
410 811 26 19 96
456 809 50 27 pini,
528 809 107 21 hvarifrån
653 809 53 21 dock
723 810 66 20 borde
807 809 30 21 af-

77 844 78 26 dragas
173 844 36 20 det
223 844 193 26 penningebelopp,
436 844 104 20 hvarmed
561 844 81 20 kronan
658 844 28 26 pä
702 844 135 26 vederbörlig

76 878 121 26 ansökning
212 878 71 21 kunde
299 884 50 14 vara
365 878 58 26 villig
440 880 33 18 att
489 878 30 20 till
532 878 114 21 boställets
658 878 179 26 bebyggande.bi-

78 913 75 26 draga;
170 912 55 22 dock
242 912 53 26 egde
311 912 136 21 tillträdaren
464 913 25 20 R.
507 912 66 26 draga
584 912 84 26 försorg
679 919 33 14 om
721 912 115 21 indrifvan-

77 946 37 22 det
130 947 39 21 hos
185 947 20 21 S.
223 947 52 21 eller
289 947 117 26 utsökning
422 947 40 21 hos
474 947 53 21 hans
540 947 127 27 borgesmän
680 947 22 21 af
711 946 125 22 förberörda

77 981 166 21 husrötemedel.

145 1015 73 27 Derpä
233 1015 125 21 framstälde
375 1015 148 21 Arrendatorn
539 1015 25 21 R.
581 1015 55 21 först
646 1015 39 21 hos
699 1015 139 21 Guvernören

76 1049 59 22 öfver
151 1049 26 21 N.
193 1049 34 21 län
244 1049 39 22 och
299 1049 130 25 sedermera,
447 1049 57 21 efter
520 1050 67 21 skedd
599 1049 124 27 förvisning,
735 1049 34 21 vid
780 1049 57 21 Räd-

76 1083 147 22 stufvurätten
240 1085 6 19 i
263 1083 25 21 K.
305 1084 46 20 stad
368 1084 96 26 yrkande
480 1089 33 16 om
522 1083 217 22 Länelandtmätaren
748 1083 37 21 R:s
795 1083 42 22 för-

75 1118 110 27 pligtande
202 1119 38 25 att,
257 1118 27 27 pä
299 1118 69 27 grund
385 1117 21 21 af
421 1118 41 21 den
479 1118 87 27 proprie
582 1118 80 26 borgen
673 1118 41 21 han
724 1118 67 26 jemte
802 1117 36 21 Vi-

76 1152 238 22 celandssekreteraren
331 1152 21 21 S.
369 1152 71 26 ingätt
450 1151 34 22 för
492 1151 146 28 fullgörandet
646 1152 23 21 af
677 1151 160 22 Landthushäl-

76 1187 58 21 laren
152 1187 33 21 S:s
203 1187 158 21 arrendevilkor
379 1187 70 20 under
467 1188 26 19 10
510 1186 34 21 ärs
560 1187 38 26 tid,
615 1187 92 20 räknadt
723 1186 44 21 frän
784 1186 54 21 mid-

76 1221 73 22 fastan
169 1223 60 24 1871,
246 1221 32 21 till
294 1221 146 21 Arrendatorn
457 1221 26 20 R.
500 1221 87 26 erlägga
603 1221 61 20 ofvan
681 1221 92 21 berörda
788 1220 51 21 hus-

76 1257 48 20 röta
139 1256 49 21 med
204 1258 63 23 5,670
282 1256 36 20 mk
333 1257 26 20 96
375 1256 73 26 penni,
465 1255 56 22 efter
536 1255 76 27 afdrag
628 1255 55 22 dock
699 1255 22 21 af
738 1255 26 21 de
777 1256 62 24 1,000

76 1291 41 26 mk,
134 1291 101 21 hvarmed
251 1291 81 20 kronan
349 1290 49 21 ville
415 1290 93 26 bidraga
525 1290 30 21 till
566 1290 114 21 boställets
691 1289 148 28 bebyggande.

76 1325 94 21 Medelst
190 1325 71 26 utslag
283 1325 39 20 den
344 1326 26 19 28
392 1324 106 21 Februari
516 1326 54 19 1880
587 1324 55 21 utlät
659 1325 32 25 sig
707 1323 132 22 Rädstufvu-

76 1361 72 19 rätten
165 1360 6 20 i
187 1359 114 25 anledning
312 1358 70 22 häraf:
399 1360 33 19 att
444 1358 90 21 emedan
546 1358 211 21 Landthushällaren
768 1358 29 26 S.,
808 1357 34 21 för

76 1393 135 27 fullgörande
227 1392 22 22 af
263 1393 64 21 hvars
344 1393 81 25 ätagna
436 1392 138 22 förbindelse
590 1392 72 22 säsom
679 1392 126 21 arrendator
821 1390 22 22 af

74 1428 26 21 K.
120 1427 205 27 sergeantsboställe
342 1426 219 22 Länelandtmätaren
584 1427 24 21 R.
624 1427 68 21 iklädt
707 1426 34 27 sig
755 1426 86 27 proprie
