1031 1678
124 473 47 21 Den
194 472 119 21 berättelse
337 478 33 15 om
391 472 166 27 lagskipningen
576 472 39 22 och
631 473 100 26 lagarnas
747 473 67 22 hand-

56 506 105 22 hafvande
176 507 6 20 i
198 506 80 27 landet,
295 513 45 15 som
356 507 36 21 vid
408 509 74 19 senast
496 507 74 21 hållna
588 507 103 27 landtdag
708 507 47 22 utaf
763 508 51 21 Pro-

55 541 104 21 kuratorn
175 540 136 27 aflemnades,
333 540 119 23 omfattade
471 541 173 27 treårsperioden
663 544 151 25 1881—1883;

56 575 40 22 och
117 575 40 22 bör
180 575 85 22 således
289 575 41 22 den
354 575 114 22 enahanda
484 576 124 26 berättelse,
624 576 86 21 hvilken
727 577 37 21 det
778 583 35 20 nu,

55 609 32 22 till
104 609 101 28 åtlydnad
221 609 23 22 af
257 610 78 27 nådiga
350 609 154 28 förordningen
520 610 23 21 af
557 610 40 21 den
609 612 12 19 8
632 610 43 28 Maj
689 613 61 24 1876,
762 611 53 27 ålig-

54 650 38 21 ger
107 644 44 27 mig
166 646 33 19 att
213 644 32 21 till
262 644 85 21 landets
364 644 24 21 år
406 646 54 20 1888
477 644 129 22 församlade
622 645 93 22 Ständer
730 645 83 28 afgifva,

55 677 90 23 hänföra
161 678 33 27 sig
209 678 33 21 till
258 678 50 22 åren
329 680 61 25 1884,
408 680 54 20 1885
481 678 41 22 och
539 680 61 20 1886.
630 679 71 21 Dessa
716 680 23 21 år
755 680 59 21 inne-

56 712 55 22 hade
132 713 37 27 jag
191 714 57 20 ännu
271 712 48 22 icke
335 713 251 26 Prokuratorsembetet;
603 714 41 20 och
660 714 60 21 detta
734 714 79 22 förhål-

55 747 63 21 lande
141 747 40 21 har
203 747 48 21 icke
273 747 82 21 kunnat
375 747 73 27 undgå
464 749 33 19 att
513 747 154 27 ofördelaktigt
682 748 88 22 inverka
785 749 28 26 på

56 781 128 21 affattandet
195 781 22 21 af
225 781 162 27 ifrågavarande
397 782 146 26 redogörelse,
554 782 60 21 hvari
626 782 108 27 sjelffallet
744 783 71 21 måste

56 816 79 21 saknas
157 816 86 27 mycket
263 815 22 21 af
299 816 43 25 det,
359 822 47 15 som
421 816 141 22 uteslutande
577 816 64 22 beror
656 816 28 27 på
700 817 41 21 den
757 823 58 15 ome-

56 850 89 22 delbara
160 850 151 27 iakttagelsen.
342 845 68 26 Äfven
427 850 43 21 min
487 850 122 22 erfarenhet
624 850 23 22 af
661 851 26 21 de
703 851 49 22 med
762 852 52 21 Pro-

55 885 199 21 kuratorsembetet
283 884 102 22 förenade
411 884 146 28 mångfaldiga
584 886 127 26 åligganden
735 886 49 26 kan,
808 886 7 20 i

56 920 108 21 anseende
187 920 32 20 till
241 920 41 20 den
305 920 63 20 korta
391 919 33 21 tid
443 920 97 21 embetet
555 919 23 21 af
591 920 43 26 mig
649 920 101 26 utöfvats,
766 920 49 22 icke

55 954 69 22 heller
139 955 57 20 ännu
211 960 52 15 vara
278 954 25 20 så
319 956 51 24 stor,
387 960 47 15 som
445 954 96 26 önskligt
552 954 55 21 hade
618 954 64 26 varit;
694 954 40 22 och
745 954 70 22 måste

52 988 39 27 jag
114 988 85 21 således
223 990 50 25 taga
297 988 133 21 Ständernas
451 988 141 21 öfverseende
608 988 6 21 i
630 988 94 27 anspråk
739 988 33 21 för
787 988 27 21 de

56 1021 195 27 ofullkomligheter
274 1022 40 21 och
337 1023 85 25 brister,
442 1028 47 15 som
506 1025 52 18 utan
573 1022 72 21 tvifvel
662 1023 7 20 i
684 1023 43 20 min
742 1023 72 21 berät-

55 1057 56 22 telse
126 1057 63 21 skola
203 1057 73 20 kunna
291 1057 128 26 upptäckas.

124 1091 66 21 Innan
211 1091 39 27 jag
273 1091 84 21 skrider
379 1091 33 21 till
436 1091 142 27 begagnande
599 1090 23 22 af
640 1091 37 21 det
693 1091 122 22 statistiska

55 1125 104 26 material,
183 1131 46 16 som
252 1125 35 22 vid
302 1125 242 22 Prokuratorsembetet
559 1125 33 22 för
607 1132 29 14 nu
652 1125 162 27 ifrågavarande

55 1160 115 21 triennium
186 1160 86 27 hopats,
285 1167 63 15 anser
361 1161 38 26 jag
414 1160 44 27 mig
472 1160 55 21 böra
543 1160 161 27 tillkännagifva
720 1161 37 20 det
769 1160 44 27 jag,

54 1194 135 22 beträffande
205 1194 109 27 omfånget
329 1194 23 22 af
365 1195 160 21 Prokuratorns
543 1193 155 28 befogenheter
710 1195 40 21 och
761 1194 52 27 ålig-

55 1229 92 27 ganden,
162 1229 7 21 i
185 1229 120 22 hufvudsak
319 1229 61 22 delar
399 1229 27 21 de
442 1229 87 26 åsigter,
546 1235 46 15 som
608 1235 26 15 en
651 1229 22 21 af
687 1229 56 21 mina
757 1228 56 22 före-

55 1264 87 21 trädare
165 1263 6 21 i
193 1263 94 22 embetet
309 1263 32 22 uti
357 1263 33 22 sin
405 1263 33 21 till
454 1265 56 20 1885
527 1263 35 21 års
576 1263 93 22 Ständer
685 1263 78 27 afgifna
778 1263 36 21 be-

55 1298 90 21 rättelse
161 1300 98 19 närmare
275 1298 117 26 utvecklat,
408 1298 67 21 likväl
492 1297 49 22 med
557 1298 41 21 den
613 1297 109 27 afvikelse,
732 1299 33 20 att
776 1298 39 27 jag

54 1333 50 21 med
119 1332 82 28 hänsyn
217 1333 31 20 till
265 1332 41 21 den
322 1332 141 27 ståndpunkt,
480 1332 86 21 landets
578 1332 157 27 tidningspress
747 1332 66 21 redan

54 1367 55 26 nått,
126 1366 41 22 och
190 1367 40 21 den
249 1366 118 28 betydelse,
384 1372 47 16 som
447 1366 33 22 till
496 1366 52 27 följd
565 1366 61 22 deraf
639 1366 49 22 med
703 1368 57 20 rätta
775 1366 39 21 bör

55 1402 103 21 tillmätas
181 1407 100 21 pressens
297 1401 135 27 uttalanden,
448 1401 49 22 icke
513 1403 72 19 ansett
599 1401 43 27 mig
657 1401 72 21 kunna
743 1400 71 22 lemna

55 1436 109 22 obeaktad
181 1442 37 16 ens
227 1436 70 27 någon
305 1436 23 21 af
335 1436 26 21 de
369 1436 70 22 under
446 1436 59 21 mina
514 1437 56 25 ögon
578 1436 79 21 komna
665 1436 148 26 tidningsupp-
