<?xml version="1.0" encoding="UTF-8"?>
<alto xmlns="http://www.loc.gov/standards/alto/ns-v3#" xmlns:xlink="http://www.w3.org/1999/xlink" xmlns:xsi="http://www.w3.org/2001/XMLSchema-instance" xsi:schemaLocation="http://www.loc.gov/standards/alto/ns-v3# http://www.loc.gov/alto/v3/alto-3-0.xsd">
	<Description>
		<MeasurementUnit>pixel</MeasurementUnit>
		<sourceImageInformation>
			<fileName>/tmp/tess_mmtdzxz9_input.PNG</fileName>
		</sourceImageInformation>
		<OCRProcessing ID="OCR_0">
			<ocrProcessingStep>
				<processingSoftware>
					<softwareName>tesseract 5.3.4</softwareName>
				</processingSoftware>
			</ocrProcessingStep>
		</OCRProcessing>
	</Description>
	<Layout>
		<Page WIDTH="1031" HEIGHT="1678" PHYSICAL_IMG_NR="0" ID="page_0">
			<PrintSpace HPOS="0" VPOS="0" WIDTH="1031" HEIGHT="1678">
				<ComposedBlock ID="cblock_0" HPOS="233" VPOS="126" WIDTH="42" HEIGHT="21">
					<TextBlock ID="block_0" HPOS="233" VPOS="126" WIDTH="42" HEIGHT="21">
						<TextLine ID="line_0" HPOS="233" VPOS="126" WIDTH="42" HEIGHT="21">
							<String ID="string_0" HPOS="233" VPOS="126" WIDTH="42" HEIGHT="21" WC="0.96" CONTENT="110"/>
						</TextLine>
					</TextBlock>
				</ComposedBlock>
				<ComposedBlock ID="cblock_1" HPOS="203" VPOS="192" WIDTH="763" HEIGHT="235">
					<TextBlock ID="block_1" HPOS="203" VPOS="192" WIDTH="763" HEIGHT="194">
						<TextLine ID="line_1" HPOS="273" VPOS="192" WIDTH="692" HEIGHT="29">
							<String ID="string_1" HPOS="273" VPOS="192" WIDTH="11" HEIGHT="21" WC="0.96" CONTENT="I"/><SP WIDTH="16" VPOS="192" HPOS="284"/>
							<String ID="string_2" HPOS="300" VPOS="192" WIDTH="97" HEIGHT="27" WC="0.96" CONTENT="enlighet"/><SP WIDTH="14" VPOS="192" HPOS="397"/>
							<String ID="string_3" HPOS="411" VPOS="192" WIDTH="89" HEIGHT="22" WC="0.96" CONTENT="härmed"/><SP WIDTH="18" VPOS="192" HPOS="500"/>
							<String ID="string_4" HPOS="518" VPOS="193" WIDTH="39" HEIGHT="21" WC="0.96" CONTENT="och"/><SP WIDTH="15" VPOS="193" HPOS="557"/>
							<String ID="string_5" HPOS="572" VPOS="193" WIDTH="50" HEIGHT="21" WC="0.96" CONTENT="med"/><SP WIDTH="17" VPOS="193" HPOS="622"/>
							<String ID="string_6" HPOS="639" VPOS="195" WIDTH="32" HEIGHT="19" WC="0.95" CONTENT="ett"/><SP WIDTH="16" VPOS="195" HPOS="671"/>
							<String ID="string_7" HPOS="687" VPOS="193" WIDTH="110" HEIGHT="28" WC="0.96" CONTENT="särskildt,"/><SP WIDTH="10" VPOS="193" HPOS="797"/>
							<String ID="string_8" HPOS="807" VPOS="193" WIDTH="23" HEIGHT="22" WC="0.93" CONTENT="af"/><SP WIDTH="11" VPOS="193" HPOS="830"/>
							<String ID="string_9" HPOS="841" VPOS="194" WIDTH="124" HEIGHT="22" WC="0.92" CONTENT="Medicinal-"/>
						</TextLine>
						<TextLine ID="line_2" HPOS="203" VPOS="226" WIDTH="763" HEIGHT="29">
							<String ID="string_10" HPOS="203" VPOS="226" WIDTH="108" HEIGHT="27" WC="0.96" CONTENT="styrelsen"/><SP WIDTH="19" VPOS="226" HPOS="311"/>
							<String ID="string_11" HPOS="330" VPOS="227" WIDTH="7" HEIGHT="20" WC="0.96" CONTENT="i"/><SP WIDTH="20" VPOS="227" HPOS="337"/>
							<String ID="string_12" HPOS="357" VPOS="227" WIDTH="85" HEIGHT="21" WC="0.96" CONTENT="samråd"/><SP WIDTH="20" VPOS="227" HPOS="442"/>
							<String ID="string_13" HPOS="462" VPOS="227" WIDTH="50" HEIGHT="22" WC="0.96" CONTENT="med"/><SP WIDTH="19" VPOS="227" HPOS="512"/>
							<String ID="string_14" HPOS="531" VPOS="227" WIDTH="139" HEIGHT="22" WC="0.95" CONTENT="Guvernören"/><SP WIDTH="17" VPOS="227" HPOS="670"/>
							<String ID="string_15" HPOS="687" VPOS="227" WIDTH="61" HEIGHT="22" WC="0.96" CONTENT="öfver"/><SP WIDTH="14" VPOS="227" HPOS="748"/>
							<String ID="string_16" HPOS="762" VPOS="228" WIDTH="96" HEIGHT="27" WC="0.96" CONTENT="Nylands"/><SP WIDTH="15" VPOS="228" HPOS="858"/>
							<String ID="string_17" HPOS="873" VPOS="229" WIDTH="43" HEIGHT="25" WC="0.93" CONTENT="län,"/><SP WIDTH="16" VPOS="229" HPOS="916"/>
							<String ID="string_18" HPOS="932" VPOS="231" WIDTH="34" HEIGHT="20" WC="0.92" CONTENT="ut-"/>
						</TextLine>
						<TextLine ID="line_3" HPOS="205" VPOS="260" WIDTH="761" HEIGHT="29">
							<String ID="string_19" HPOS="205" VPOS="260" WIDTH="88" HEIGHT="22" WC="0.91" CONTENT="färdadt"/><SP WIDTH="15" VPOS="260" HPOS="293"/>
							<String ID="string_20" HPOS="308" VPOS="261" WIDTH="130" HEIGHT="26" WC="0.96" CONTENT="reglemente"/><SP WIDTH="16" VPOS="261" HPOS="438"/>
							<String ID="string_21" HPOS="454" VPOS="261" WIDTH="33" HEIGHT="22" WC="0.96" CONTENT="för"/><SP WIDTH="16" VPOS="261" HPOS="487"/>
							<String ID="string_22" HPOS="503" VPOS="262" WIDTH="41" HEIGHT="21" WC="0.96" CONTENT="den"/><SP WIDTH="16" VPOS="262" HPOS="544"/>
							<String ID="string_23" HPOS="560" VPOS="262" WIDTH="21" HEIGHT="21" WC="0.96" CONTENT="af"/><SP WIDTH="14" VPOS="262" HPOS="581"/>
							<String ID="string_24" HPOS="595" VPOS="262" WIDTH="123" HEIGHT="27" WC="0.96" CONTENT="Kejserliga"/><SP WIDTH="17" VPOS="262" HPOS="718"/>
							<String ID="string_25" HPOS="735" VPOS="262" WIDTH="94" HEIGHT="22" WC="0.93" CONTENT="Senaten"/><SP WIDTH="16" VPOS="262" HPOS="829"/>
							<String ID="string_26" HPOS="845" VPOS="263" WIDTH="121" HEIGHT="22" WC="0.91" CONTENT="anbefallda"/>
						</TextLine>
						<TextLine ID="line_4" HPOS="203" VPOS="295" WIDTH="762" HEIGHT="28">
							<String ID="string_27" HPOS="203" VPOS="295" WIDTH="205" HEIGHT="28" WC="0.91" CONTENT="besigtningsbyrån"/><SP WIDTH="22" VPOS="295" HPOS="408"/>
							<String ID="string_28" HPOS="430" VPOS="296" WIDTH="40" HEIGHT="21" WC="0.96" CONTENT="har"/><SP WIDTH="18" VPOS="296" HPOS="470"/>
							<String ID="string_29" HPOS="488" VPOS="303" WIDTH="28" HEIGHT="14" WC="0.96" CONTENT="nu"/><SP WIDTH="22" VPOS="303" HPOS="516"/>
							<String ID="string_30" HPOS="538" VPOS="297" WIDTH="169" HEIGHT="26" WC="0.96" CONTENT="prostitutionen"/><SP WIDTH="21" VPOS="297" HPOS="707"/>
							<String ID="string_31" HPOS="728" VPOS="296" WIDTH="40" HEIGHT="22" WC="0.94" CONTENT="här"/><SP WIDTH="15" VPOS="296" HPOS="768"/>
							<String ID="string_32" HPOS="783" VPOS="297" WIDTH="7" HEIGHT="21" WC="0.93" CONTENT="i"/><SP WIDTH="15" VPOS="297" HPOS="790"/>
							<String ID="string_33" HPOS="805" VPOS="297" WIDTH="160" HEIGHT="23" WC="0.91" CONTENT="hufvudstaden"/>
						</TextLine>
						<TextLine ID="line_5" HPOS="205" VPOS="330" WIDTH="761" HEIGHT="24">
							<String ID="string_34" HPOS="205" VPOS="330" WIDTH="58" HEIGHT="20" WC="0.91" CONTENT="varit"/><SP WIDTH="14" VPOS="330" HPOS="263"/>
							<String ID="string_35" HPOS="277" VPOS="330" WIDTH="149" HEIGHT="21" WC="0.95" CONTENT="kontrollerad"/><SP WIDTH="16" VPOS="330" HPOS="426"/>
							<String ID="string_36" HPOS="442" VPOS="331" WIDTH="38" HEIGHT="20" WC="0.96" CONTENT="allt"/><SP WIDTH="15" VPOS="331" HPOS="480"/>
							<String ID="string_37" HPOS="495" VPOS="330" WIDTH="54" HEIGHT="21" WC="0.96" CONTENT="intill"/><SP WIDTH="14" VPOS="330" HPOS="549"/>
							<String ID="string_38" HPOS="563" VPOS="331" WIDTH="136" HEIGHT="21" WC="0.96" CONTENT="närvarande"/><SP WIDTH="16" VPOS="331" HPOS="699"/>
							<String ID="string_39" HPOS="715" VPOS="331" WIDTH="32" HEIGHT="21" WC="0.96" CONTENT="tid"/><SP WIDTH="15" VPOS="331" HPOS="747"/>
							<String ID="string_40" HPOS="762" VPOS="331" WIDTH="53" HEIGHT="22" WC="0.96" CONTENT="eller"/><SP WIDTH="10" VPOS="331" HPOS="815"/>
							<String ID="string_41" HPOS="825" VPOS="333" WIDTH="69" HEIGHT="20" WC="0.96" CONTENT="under"/><SP WIDTH="11" VPOS="333" HPOS="894"/>
							<String ID="string_42" HPOS="905" VPOS="335" WIDTH="61" HEIGHT="19" WC="0.96" CONTENT="snart"/>
						</TextLine>
						<TextLine ID="line_6" HPOS="209" VPOS="363" WIDTH="107" HEIGHT="23">
							<String ID="string_43" HPOS="209" VPOS="363" WIDTH="56" HEIGHT="23" WC="0.93" CONTENT="elfva"/><SP WIDTH="21" VPOS="363" HPOS="265"/>
							<String ID="string_44" HPOS="286" VPOS="364" WIDTH="30" HEIGHT="21" WC="0.96" CONTENT="år."/>
						</TextLine>
					</TextBlock>
					<TextBlock ID="block_2" HPOS="272" VPOS="398" WIDTH="611" HEIGHT="29">
						<TextLine ID="line_7" HPOS="272" VPOS="398" WIDTH="611" HEIGHT="29">
							<String ID="string_45" HPOS="272" VPOS="398" WIDTH="57" HEIGHT="27" WC="0.96" CONTENT="Nyss"/><SP WIDTH="16" VPOS="398" HPOS="329"/>
							<String ID="string_46" HPOS="345" VPOS="398" WIDTH="93" HEIGHT="22" WC="0.96" CONTENT="berörda"/><SP WIDTH="15" VPOS="398" HPOS="438"/>
							<String ID="string_47" HPOS="453" VPOS="399" WIDTH="130" HEIGHT="27" WC="0.96" CONTENT="reglemente"/><SP WIDTH="17" VPOS="399" HPOS="583"/>
							<String ID="string_48" HPOS="600" VPOS="401" WIDTH="24" HEIGHT="19" WC="0.95" CONTENT="är"/><SP WIDTH="16" VPOS="401" HPOS="624"/>
							<String ID="string_49" HPOS="640" VPOS="399" WIDTH="22" HEIGHT="21" WC="0.95" CONTENT="af"/><SP WIDTH="19" VPOS="399" HPOS="662"/>
							<String ID="string_50" HPOS="681" VPOS="399" WIDTH="95" HEIGHT="28" WC="0.96" CONTENT="följande"/><SP WIDTH="15" VPOS="399" HPOS="776"/>
							<String ID="string_51" HPOS="791" VPOS="400" WIDTH="92" HEIGHT="27" WC="0.96" CONTENT="lydelse:"/>
						</TextLine>
					</TextBlock>
				</ComposedBlock>
				<ComposedBlock ID="cblock_2" HPOS="261" VPOS="473" WIDTH="644" HEIGHT="147">
					<TextBlock ID="block_3" HPOS="261" VPOS="473" WIDTH="644" HEIGHT="147">
						<TextLine ID="line_8" HPOS="261" VPOS="473" WIDTH="644" HEIGHT="30">
							<String ID="string_52" HPOS="261" VPOS="473" WIDTH="159" HEIGHT="29" WC="0.74" CONTENT="»Reglemente"/><SP WIDTH="19" VPOS="473" HPOS="420"/>
							<String ID="string_53" HPOS="439" VPOS="473" WIDTH="36" HEIGHT="22" WC="0.96" CONTENT="för"/><SP WIDTH="15" VPOS="473" HPOS="475"/>
							<String ID="string_54" HPOS="490" VPOS="479" WIDTH="27" HEIGHT="16" WC="0.93" CONTENT="en"/><SP WIDTH="19" VPOS="479" HPOS="517"/>
							<String ID="string_55" HPOS="536" VPOS="473" WIDTH="197" HEIGHT="29" WC="0.91" CONTENT="besigtningsbyrå"/><SP WIDTH="18" VPOS="473" HPOS="733"/>
							<String ID="string_56" HPOS="751" VPOS="474" WIDTH="9" HEIGHT="22" WC="0.93" CONTENT="i"/><SP WIDTH="16" VPOS="474" HPOS="760"/>
							<String ID="string_57" HPOS="776" VPOS="475" WIDTH="129" HEIGHT="28" WC="0.91" CONTENT="Helsigfors."/>
						</TextLine>
						<TextLine ID="line_9" HPOS="539" VPOS="515" WIDTH="97" HEIGHT="20">
							<String ID="string_58" HPOS="539" VPOS="515" WIDTH="60" HEIGHT="20" WC="0.95" CONTENT="KAP."/><SP WIDTH="21" VPOS="515" HPOS="599"/>
							<String ID="string_59" HPOS="620" VPOS="518" WIDTH="16" HEIGHT="17" WC="0.91" CONTENT="I"/>
						</TextLine>
						<TextLine ID="line_10" HPOS="445" VPOS="558" WIDTH="284" HEIGHT="23">
							<String ID="string_60" HPOS="445" VPOS="558" WIDTH="37" HEIGHT="17" WC="0.93" CONTENT="Om"/><SP WIDTH="15" VPOS="558" HPOS="482"/>
							<String ID="string_61" HPOS="497" VPOS="558" WIDTH="232" HEIGHT="23" WC="0.91" CONTENT="besigtningsbyrån."/>
						</TextLine>
						<TextLine ID="line_11" HPOS="558" VPOS="598" WIDTH="42" HEIGHT="22">
							<String ID="string_62" HPOS="558" VPOS="598" WIDTH="9" HEIGHT="22" WC="0.81" CONTENT="$"/><SP WIDTH="16" VPOS="598" HPOS="567"/>
							<String ID="string_63" HPOS="583" VPOS="598" WIDTH="17" HEIGHT="18" WC="0.87" CONTENT="1."/>
						</TextLine>
					</TextBlock>
				</ComposedBlock>
				<ComposedBlock ID="cblock_3" HPOS="200" VPOS="645" WIDTH="764" HEIGHT="196">
					<TextBlock ID="block_4" HPOS="200" VPOS="645" WIDTH="764" HEIGHT="196">
						<TextLine ID="line_12" HPOS="271" VPOS="645" WIDTH="692" HEIGHT="24">
							<String ID="string_64" HPOS="271" VPOS="645" WIDTH="181" HEIGHT="24" WC="0.90" CONTENT="Besigtningsbyrån,"/><SP WIDTH="16" VPOS="645" HPOS="452"/>
							<String ID="string_65" HPOS="468" VPOS="646" WIDTH="54" HEIGHT="17" WC="0.96" CONTENT="hvars"/><SP WIDTH="12" VPOS="646" HPOS="522"/>
							<String ID="string_66" HPOS="534" VPOS="646" WIDTH="84" HEIGHT="17" WC="0.96" CONTENT="ändamål"/><SP WIDTH="16" VPOS="646" HPOS="618"/>
							<String ID="string_67" HPOS="634" VPOS="647" WIDTH="21" HEIGHT="16" WC="0.96" CONTENT="är"/><SP WIDTH="15" VPOS="647" HPOS="655"/>
							<String ID="string_68" HPOS="670" VPOS="647" WIDTH="28" HEIGHT="16" WC="0.93" CONTENT="att"/><SP WIDTH="11" VPOS="647" HPOS="698"/>
							<String ID="string_69" HPOS="709" VPOS="645" WIDTH="99" HEIGHT="18" WC="0.92" CONTENT="öfvervaka"/><SP WIDTH="12" VPOS="645" HPOS="808"/>
							<String ID="string_70" HPOS="820" VPOS="645" WIDTH="143" HEIGHT="24" WC="0.95" CONTENT="prostitutionen"/>
						</TextLine>
						<TextLine ID="line_13" HPOS="201" VPOS="679" WIDTH="762" HEIGHT="23">
							<String ID="string_71" HPOS="201" VPOS="679" WIDTH="35" HEIGHT="18" WC="0.95" CONTENT="och"/><SP WIDTH="19" VPOS="679" HPOS="236"/>
							<String ID="string_72" HPOS="255" VPOS="679" WIDTH="74" HEIGHT="18" WC="0.93" CONTENT="hämma"/><SP WIDTH="20" VPOS="679" HPOS="329"/>
							<String ID="string_73" HPOS="349" VPOS="680" WIDTH="95" HEIGHT="17" WC="0.87" CONTENT="veneriska"/><SP WIDTH="20" VPOS="680" HPOS="444"/>
							<String ID="string_74" HPOS="464" VPOS="680" WIDTH="113" HEIGHT="22" WC="0.96" CONTENT="sjukdomars"/><SP WIDTH="15" VPOS="680" HPOS="577"/>
							<String ID="string_75" HPOS="592" VPOS="680" WIDTH="105" HEIGHT="22" WC="0.96" CONTENT="spridande,"/><SP WIDTH="18" VPOS="680" HPOS="697"/>
							<String ID="string_76" HPOS="715" VPOS="680" WIDTH="62" HEIGHT="17" WC="0.96" CONTENT="består"/><SP WIDTH="15" VPOS="680" HPOS="777"/>
							<String ID="string_77" HPOS="792" VPOS="680" WIDTH="19" HEIGHT="16" WC="0.96" CONTENT="af"/><SP WIDTH="13" VPOS="680" HPOS="811"/>
							<String ID="string_78" HPOS="824" VPOS="685" WIDTH="23" HEIGHT="12" WC="0.96" CONTENT="en"/><SP WIDTH="15" VPOS="685" HPOS="847"/>
							<String ID="string_79" HPOS="862" VPOS="680" WIDTH="101" HEIGHT="17" WC="0.96" CONTENT="medicinsk"/>
						</TextLine>
						<TextLine ID="line_14" HPOS="201" VPOS="714" WIDTH="763" HEIGHT="23">
							<String ID="string_80" HPOS="201" VPOS="714" WIDTH="34" HEIGHT="18" WC="0.96" CONTENT="och"/><SP WIDTH="16" VPOS="714" HPOS="235"/>
							<String ID="string_81" HPOS="251" VPOS="720" WIDTH="23" HEIGHT="11" WC="0.93" CONTENT="en"/><SP WIDTH="15" VPOS="720" HPOS="274"/>
							<String ID="string_82" HPOS="289" VPOS="714" WIDTH="147" HEIGHT="23" WC="0.90" CONTENT="polisafdelning."/><SP WIDTH="29" VPOS="714" HPOS="436"/>
							<String ID="string_83" HPOS="465" VPOS="715" WIDTH="40" HEIGHT="17" WC="0.95" CONTENT="Den"/><SP WIDTH="15" VPOS="715" HPOS="505"/>
							<String ID="string_84" HPOS="520" VPOS="714" WIDTH="112" HEIGHT="18" WC="0.95" CONTENT="medicinska"/><SP WIDTH="15" VPOS="714" HPOS="632"/>
							<String ID="string_85" HPOS="647" VPOS="714" WIDTH="119" HEIGHT="22" WC="0.96" CONTENT="afdelningen"/><SP WIDTH="17" VPOS="714" HPOS="766"/>
							<String ID="string_86" HPOS="783" VPOS="716" WIDTH="72" HEIGHT="20" WC="0.96" CONTENT="utgöres"/><SP WIDTH="12" VPOS="716" HPOS="855"/>
							<String ID="string_87" HPOS="867" VPOS="714" WIDTH="20" HEIGHT="17" WC="0.96" CONTENT="af"/><SP WIDTH="10" VPOS="714" HPOS="887"/>
							<String ID="string_88" HPOS="897" VPOS="720" WIDTH="23" HEIGHT="11" WC="0.93" CONTENT="en"/><SP WIDTH="12" VPOS="720" HPOS="920"/>
							<String ID="string_89" HPOS="932" VPOS="714" WIDTH="32" HEIGHT="17" WC="0.88" CONTENT="be-"/>
						</TextLine>
						<TextLine ID="line_15" HPOS="201" VPOS="748" WIDTH="763" HEIGHT="23">
							<String ID="string_90" HPOS="201" VPOS="748" WIDTH="160" HEIGHT="23" WC="0.91" CONTENT="sigtningsläkare."/><SP WIDTH="20" VPOS="748" HPOS="361"/>
							<String ID="string_91" HPOS="381" VPOS="749" WIDTH="166" HEIGHT="22" WC="0.86" CONTENT="Polisafdelningen"/><SP WIDTH="16" VPOS="749" HPOS="547"/>
							<String ID="string_92" HPOS="563" VPOS="749" WIDTH="39" HEIGHT="17" WC="0.96" CONTENT="står"/><SP WIDTH="14" VPOS="749" HPOS="602"/>
							<String ID="string_93" HPOS="616" VPOS="749" WIDTH="59" HEIGHT="17" WC="0.93" CONTENT="under"/><SP WIDTH="15" VPOS="749" HPOS="675"/>
							<String ID="string_94" HPOS="690" VPOS="749" WIDTH="87" HEIGHT="17" WC="0.91" CONTENT="inseende"/><SP WIDTH="16" VPOS="749" HPOS="777"/>
							<String ID="string_95" HPOS="793" VPOS="748" WIDTH="20" HEIGHT="18" WC="0.93" CONTENT="af"/><SP WIDTH="13" VPOS="748" HPOS="813"/>
							<String ID="string_96" HPOS="826" VPOS="749" WIDTH="138" HEIGHT="17" WC="0.93" CONTENT="kommissarien"/>
						</TextLine>
						<TextLine ID="line_16" HPOS="200" VPOS="782" WIDTH="763" HEIGHT="24">
							<String ID="string_97" HPOS="200" VPOS="782" WIDTH="29" HEIGHT="18" WC="0.93" CONTENT="för"/><SP WIDTH="15" VPOS="782" HPOS="229"/>
							<String ID="string_98" HPOS="244" VPOS="783" WIDTH="96" HEIGHT="17" WC="0.91" CONTENT="detektiva"/><SP WIDTH="15" VPOS="783" HPOS="340"/>
							<String ID="string_99" HPOS="355" VPOS="784" WIDTH="76" HEIGHT="22" WC="0.96" CONTENT="polisen,"/><SP WIDTH="15" VPOS="784" HPOS="431"/>
							<String ID="string_100" HPOS="446" VPOS="789" WIDTH="38" HEIGHT="12" WC="0.96" CONTENT="som"/><SP WIDTH="15" VPOS="789" HPOS="484"/>
							<String ID="string_101" HPOS="499" VPOS="784" WIDTH="7" HEIGHT="16" WC="0.93" CONTENT="i"/><SP WIDTH="15" VPOS="784" HPOS="506"/>
							<String ID="string_102" HPOS="521" VPOS="783" WIDTH="103" HEIGHT="23" WC="0.90" CONTENT="sysslandet"/><SP WIDTH="14" VPOS="783" HPOS="624"/>
							<String ID="string_103" HPOS="638" VPOS="784" WIDTH="83" HEIGHT="16" WC="0.92" CONTENT="biträdes"/><SP WIDTH="16" VPOS="784" HPOS="721"/>
							<String ID="string_104" HPOS="737" VPOS="783" WIDTH="20" HEIGHT="17" WC="0.96" CONTENT="af"/><SP WIDTH="12" VPOS="783" HPOS="757"/>
							<String ID="string_105" HPOS="769" VPOS="783" WIDTH="28" HEIGHT="17" WC="0.96" CONTENT="för"/><SP WIDTH="15" VPOS="783" HPOS="797"/>
							<String ID="string_106" HPOS="812" VPOS="784" WIDTH="104" HEIGHT="16" WC="0.93" CONTENT="ändamålet"/><SP WIDTH="15" VPOS="784" HPOS="916"/>
							<String ID="string_107" HPOS="931" VPOS="789" WIDTH="32" HEIGHT="11" WC="0.90" CONTENT="an-"/>
						</TextLine>
						<TextLine ID="line_17" HPOS="201" VPOS="818" WIDTH="466" HEIGHT="23">
							<String ID="string_108" HPOS="201" VPOS="820" WIDTH="56" HEIGHT="20" WC="0.90" CONTENT="tagne"/><SP WIDTH="14" VPOS="820" HPOS="257"/>
							<String ID="string_109" HPOS="271" VPOS="823" WIDTH="24" HEIGHT="11" WC="0.92" CONTENT="en"/><SP WIDTH="16" VPOS="823" HPOS="295"/>
							<String ID="string_110" HPOS="311" VPOS="818" WIDTH="147" HEIGHT="22" WC="0.89" CONTENT="öfverkonstapel"/><SP WIDTH="16" VPOS="818" HPOS="458"/>
							<String ID="string_111" HPOS="474" VPOS="818" WIDTH="34" HEIGHT="18" WC="0.96" CONTENT="och"/><SP WIDTH="14" VPOS="818" HPOS="508"/>
							<String ID="string_112" HPOS="522" VPOS="824" WIDTH="23" HEIGHT="11" WC="0.95" CONTENT="en"/><SP WIDTH="19" VPOS="824" HPOS="545"/>
							<String ID="string_113" HPOS="564" VPOS="818" WIDTH="103" HEIGHT="23" WC="0.95" CONTENT="konstapel."/>
						</TextLine>
					</TextBlock>
				</ComposedBlock>
				<ComposedBlock ID="cblock_4" HPOS="556" VPOS="868" WIDTH="49" HEIGHT="23">
					<TextBlock ID="block_5" HPOS="556" VPOS="868" WIDTH="49" HEIGHT="23">
						<TextLine ID="line_18" HPOS="556" VPOS="868" WIDTH="49" HEIGHT="23">
							<String ID="string_114" HPOS="556" VPOS="869" WIDTH="10" HEIGHT="22" WC="0.92" CONTENT="s"/><SP WIDTH="20" VPOS="869" HPOS="566"/>
							<String ID="string_115" HPOS="586" VPOS="868" WIDTH="19" HEIGHT="18" WC="0.94" CONTENT="2."/>
						</TextLine>
					</TextBlock>
				</ComposedBlock>
				<ComposedBlock ID="cblock_5" HPOS="198" VPOS="904" WIDTH="768" HEIGHT="552">
					<TextBlock ID="block_6" HPOS="200" VPOS="904" WIDTH="763" HEIGHT="104">
						<TextLine ID="line_19" HPOS="270" VPOS="904" WIDTH="693" HEIGHT="34">
							<String ID="string_116" HPOS="270" VPOS="915" WIDTH="151" HEIGHT="22" WC="0.59" CONTENT="Kommissarien,"/><SP WIDTH="16" VPOS="915" HPOS="421"/>
							<String ID="string_117" HPOS="437" VPOS="916" WIDTH="73" HEIGHT="17" WC="0.96" CONTENT="hvilken"/><SP WIDTH="16" VPOS="916" HPOS="510"/>
							<String ID="string_118" HPOS="526" VPOS="916" WIDTH="23" HEIGHT="22" WC="0.93" CONTENT="pä"/><SP WIDTH="15" VPOS="916" HPOS="549"/>
							<String ID="string_119" HPOS="564" VPOS="916" WIDTH="153" HEIGHT="17" WC="0.91" CONTENT="Polismästarens"/><SP WIDTH="16" VPOS="916" HPOS="717"/>
							<String ID="string_120" HPOS="733" VPOS="904" WIDTH="68" HEIGHT="34" WC="0.89" CONTENT="förslag"/><SP WIDTH="14" VPOS="904" HPOS="801"/>
							<String ID="string_121" HPOS="815" VPOS="916" WIDTH="29" HEIGHT="16" WC="0.96" CONTENT="till"/><SP WIDTH="15" VPOS="916" HPOS="844"/>
							<String ID="string_122" HPOS="859" VPOS="915" WIDTH="34" HEIGHT="17" WC="0.93" CONTENT="och"/><SP WIDTH="15" VPOS="915" HPOS="893"/>
							<String ID="string_123" HPOS="908" VPOS="915" WIDTH="55" HEIGHT="17" WC="0.92" CONTENT="afsät-"/>
						</TextLine>
						<TextLine ID="line_20" HPOS="200" VPOS="949" WIDTH="762" HEIGHT="23">
							<String ID="string_124" HPOS="200" VPOS="951" WIDTH="28" HEIGHT="15" WC="0.96" CONTENT="tes"/><SP WIDTH="15" VPOS="951" HPOS="228"/>
							<String ID="string_125" HPOS="243" VPOS="949" WIDTH="21" HEIGHT="17" WC="0.93" CONTENT="af"/><SP WIDTH="13" VPOS="949" HPOS="264"/>
							<String ID="string_126" HPOS="277" VPOS="950" WIDTH="125" HEIGHT="21" WC="0.95" CONTENT="Guvernören,"/><SP WIDTH="20" VPOS="950" HPOS="402"/>
							<String ID="string_127" HPOS="422" VPOS="950" WIDTH="69" HEIGHT="22" WC="0.92" CONTENT="åligger"/><SP WIDTH="17" VPOS="950" HPOS="491"/>
							<String ID="string_128" HPOS="508" VPOS="950" WIDTH="43" HEIGHT="22" WC="0.96" CONTENT="sjelf"/><SP WIDTH="12" VPOS="950" HPOS="551"/>
							<String ID="string_129" HPOS="563" VPOS="950" WIDTH="45" HEIGHT="17" WC="0.95" CONTENT="eller"/><SP WIDTH="14" VPOS="950" HPOS="608"/>
							<String ID="string_130" HPOS="622" VPOS="955" WIDTH="67" HEIGHT="17" WC="0.93" CONTENT="genom"/><SP WIDTH="16" VPOS="955" HPOS="689"/>
							<String ID="string_131" HPOS="705" VPOS="950" WIDTH="136" HEIGHT="22" WC="0.93" CONTENT="underlydande"/><SP WIDTH="16" VPOS="950" HPOS="841"/>
							<String ID="string_132" HPOS="857" VPOS="950" WIDTH="105" HEIGHT="22" WC="0.91" CONTENT="betjening:"/>
						</TextLine>
						<TextLine ID="line_21" HPOS="272" VPOS="984" WIDTH="691" HEIGHT="24">
							<String ID="string_133" HPOS="272" VPOS="984" WIDTH="29" HEIGHT="18" WC="0.66" CONTENT="1:o"/><SP WIDTH="16" VPOS="984" HPOS="301"/>
							<String ID="string_134" HPOS="317" VPOS="987" WIDTH="28" HEIGHT="15" WC="0.96" CONTENT="att"/><SP WIDTH="15" VPOS="987" HPOS="345"/>
							<String ID="string_135" HPOS="360" VPOS="985" WIDTH="29" HEIGHT="17" WC="0.93" CONTENT="till"/><SP WIDTH="15" VPOS="985" HPOS="389"/>
							<String ID="string_136" HPOS="404" VPOS="985" WIDTH="176" HEIGHT="23" WC="0.93" CONTENT="polismyndigheten"/><SP WIDTH="16" VPOS="985" HPOS="580"/>
							<String ID="string_137" HPOS="596" VPOS="984" WIDTH="67" HEIGHT="23" WC="0.91" CONTENT="afgifva"/><SP WIDTH="15" VPOS="984" HPOS="663"/>
							<String ID="string_138" HPOS="678" VPOS="986" WIDTH="78" HEIGHT="21" WC="0.96" CONTENT="rapport"/><SP WIDTH="10" VPOS="986" HPOS="756"/>
							<String ID="string_139" HPOS="766" VPOS="990" WIDTH="29" HEIGHT="12" WC="0.93" CONTENT="om"/><SP WIDTH="9" VPOS="990" HPOS="795"/>
							<String ID="string_140" HPOS="804" VPOS="984" WIDTH="159" HEIGHT="22" WC="0.85" CONTENT="besigtningarne"/><SP WIDTH="-7" VPOS="984" HPOS="963"/>
							<String ID="string_141" HPOS="956" VPOS="980" WIDTH="11" HEIGHT="32" WC="0.85" CONTENT=";"/>
						</TextLine>
					</TextBlock>
					<TextBlock ID="block_7" HPOS="199" VPOS="1017" WIDTH="763" HEIGHT="94">
						<TextLine ID="line_22" HPOS="271" VPOS="1017" WIDTH="691" HEIGHT="25">
							<String ID="string_142" HPOS="271" VPOS="1017" WIDTH="30" HEIGHT="20" WC="0.70" CONTENT="2:0"/><SP WIDTH="16" VPOS="1017" HPOS="301"/>
							<String ID="string_143" HPOS="317" VPOS="1021" WIDTH="28" HEIGHT="16" WC="0.92" CONTENT="att"/><SP WIDTH="20" VPOS="1021" HPOS="345"/>
							<String ID="string_144" HPOS="365" VPOS="1019" WIDTH="77" HEIGHT="17" WC="0.93" CONTENT="insända"/><SP WIDTH="18" VPOS="1019" HPOS="442"/>
							<String ID="string_145" HPOS="460" VPOS="1020" WIDTH="84" HEIGHT="22" WC="0.92" CONTENT="gvinnor,"/><SP WIDTH="15" VPOS="1020" HPOS="544"/>
							<String ID="string_146" HPOS="559" VPOS="1019" WIDTH="62" HEIGHT="17" WC="0.96" CONTENT="hvilka"/><SP WIDTH="15" VPOS="1019" HPOS="621"/>
							<String ID="string_147" HPOS="636" VPOS="1019" WIDTH="31" HEIGHT="17" WC="0.93" CONTENT="vid"/><SP WIDTH="15" VPOS="1019" HPOS="667"/>
							<String ID="string_148" HPOS="682" VPOS="1019" WIDTH="107" HEIGHT="22" WC="0.93" CONTENT="besigtning"/><SP WIDTH="14" VPOS="1019" HPOS="789"/>
							<String ID="string_149" HPOS="803" VPOS="1019" WIDTH="82" HEIGHT="17" WC="0.93" CONTENT="befinnas"/><SP WIDTH="15" VPOS="1019" HPOS="885"/>
							<String ID="string_150" HPOS="900" VPOS="1018" WIDTH="62" HEIGHT="18" WC="0.92" CONTENT="behäf-"/>
						</TextLine>
						<TextLine ID="line_23" HPOS="199" VPOS="1053" WIDTH="763" HEIGHT="23">
							<String ID="string_151" HPOS="199" VPOS="1053" WIDTH="43" HEIGHT="17" WC="0.93" CONTENT="tade"/><SP WIDTH="16" VPOS="1053" HPOS="242"/>
							<String ID="string_152" HPOS="258" VPOS="1054" WIDTH="42" HEIGHT="17" WC="0.96" CONTENT="med"/><SP WIDTH="15" VPOS="1054" HPOS="300"/>
							<String ID="string_153" HPOS="315" VPOS="1054" WIDTH="45" HEIGHT="17" WC="0.93" CONTENT="eller"/><SP WIDTH="15" VPOS="1054" HPOS="360"/>
							<String ID="string_154" HPOS="375" VPOS="1054" WIDTH="109" HEIGHT="17" WC="0.93" CONTENT="misstänkta"/><SP WIDTH="14" VPOS="1054" HPOS="484"/>
							<String ID="string_155" HPOS="498" VPOS="1054" WIDTH="28" HEIGHT="17" WC="0.93" CONTENT="för"/><SP WIDTH="15" VPOS="1054" HPOS="526"/>
							<String ID="string_156" HPOS="541" VPOS="1054" WIDTH="84" HEIGHT="17" WC="0.91" CONTENT="venerisk"/><SP WIDTH="15" VPOS="1054" HPOS="625"/>
							<String ID="string_157" HPOS="640" VPOS="1053" WIDTH="91" HEIGHT="23" WC="0.94" CONTENT="sjukdom,"/><SP WIDTH="16" VPOS="1053" HPOS="731"/>
							<String ID="string_158" HPOS="747" VPOS="1053" WIDTH="29" HEIGHT="18" WC="0.95" CONTENT="till"/><SP WIDTH="11" VPOS="1053" HPOS="776"/>
							<String ID="string_159" HPOS="787" VPOS="1053" WIDTH="92" HEIGHT="18" WC="0.93" CONTENT="allmänna"/><SP WIDTH="10" VPOS="1053" HPOS="879"/>
							<String ID="string_160" HPOS="889" VPOS="1053" WIDTH="73" HEIGHT="23" WC="0.92" CONTENT="sjukhu-"/>
						</TextLine>
						<TextLine ID="line_24" HPOS="200" VPOS="1088" WIDTH="700" HEIGHT="23">
							<String ID="string_161" HPOS="200" VPOS="1089" WIDTH="37" HEIGHT="16" WC="0.93" CONTENT="sets"/><SP WIDTH="16" VPOS="1089" HPOS="237"/>
							<String ID="string_162" HPOS="253" VPOS="1088" WIDTH="96" HEIGHT="23" WC="0.88" CONTENT="syfilitiska"/><SP WIDTH="15" VPOS="1088" HPOS="349"/>
							<String ID="string_163" HPOS="364" VPOS="1088" WIDTH="93" HEIGHT="22" WC="0.89" CONTENT="afdelning"/><SP WIDTH="15" VPOS="1088" HPOS="457"/>
							<String ID="string_164" HPOS="472" VPOS="1088" WIDTH="27" HEIGHT="17" WC="0.96" CONTENT="för"/><SP WIDTH="15" VPOS="1088" HPOS="499"/>
							<String ID="string_165" HPOS="514" VPOS="1090" WIDTH="28" HEIGHT="15" WC="0.96" CONTENT="att"/><SP WIDTH="15" VPOS="1090" HPOS="542"/>
							<String ID="string_166" HPOS="557" VPOS="1089" WIDTH="33" HEIGHT="16" WC="0.93" CONTENT="der"/><SP WIDTH="15" VPOS="1089" HPOS="590"/>
							<String ID="string_167" HPOS="605" VPOS="1088" WIDTH="102" HEIGHT="17" WC="0.92" CONTENT="behandlas"/><SP WIDTH="16" VPOS="1088" HPOS="707"/>
							<String ID="string_168" HPOS="723" VPOS="1088" WIDTH="45" HEIGHT="17" WC="0.93" CONTENT="eller"/><SP WIDTH="15" VPOS="1088" HPOS="768"/>
							<String ID="string_169" HPOS="783" VPOS="1088" WIDTH="117" HEIGHT="21" WC="0.92" CONTENT="observeras;"/>
						</TextLine>
					</TextBlock>
					<TextBlock ID="block_8" HPOS="198" VPOS="1121" WIDTH="765" HEIGHT="160">
						<TextLine ID="line_25" HPOS="271" VPOS="1121" WIDTH="691" HEIGHT="24">
							<String ID="string_170" HPOS="271" VPOS="1121" WIDTH="30" HEIGHT="19" WC="0.76" CONTENT="3:o"/><SP WIDTH="16" VPOS="1121" HPOS="301"/>
							<String ID="string_171" HPOS="317" VPOS="1124" WIDTH="33" HEIGHT="21" WC="0.96" CONTENT="att,"/><SP WIDTH="20" VPOS="1124" HPOS="350"/>
							<String ID="string_172" HPOS="370" VPOS="1123" WIDTH="59" HEIGHT="22" WC="0.96" CONTENT="enligt"/><SP WIDTH="15" VPOS="1123" HPOS="429"/>
							<String ID="string_173" HPOS="444" VPOS="1123" WIDTH="91" HEIGHT="20" WC="0.93" CONTENT="formulär,"/><SP WIDTH="15" VPOS="1123" HPOS="535"/>
							<String ID="string_174" HPOS="550" VPOS="1123" WIDTH="119" HEIGHT="22" WC="0.92" CONTENT="inregistrera"/><SP WIDTH="15" VPOS="1123" HPOS="669"/>
							<String ID="string_175" HPOS="684" VPOS="1123" WIDTH="27" HEIGHT="16" WC="0.95" CONTENT="uti"/><SP WIDTH="15" VPOS="1123" HPOS="711"/>
							<String ID="string_176" HPOS="726" VPOS="1123" WIDTH="67" HEIGHT="22" WC="0.96" CONTENT="byråns"/><SP WIDTH="16" VPOS="1123" HPOS="793"/>
							<String ID="string_177" HPOS="809" VPOS="1123" WIDTH="84" HEIGHT="16" WC="0.93" CONTENT="matrikel"/><SP WIDTH="15" VPOS="1123" HPOS="893"/>
							<String ID="string_178" HPOS="908" VPOS="1122" WIDTH="54" HEIGHT="23" WC="0.91" CONTENT="gvin-"/>
						</TextLine>
						<TextLine ID="line_26" HPOS="198" VPOS="1157" WIDTH="763" HEIGHT="23">
							<String ID="string_179" HPOS="198" VPOS="1163" WIDTH="41" HEIGHT="16" WC="0.88" CONTENT="nor,"/><SP WIDTH="23" VPOS="1163" HPOS="239"/>
							<String ID="string_180" HPOS="262" VPOS="1157" WIDTH="63" HEIGHT="17" WC="0.96" CONTENT="hvilka"/><SP WIDTH="19" VPOS="1157" HPOS="325"/>
							<String ID="string_181" HPOS="344" VPOS="1157" WIDTH="59" HEIGHT="22" WC="0.93" CONTENT="enligt"/><SP WIDTH="19" VPOS="1157" HPOS="403"/>
							<String ID="string_182" HPOS="422" VPOS="1157" WIDTH="152" HEIGHT="17" WC="0.92" CONTENT="Polismästarens"/><SP WIDTH="20" VPOS="1157" HPOS="574"/>
							<String ID="string_183" HPOS="594" VPOS="1157" WIDTH="87" HEIGHT="23" WC="0.39" CONTENT="pröfniog"/><SP WIDTH="20" VPOS="1157" HPOS="681"/>
							<String ID="string_184" HPOS="701" VPOS="1158" WIDTH="31" HEIGHT="16" WC="0.87" CONTENT="äro"/><SP WIDTH="25" VPOS="1158" HPOS="732"/>
							<String ID="string_185" HPOS="757" VPOS="1157" WIDTH="204" HEIGHT="22" WC="0.81" CONTENT="besigtningsskyldiga,"/>
						</TextLine>
						<TextLine ID="line_27" HPOS="199" VPOS="1191" WIDTH="763" HEIGHT="21">
							<String ID="string_186" HPOS="199" VPOS="1193" WIDTH="48" HEIGHT="16" WC="0.93" CONTENT="samt"/><SP WIDTH="20" VPOS="1193" HPOS="247"/>
							<String ID="string_187" HPOS="267" VPOS="1191" WIDTH="81" HEIGHT="18" WC="0.90" CONTENT="derifrän"/><SP WIDTH="20" VPOS="1191" HPOS="348"/>
							<String ID="string_188" HPOS="368" VPOS="1191" WIDTH="57" HEIGHT="18" WC="0.89" CONTENT="afföra"/><SP WIDTH="18" VPOS="1191" HPOS="425"/>
							<String ID="string_189" HPOS="443" VPOS="1192" WIDTH="47" HEIGHT="20" WC="0.93" CONTENT="dem,"/><SP WIDTH="14" VPOS="1192" HPOS="490"/>
							<String ID="string_190" HPOS="504" VPOS="1191" WIDTH="62" HEIGHT="18" WC="0.93" CONTENT="hvilka"/><SP WIDTH="18" VPOS="1191" HPOS="566"/>
							<String ID="string_191" HPOS="584" VPOS="1191" WIDTH="57" HEIGHT="18" WC="0.85" CONTENT="aflidit"/><SP WIDTH="16" VPOS="1191" HPOS="641"/>
							<String ID="string_192" HPOS="657" VPOS="1191" WIDTH="46" HEIGHT="18" WC="0.92" CONTENT="eller"/><SP WIDTH="12" VPOS="1191" HPOS="703"/>
							<String ID="string_193" HPOS="715" VPOS="1191" WIDTH="71" HEIGHT="17" WC="0.91" CONTENT="lemnat"/><SP WIDTH="15" VPOS="1191" HPOS="786"/>
							<String ID="string_194" HPOS="801" VPOS="1193" WIDTH="52" HEIGHT="15" WC="0.96" CONTENT="orten"/><SP WIDTH="16" VPOS="1193" HPOS="853"/>
							<String ID="string_195" HPOS="869" VPOS="1191" WIDTH="45" HEIGHT="17" WC="0.93" CONTENT="eller"/><SP WIDTH="14" VPOS="1191" HPOS="914"/>
							<String ID="string_196" HPOS="928" VPOS="1191" WIDTH="34" HEIGHT="17" WC="0.96" CONTENT="ock"/>
						</TextLine>
						<TextLine ID="line_28" HPOS="199" VPOS="1223" WIDTH="764" HEIGHT="26">
							<String ID="string_197" HPOS="199" VPOS="1227" WIDTH="45" HEIGHT="16" WC="0.93" CONTENT="stält"/><SP WIDTH="15" VPOS="1227" HPOS="244"/>
							<String ID="string_198" HPOS="259" VPOS="1226" WIDTH="21" HEIGHT="17" WC="0.93" CONTENT="af"/><SP WIDTH="15" VPOS="1226" HPOS="280"/>
							<String ID="string_199" HPOS="295" VPOS="1226" WIDTH="144" HEIGHT="17" WC="0.91" CONTENT="Polismästaren"/><SP WIDTH="15" VPOS="1226" HPOS="439"/>
							<String ID="string_200" HPOS="454" VPOS="1226" WIDTH="97" HEIGHT="22" WC="0.92" CONTENT="godkända"/><SP WIDTH="14" VPOS="1226" HPOS="551"/>
							<String ID="string_201" HPOS="565" VPOS="1226" WIDTH="93" HEIGHT="23" WC="0.93" CONTENT="garantier"/><SP WIDTH="16" VPOS="1226" HPOS="658"/>
							<String ID="string_202" HPOS="674" VPOS="1227" WIDTH="29" HEIGHT="16" WC="0.96" CONTENT="att"/><SP WIDTH="15" VPOS="1227" HPOS="703"/>
							<String ID="string_203" HPOS="718" VPOS="1225" WIDTH="22" HEIGHT="18" WC="0.93" CONTENT="de"/><SP WIDTH="16" VPOS="1225" HPOS="740"/>
							<String ID="string_204" HPOS="756" VPOS="1223" WIDTH="105" HEIGHT="24" WC="0.91" CONTENT="öfvergifvit"/><SP WIDTH="15" VPOS="1223" HPOS="861"/>
							<String ID="string_205" HPOS="876" VPOS="1225" WIDTH="87" HEIGHT="23" WC="0.92" CONTENT="prostitu-"/>
						</TextLine>
						<TextLine ID="line_29" HPOS="201" VPOS="1261" WIDTH="74" HEIGHT="20">
							<String ID="string_206" HPOS="201" VPOS="1261" WIDTH="74" HEIGHT="20" WC="0.94" CONTENT="tionen;"/>
						</TextLine>
					</TextBlock>
					<TextBlock ID="block_9" HPOS="198" VPOS="1293" WIDTH="768" HEIGHT="163">
						<TextLine ID="line_30" HPOS="269" VPOS="1293" WIDTH="694" HEIGHT="24">
							<String ID="string_207" HPOS="269" VPOS="1294" WIDTH="142" HEIGHT="23" WC="0.93" CONTENT="Anmärkning:"/><SP WIDTH="24" VPOS="1294" HPOS="411"/>
							<String ID="string_208" HPOS="435" VPOS="1295" WIDTH="97" HEIGHT="18" WC="0.90" CONTENT="Matrikeln"/><SP WIDTH="20" VPOS="1295" HPOS="532"/>
							<String ID="string_209" HPOS="552" VPOS="1295" WIDTH="34" HEIGHT="17" WC="0.96" CONTENT="bör"/><SP WIDTH="15" VPOS="1295" HPOS="586"/>
							<String ID="string_210" HPOS="601" VPOS="1295" WIDTH="5" HEIGHT="17" WC="0.93" CONTENT="i"/><SP WIDTH="20" VPOS="1295" HPOS="606"/>
							<String ID="string_211" HPOS="626" VPOS="1295" WIDTH="103" HEIGHT="17" WC="0.92" CONTENT="kolummer"/><SP WIDTH="14" VPOS="1295" HPOS="729"/>
							<String ID="string_212" HPOS="743" VPOS="1295" WIDTH="80" HEIGHT="22" WC="0.92" CONTENT="upptaga"/><SP WIDTH="15" VPOS="1295" HPOS="823"/>
							<String ID="string_213" HPOS="838" VPOS="1293" WIDTH="36" HEIGHT="18" WC="0.93" CONTENT="den"/><SP WIDTH="15" VPOS="1293" HPOS="874"/>
							<String ID="string_214" HPOS="889" VPOS="1293" WIDTH="74" HEIGHT="18" WC="0.91" CONTENT="inskrif-"/>
						</TextLine>
						<TextLine ID="line_31" HPOS="199" VPOS="1328" WIDTH="766" HEIGHT="23">
							<String ID="string_215" HPOS="199" VPOS="1335" WIDTH="34" HEIGHT="11" WC="0.96" CONTENT="nas"/><SP WIDTH="15" VPOS="1335" HPOS="233"/>
							<String ID="string_216" HPOS="248" VPOS="1335" WIDTH="56" HEIGHT="11" WC="0.96" CONTENT="namn"/><SP WIDTH="20" VPOS="1335" HPOS="304"/>
							<String ID="string_217" HPOS="324" VPOS="1329" WIDTH="34" HEIGHT="17" WC="0.96" CONTENT="och"/><SP WIDTH="18" VPOS="1329" HPOS="358"/>
							<String ID="string_218" HPOS="376" VPOS="1329" WIDTH="89" HEIGHT="22" WC="0.95" CONTENT="förnamn,"/><SP WIDTH="15" VPOS="1329" HPOS="465"/>
							<String ID="string_219" HPOS="480" VPOS="1330" WIDTH="100" HEIGHT="17" WC="0.96" CONTENT="födelseort"/><SP WIDTH="14" VPOS="1330" HPOS="580"/>
							<String ID="string_220" HPOS="594" VPOS="1329" WIDTH="33" HEIGHT="18" WC="0.96" CONTENT="och"/><SP WIDTH="16" VPOS="1329" HPOS="627"/>
							<String ID="string_221" HPOS="643" VPOS="1329" WIDTH="52" HEIGHT="17" WC="0.96" CONTENT="ålder"/><SP WIDTH="16" VPOS="1329" HPOS="695"/>
							<String ID="string_222" HPOS="711" VPOS="1331" WIDTH="48" HEIGHT="15" WC="0.96" CONTENT="samt"/><SP WIDTH="14" VPOS="1331" HPOS="759"/>
							<String ID="string_223" HPOS="773" VPOS="1329" WIDTH="61" HEIGHT="21" WC="0.96" CONTENT="stånd,"/><SP WIDTH="14" VPOS="1329" HPOS="834"/>
							<String ID="string_224" HPOS="848" VPOS="1328" WIDTH="46" HEIGHT="18" WC="0.96" CONTENT="huru"/><SP WIDTH="15" VPOS="1328" HPOS="894"/>
							<String ID="string_225" HPOS="909" VPOS="1329" WIDTH="56" HEIGHT="21" WC="0.96" CONTENT="länge"/>
						</TextLine>
						<TextLine ID="line_32" HPOS="199" VPOS="1362" WIDTH="764" HEIGHT="25">
							<String ID="string_226" HPOS="199" VPOS="1364" WIDTH="34" HEIGHT="17" WC="0.96" CONTENT="och"/><SP WIDTH="14" VPOS="1364" HPOS="233"/>
							<String ID="string_227" HPOS="247" VPOS="1364" WIDTH="7" HEIGHT="17" WC="0.96" CONTENT="i"/><SP WIDTH="16" VPOS="1364" HPOS="254"/>
							<String ID="string_228" HPOS="270" VPOS="1364" WIDTH="75" HEIGHT="17" WC="0.95" CONTENT="hvilken"/><SP WIDTH="18" VPOS="1364" HPOS="345"/>
							<String ID="string_229" HPOS="363" VPOS="1364" WIDTH="93" HEIGHT="23" WC="0.96" CONTENT="egenskap"/><SP WIDTH="20" VPOS="1364" HPOS="456"/>
							<String ID="string_230" HPOS="476" VPOS="1364" WIDTH="36" HEIGHT="18" WC="0.96" CONTENT="hon"/><SP WIDTH="15" VPOS="1364" HPOS="512"/>
							<String ID="string_231" HPOS="527" VPOS="1364" WIDTH="65" HEIGHT="18" WC="0.96" CONTENT="vistats"/><SP WIDTH="15" VPOS="1364" HPOS="592"/>
							<String ID="string_232" HPOS="607" VPOS="1364" WIDTH="24" HEIGHT="22" WC="0.96" CONTENT="på"/><SP WIDTH="15" VPOS="1364" HPOS="631"/>
							<String ID="string_233" HPOS="646" VPOS="1366" WIDTH="60" HEIGHT="19" WC="0.96" CONTENT="orten,"/><SP WIDTH="15" VPOS="1366" HPOS="706"/>
							<String ID="string_234" HPOS="721" VPOS="1364" WIDTH="24" HEIGHT="17" WC="0.93" CONTENT="de"/><SP WIDTH="14" VPOS="1364" HPOS="745"/>
							<String ID="string_235" HPOS="759" VPOS="1362" WIDTH="88" HEIGHT="24" WC="0.92" CONTENT="uppgifna"/><SP WIDTH="15" VPOS="1362" HPOS="847"/>
							<String ID="string_236" HPOS="862" VPOS="1363" WIDTH="45" HEIGHT="17" WC="0.93" CONTENT="eller"/><SP WIDTH="15" VPOS="1363" HPOS="907"/>
							<String ID="string_237" HPOS="922" VPOS="1368" WIDTH="41" HEIGHT="12" WC="0.91" CONTENT="san-"/>
						</TextLine>
						<TextLine ID="line_33" HPOS="198" VPOS="1397" WIDTH="766" HEIGHT="24">
							<String ID="string_238" HPOS="198" VPOS="1398" WIDTH="64" HEIGHT="18" WC="0.91" CONTENT="nolika"/><SP WIDTH="19" VPOS="1398" HPOS="262"/>
							<String ID="string_239" HPOS="281" VPOS="1398" WIDTH="99" HEIGHT="18" WC="0.96" CONTENT="orsakerna"/><SP WIDTH="19" VPOS="1398" HPOS="380"/>
							<String ID="string_240" HPOS="399" VPOS="1398" WIDTH="28" HEIGHT="18" WC="0.96" CONTENT="till"/><SP WIDTH="21" VPOS="1398" HPOS="427"/>
							<String ID="string_241" HPOS="448" VPOS="1398" WIDTH="68" HEIGHT="18" WC="0.95" CONTENT="hennes"/><SP WIDTH="18" VPOS="1398" HPOS="516"/>
							<String ID="string_242" HPOS="534" VPOS="1398" WIDTH="126" HEIGHT="23" WC="0.93" CONTENT="prostitution,"/><SP WIDTH="22" VPOS="1398" HPOS="660"/>
							<String ID="string_243" HPOS="682" VPOS="1404" WIDTH="24" HEIGHT="12" WC="0.95" CONTENT="on"/><SP WIDTH="20" VPOS="1404" HPOS="706"/>
							<String ID="string_244" HPOS="726" VPOS="1398" WIDTH="37" HEIGHT="18" WC="0.95" CONTENT="hon"/><SP WIDTH="15" VPOS="1398" HPOS="763"/>
							<String ID="string_245" HPOS="778" VPOS="1398" WIDTH="48" HEIGHT="17" WC="0.96" CONTENT="varit"/><SP WIDTH="14" VPOS="1398" HPOS="826"/>
							<String ID="string_246" HPOS="840" VPOS="1397" WIDTH="80" HEIGHT="17" WC="0.96" CONTENT="tilltalad"/><SP WIDTH="14" VPOS="1397" HPOS="920"/>
							<String ID="string_247" HPOS="934" VPOS="1397" WIDTH="30" HEIGHT="17" WC="0.96" CONTENT="för"/>
						</TextLine>
						<TextLine ID="line_34" HPOS="198" VPOS="1432" WIDTH="768" HEIGHT="24">
							<String ID="string_248" HPOS="198" VPOS="1432" WIDTH="57" HEIGHT="23" WC="0.96" CONTENT="något"/><SP WIDTH="23" VPOS="1432" HPOS="255"/>
							<String ID="string_249" HPOS="278" VPOS="1433" WIDTH="57" HEIGHT="22" WC="0.95" CONTENT="brott,"/><SP WIDTH="23" VPOS="1433" HPOS="335"/>
							<String ID="string_250" HPOS="358" VPOS="1438" WIDTH="29" HEIGHT="12" WC="0.96" CONTENT="om"/><SP WIDTH="21" VPOS="1438" HPOS="387"/>
							<String ID="string_251" HPOS="408" VPOS="1433" WIDTH="37" HEIGHT="18" WC="0.94" CONTENT="hon"/><SP WIDTH="21" VPOS="1433" HPOS="445"/>
							<String ID="string_252" HPOS="466" VPOS="1435" WIDTH="20" HEIGHT="15" WC="0.92" CONTENT="är"/><SP WIDTH="16" VPOS="1435" HPOS="486"/>
							<String ID="string_253" HPOS="502" VPOS="1433" WIDTH="121" HEIGHT="23" WC="0.92" CONTENT="skrifkunnig,"/><SP WIDTH="15" VPOS="1433" HPOS="623"/>
							<String ID="string_254" HPOS="638" VPOS="1433" WIDTH="24" HEIGHT="17" WC="0.96" CONTENT="de"/><SP WIDTH="16" VPOS="1433" HPOS="662"/>
							<String ID="string_255" HPOS="678" VPOS="1434" WIDTH="85" HEIGHT="16" WC="0.96" CONTENT="närmare"/><SP WIDTH="15" VPOS="1434" HPOS="763"/>
							<String ID="string_256" HPOS="778" VPOS="1432" WIDTH="188" HEIGHT="22" WC="0.96" CONTENT="omständigheterna,"/>
						</TextLine>
					</TextBlock>
				</ComposedBlock>
			</PrintSpace>
		</Page>
	</Layout>
</alto>
