1031 1678
244 130 30 21 44

216 192 154 27 cellfängelser,
387 192 96 27 sjukhus,
499 193 30 20 att
543 192 107 21 förbättra
660 191 237 21 kommunikationerna
908 190 66 28 (hjelp

216 227 35 20 till
259 226 262 27 jernvägsanläggningar)
537 233 27 14 m.
576 226 20 21 fl.
608 226 95 25 arbeten,
716 231 45 15 som
770 225 45 20 afse
823 225 152 21 befordrandet

217 260 23 21 af
254 260 84 21 landets
354 261 41 20 och
409 260 78 21 folkets
502 260 136 26 förbättring,
654 259 113 26 förädling,
783 259 98 26 bildning
896 259 40 20 och
947 259 27 20 ci-

216 294 115 21 vilisation.
362 294 32 21 De
410 294 108 26 upplupna
537 294 229 26 räntebesparingarne
781 293 73 20 kunna
869 293 105 21 tilläfven-

216 329 46 25 tyrs
285 333 60 20 vexa,
368 330 55 18 samt
440 328 8 20 i
466 327 70 27 någon
555 334 56 19 mon,
628 328 66 26 jemte
710 327 87 26 möjliga
812 327 67 21 andra
894 327 80 25 anslag,

217 361 80 21 bereda
313 361 163 27 arbetstillfälle,
491 361 24 21 så
530 364 32 18 att
578 362 40 20 den
634 361 169 21 arbetssökande
816 361 47 21 icke
874 360 101 21 behöfver

216 396 8 20 i
239 396 82 20 nödens
337 396 65 20 stund
417 396 58 25 tigga
490 396 39 20 och
545 396 69 20 svälta
632 408 23 2 —
672 397 85 19 senaste
767 395 62 21 svåra
840 394 135 27 hungersnöd

217 429 63 21 torde
296 429 79 21 lemnat
392 435 34 15 oss
442 429 77 27 många
534 430 82 26 nyttiga
631 429 127 22 lärdomar."

288 463 71 21 Sedan
374 464 139 20 testamentet
528 463 70 21 blifvit
614 470 76 20 genom
706 463 104 22 Finlands
826 463 149 22 Statskontors

217 497 85 26 försorg
324 497 116 26 behörigen
463 497 106 22 bevakadt
592 500 55 19 samt
670 498 36 21 det
725 497 7 20 i
751 497 134 21 förestående
908 497 66 21 måtto

217 531 142 26 disponerade
375 531 101 27 beloppet
490 532 31 20 dit
536 531 85 27 influtit,
637 532 40 21 har
691 531 120 27 Kejserliga
827 531 92 22 Senaten
935 531 40 21 den

219 565 27 20 10
268 565 52 20 Juni
343 565 55 22 1885
419 566 32 20 uti
474 566 109 21 skrifvelse
605 566 47 21 från
671 566 80 21 Finans
772 566 156 26 Expeditionen
943 565 33 21 till

218 599 197 27 Bankfullmäktige
429 599 33 21 för
478 606 79 15 samma
573 600 41 26 dag
626 600 116 21 förordnat
757 601 32 20 att
803 600 40 21 den
854 599 23 21 af
885 601 91 19 testator

218 633 113 21 bestämda
345 633 122 21 kontrollen
484 634 57 21 öfver
557 634 89 21 fondens
662 634 130 26 förvaltning
807 633 69 22 skulle
887 633 89 21 sålunda

219 667 112 25 anordnas,
349 669 32 19 att
397 667 159 22 Statskontoret
572 669 34 19 vid
620 669 77 25 början
713 668 23 20 af
749 667 72 27 hvarje
837 667 24 21 år
876 667 53 26 egde
944 667 32 21 till

219 700 195 27 Bankfullmäktige
434 702 90 20 aflemna
540 702 90 21 relation
646 702 59 21 öfver
720 702 90 20 fondens
825 701 101 26 ställning
940 701 36 21 vid

220 735 36 21 det
271 734 129 27 föregående
422 735 56 21 årets
493 736 87 26 utgång.
601 736 10 20 I
622 736 94 26 enlighet
726 735 89 21 härmed
827 735 62 21 hafva
897 735 79 27 jemväl

219 769 72 27 dylika
299 769 115 21 relationer
423 769 32 21 för
464 769 50 21 åren
527 770 60 25 1885,
601 770 54 21 1886
667 770 40 20 och
720 769 54 21 1887
786 769 23 21 af
819 769 158 21 Statskontoret

218 803 32 21 till
267 803 195 27 Bankfullmäktige
481 804 133 21 öfversändts
630 805 56 20 samt
701 804 116 25 granskats
833 803 22 21 af
868 803 107 21 Fullmäk-

219 837 49 26 tige,
291 843 45 15 som
360 838 73 20 dervid
455 838 47 21 icke
524 838 70 21 funnit
614 838 46 21 skäl
679 838 33 20 till
731 838 146 25 anmärkning.
908 838 68 20 Dessa

218 872 116 20 relationer
353 872 70 21 utvisa
442 878 27 15 en
488 872 184 27 räntebehållning
691 872 7 20 i
717 872 79 20 fonden
815 872 35 20 vid
870 871 54 21 1887
941 872 34 20 års

218 906 81 26 utgång
314 906 23 20 af
351 906 76 26 13,681
444 907 61 21 mark
520 907 28 21 45
562 907 70 26 penni,
650 913 45 15 som
711 906 69 21 skulle
796 906 81 20 kunnat
892 906 33 20 för
941 906 36 20 det

219 940 23 20 af
254 942 91 18 testator
361 940 89 21 afsedda
466 940 97 22 ändamål
580 941 132 27 disponeras.
739 940 76 26 Någon
831 939 75 27 åtgärd
922 940 6 20 i
944 939 32 21 så-

219 974 52 20 dant
287 974 54 26 syfte
357 974 39 21 har
412 974 55 21 dock
482 975 47 21 icke
544 975 69 21 blifvit
628 975 109 26 vidtagen,
753 974 55 21 helst
822 974 7 20 i
841 974 136 21 testamentet

218 1007 47 22 icke
280 1008 143 27 uttryckligen
439 1009 133 26 bestämmes,
584 1009 86 21 hvilken
681 1008 126 27 myndighet
817 1007 160 22 Bankfullmäk-

218 1041 44 27 tige
277 1042 7 20 i
300 1042 59 21 detta
375 1041 99 22 afseende
489 1043 135 21 tillkommer.

570 1107 11 27 8
598 1107 32 21 18.

74 1154 91 21 Angående
172 1155 41 16 kon-
288 1147 97 20 Emedan
408 1147 106 27 klagomål
536 1147 46 21 från
606 1148 56 21 olika
680 1147 45 21 håll
741 1146 70 21 blifvit
826 1146 89 21 anförda
931 1146 47 20 der-

74 1179 44 37 its
136 1178 39 43 arg
184 1178 21 38 U
207 1180 72 33 öfver
298 1183 32 18 att
349 1181 41 21 den
408 1181 32 21 tid
459 1182 23 21 af
499 1183 31 20 tre
546 1183 84 20 timmar
644 1182 29 27 på
688 1182 77 25 dagen,
781 1181 47 20 från
843 1181 91 20 klockan
952 1179 24 21 11

87 1223 112 21 betsordning.
219 1215 32 20 till
273 1215 92 21 klockan
385 1216 19 25 2,
424 1216 120 21 hvarunder
563 1216 101 21 Finlands
683 1215 74 21 Banks
775 1215 78 20 kontor
869 1215 7 20 i
891 1214 31 21 St.
938 1213 40 21 Pe-

218 1249 100 26 tersburg
340 1249 72 21 hållits
435 1250 33 21 för
491 1250 142 21 allmänheten
656 1249 137 27 tillgängligt,
811 1255 51 15 vore
881 1249 33 20 för
929 1248 49 21 kort

219 1283 40 20 och
275 1284 48 20 med
339 1283 99 22 afseende
454 1285 13 20 å
483 1286 71 19 ortens
564 1285 148 21 förhållanden
724 1284 107 26 olämplig,
843 1283 54 20 hade
908 1282 70 21 Bank-

219 1317 134 27 fullmäktige
369 1318 41 21 den
426 1319 27 21 12
468 1319 90 21 Januari
576 1319 60 25 1884,
655 1319 28 26 på
699 1318 157 25 framställning
873 1317 22 20 af
908 1316 70 21 Bank-

219 1350 142 28 direktionen,
373 1352 112 22 förordnat
500 1354 32 19 att
547 1352 99 22 kontoret
662 1352 95 21 derefter
773 1352 69 20 skulle
857 1350 69 22 hållas
942 1352 37 24 öp-

219 1387 36 25 pet
271 1386 89 20 emellan
375 1386 94 22 klockan
486 1388 24 20 11
527 1387 39 21 och
582 1388 12 20 3
610 1387 28 27 på
653 1387 78 26 dagen.
755 1386 33 21 Då
803 1385 119 21 emellertid
932 1384 46 21 icke

219 1419 61 27 ringa
302 1420 114 26 olägenhet
436 1421 79 27 jemväl
530 1421 116 21 föranledts
667 1420 68 26 deraf,
755 1421 32 20 att
805 1420 101 21 kontoret
924 1419 55 21 varit

220 1454 87 26 stängdt
329 1455 68 20 under
420 1455 26 21 de
469 1455 64 27 ryska
551 1456 150 26 helgdagarne,
717 1454 154 22 införskaffade
886 1452 93 22 Bankdi-
