1031 1678
449 124 10 21 I
778 124 25 20 25

74 193 67 21 sådan
163 193 54 20 bana
240 193 67 21 måtte
331 193 119 21 Ständerna
471 193 37 20 vid
530 193 68 20 denna
622 192 101 27 landtdag
743 192 91 26 föreläg-

73 234 46 20 gas;
136 229 55 19 samt

145 264 32 19 att
193 261 21 22 åt
229 262 72 21 Kotka
317 261 54 24 stad,
382 261 64 26 bolag
457 261 52 21 eller
520 261 82 21 enskild
612 267 83 20 person,
707 267 45 14 som
763 261 70 21 kunde

75 296 81 21 erhålla
179 296 124 21 koncession
325 295 34 21 för
381 295 110 27 byggande
514 295 23 21 af
555 302 25 14 en
597 296 88 26 jernväg
700 295 46 21 från
762 296 73 21 Kotka

76 330 47 21 stad
140 331 32 20 till
193 331 97 20 Kouvola
308 330 87 25 station,
412 329 66 21 måtte
494 329 70 21 såsom
580 330 75 26 bidrag
670 329 83 21 utöfver
769 330 65 20 redan

76 364 92 27 beviljad
184 364 125 21 subvention
326 364 23 20 af
363 366 92 23 600,000
471 364 61 20 mark
548 364 80 20 lemnas
642 366 31 18 ett
684 364 150 26 amorterings-

76 398 35 21 lån
126 398 23 21 af
163 398 124 21 statsmedel
303 398 23 20 af
341 400 91 24 900,000
449 398 67 20 mark.

146 433 10 20 I
178 432 63 27 nådig
259 432 133 27 proposition
407 432 33 20 till
456 431 69 21 denna
540 431 102 27 landtdag
657 432 39 21 har
711 433 58 20 Hans
784 432 51 27 Kej-

77 467 78 26 serliga
170 467 100 26 Majestät
285 466 111 27 föreslagit
412 466 119 21 Ständerna
546 468 32 20 att
593 467 84 20 besluta
693 473 34 14 om
742 467 93 26 byggan-

78 501 35 21 det
129 501 23 20 af
165 501 146 20 förstnämnda
327 501 52 20 eller
395 501 105 20 Karelska
511 501 74 25 banan,
598 501 107 21 äfvensom
720 503 31 19 att
762 501 73 21 Kotka

76 536 70 20 banan
162 535 68 21 skulle
246 535 33 21 för
295 537 80 19 statens
391 535 89 26 räkning
496 535 81 21 utföras
593 535 39 21 och
647 535 101 21 arbetena
762 535 12 21 ä
785 535 50 21 den-

77 576 82 15 samma
176 569 99 27 påbörjas
292 571 52 19 utan
364 569 128 21 afvaktande
508 569 23 21 af
546 570 103 21 Savolaks
664 570 79 21 banans
759 569 76 22 fullän-

78 604 74 21 dande.

147 639 37 20 Uti
209 644 81 15 samma
310 638 76 27 nådiga
402 638 132 27 proposition
549 638 60 27 ingår
624 639 90 20 relation
731 645 34 14 om
780 639 57 20 hvad

79 679 45 15 som
140 672 69 21 blifvit
224 672 105 27 tillgjordt
345 672 57 21 såväl
418 673 6 20 i
440 672 53 27 följd
509 672 23 20 af
541 672 128 22 Ständernas
680 672 157 27 framställning

78 713 34 15 om
128 707 185 26 subventionering
328 706 23 21 af
365 713 26 14 en
406 707 70 26 privat
489 707 88 26 jernväg
592 707 33 21 till
636 707 141 27 Björneborgs
788 707 48 21 stad

78 748 45 14 som
146 742 7 20 i
176 741 112 27 anledning
304 741 22 21 af
341 741 129 21 Ständernas
486 742 6 20 i
510 741 90 21 berörda
615 741 110 21 skrifvelse
741 741 95 21 uttalade

78 775 158 27 önskningsmål
261 776 131 20 beträffande
415 776 143 26 kanalisering
581 776 23 20 af
624 776 108 21 Wuoksen
754 776 82 20 flodens

77 811 65 21 nedre
157 811 58 26 lopp.

145 846 10 20 I
171 845 112 27 anledning
299 845 22 21 af
335 845 131 21 Ständernas
482 845 99 21 anhållan
598 852 33 14 om
647 845 120 27 byggandet
778 845 23 21 af
810 852 25 14 en

78 880 77 21 bibana
170 880 47 20 från
233 876 173 25 Österbottniska
420 880 115 26 jernvägen
550 880 33 20 till
598 880 119 20 Jakobstad
728 880 39 20 har
777 880 59 20 Hans

78 914 106 27 Majestät,
207 914 55 21 efter
285 914 35 20 det
339 914 85 21 teknisk
439 914 158 27 undersökning
612 914 33 20 för
661 920 24 14 en
701 914 65 20 sådan
781 914 56 20 bana

77 948 70 22 blifvit
170 948 114 26 verkstäld,
308 948 6 21 i
335 948 66 21 nåder
416 948 121 21 förordnat:
554 951 31 18 att
602 955 25 14 en
642 949 77 20 bibana
734 948 47 20 från
796 948 40 20 Pe-

78 983 61 21 dersö
163 983 80 21 station
262 982 12 21 å
294 982 65 27 sagda
373 982 88 27 jernväg
476 983 34 21 till
526 983 118 21 Jakobstad
661 983 68 20 skulle
744 982 33 20 för
793 984 43 19 sta-

77 1019 47 18 tens
147 1017 89 26 räkning
254 1017 79 26 byggas
352 1017 7 20 i
375 1016 93 27 enlighet
484 1017 49 20 med
549 1017 38 20 den
604 1017 34 20 vid
654 1016 91 21 nämnda
760 1016 76 21 under-

77 1051 89 26 sökning
189 1050 118 27 uppgjorda
329 1051 87 26 ritning;
440 1053 32 18 att
496 1051 32 20 för
552 1051 120 20 ändamålet
686 1050 55 27 finge
757 1050 23 21 af
793 1051 44 20 till-

76 1085 108 27 gångarna
200 1085 7 20 i
223 1085 274 20 kommunikationsfonden
512 1085 106 20 användas
635 1085 36 21 det
686 1085 23 21 af
718 1085 118 21 Ständerna

76 1119 99 21 anvisade
191 1119 74 27 anslag
280 1119 107 21 äfvensom
404 1119 77 21 anlitas
498 1119 35 21 det
549 1119 23 21 af
586 1119 187 21 Kommerserådet
784 1119 51 21 Otto

76 1154 83 26 August
174 1153 66 21 Malm
256 1153 79 21 utfästa
350 1153 76 27 bidrag
441 1153 23 21 af
479 1154 91 25 200,000
586 1154 70 25 mark;
675 1156 32 19 att
722 1153 48 20 med
785 1153 51 26 byg-

76 1188 79 27 gandet
171 1188 23 21 af
209 1188 68 21 denna
292 1188 77 21 bibana
385 1188 69 21 skulle
469 1188 87 27 vidtaga
572 1188 23 21 så
610 1188 43 21 fort
669 1188 36 21 ske
721 1187 76 26 kunde,
809 1187 28 27 på

76 1223 36 20 det
135 1223 83 20 arbetet
238 1223 71 20 skulle
328 1223 64 20 hinna
408 1222 100 21 slutföras
524 1223 62 20 innan
602 1222 107 27 utgången
725 1221 22 21 af
761 1221 36 21 två
813 1221 24 21 år

77 1257 55 20 efter
148 1257 36 21 det
199 1257 149 26 Uleåborgska
365 1257 116 26 jernvägen
496 1257 70 20 blifvit
581 1257 34 20 till
630 1256 207 27 Jernvägsstyrelsen

76 1291 32 20 för
131 1289 144 22 trafikerande
298 1291 150 26 öfverlemnad,
473 1291 53 20 eller
544 1291 40 20 den
603 1291 30 20 tid
649 1290 188 21 Kommerserådet

74 1325 67 21 Malm
164 1325 93 21 bestämt
280 1325 70 21 såsom
374 1325 69 21 vilkor
462 1325 33 21 för
510 1325 139 26 erläggandet
663 1325 23 20 af
699 1324 91 21 berörda
805 1324 31 21 bi-

75 1359 58 27 drag,
149 1362 57 18 samt
221 1361 33 19 att
270 1359 126 27 erforderlig
412 1360 61 20 mark
490 1359 34 21 för
538 1359 92 21 nämnda
645 1359 77 21 bibana
733 1358 39 21 och
783 1358 53 27 möj-

73 1394 57 26 ligen
153 1394 63 26 nödig
239 1394 106 20 blifvande
369 1394 125 26 utvidgning
513 1393 23 21 af
550 1394 123 20 densamma
687 1393 56 27 finge
759 1398 77 21 expro-

73 1428 90 26 prieras.
