1031 1678
393 127 21 17 U.
428 126 20 17 B.
460 126 94 18 XXXVII.
821 126 10 17 7

165 183 80 22 Såsom
265 185 33 19 ett
322 183 111 27 framsteg
456 183 73 20 måste
549 182 70 21 äfven
637 182 120 21 betraktas
774 182 39 21 det
828 183 27 20 af
866 191 9 21 s
887 191 12 16 4
912 189 18 22 ($
944 191 19 22 3)

95 217 158 28 Fullmäktige
279 216 134 28 föreslagna
439 216 141 29 stadgandet
605 217 35 20 att
667 223 29 14 en
723 216 37 21 del
785 223 69 14 varor

94 251 63 28 finge
173 252 74 21 såsom
266 253 57 26 pant
342 251 35 21 för
401 251 39 20 lån
459 250 137 29 godkännas
614 250 87 28 jemväl
717 250 29 21 då
765 250 28 21 de
813 253 39 19 äro

94 285 119 29 upplagda
231 286 30 28 på
279 285 192 28 kreditnederlag
494 285 56 20 eller
572 285 89 20 insatta
680 284 41 21 hos
741 284 26 21 af
779 285 73 20 bank-

93 319 115 28 styrelsen
227 319 125 28 godkända
367 319 70 21 dock-
453 319 57 21 eller
524 318 191 28 magasinsbolag
731 331 26 3 —
773 326 29 13 en
817 326 34 14 re-

93 353 66 27 form,
179 353 102 27 hvilken,
299 354 31 28 på
349 360 86 14 samma
454 353 64 27 gång
536 352 45 21 den
604 352 76 21 skulle
703 352 84 21 bereda
810 352 41 22 all-

93 387 125 21 mänheten
241 387 116 21 önskvärd
375 386 93 21 lättnad
490 389 36 19 att
544 388 62 19 emot
621 386 157 21 realsäkerhet
793 394 58 21 upp-

93 423 55 26 taga
163 421 45 27 lån,
221 421 69 22 också
308 421 67 21 torde
387 421 196 21 öfverenstämma
597 421 54 20 med
666 421 109 20 Bankens
791 428 60 21 egen

92 455 81 21 fördel.
197 455 54 22 Som
264 455 39 21 det
314 455 73 21 likväl
400 457 66 26 synts
478 455 123 22 Utskottet
612 455 115 28 lämpligt,
740 456 35 20 att
786 455 64 21 detta

92 489 129 28 stadgande
237 489 52 21 icke
304 489 184 28 nödvändigtvis
500 489 102 21 behöfde
614 489 98 21 omfatta
725 488 82 22 endast
815 489 34 21 så-

92 523 61 21 dana
172 523 195 28 varumagasiner,
383 531 49 13 som
448 523 139 21 innehafvas
604 522 26 22 af
642 523 76 28 bolag,
734 525 57 19 utan
807 523 42 22 Ut-

92 557 88 21 skottet
195 559 77 19 ansett
289 557 39 22 det
343 557 56 22 böra
415 557 36 21 stå
466 557 243 28 bankförvaltningen
729 559 70 26 öppet
815 559 34 19 att

92 591 75 21 såsom
182 591 104 29 hypotek
301 591 126 28 godkänna
446 592 67 21 äfven
532 599 74 20 varor,
623 598 49 14 som
691 591 130 28 uppläggas
840 592 9 20 i

92 625 26 21 af
135 625 89 22 kronan
243 625 117 22 inrättade
379 626 56 21 eller
456 626 44 21 ock
516 625 135 29 föreningar
667 625 56 21 eller
739 625 109 28 korpora-

91 659 76 21 tioner
186 659 121 29 tillhöriga
326 660 137 28 magasiner,
484 660 42 21 har
548 659 140 29 paragrafen
710 660 9 20 i
742 659 105 28 enlighet

90 692 96 22 härmed
202 694 194 21 omformulerats.

159 728 52 20 Den
226 728 80 21 kassor
322 728 43 22 och
381 728 159 28 inrättningar
554 728 54 22 med
619 728 178 28 allmännyttigt
807 731 56 27 än-g
876 736 11 17 5
899 736 19 22 ($
930 737 17 22 4

90 761 77 21 damål
185 761 120 28 medgifna
323 762 109 22 befrielse
450 763 53 21 från
522 762 154 29 erläggandet
694 763 26 21 af
734 761 112 22 inträdes-

90 795 71 28 afgift
176 795 36 21 för
227 796 171 22 kassakreditiv
412 796 86 28 kunde,
514 796 84 22 medan
613 797 93 21 banken
722 800 63 18 ännu
800 803 46 14 om-

89 829 160 22 händerhades
272 830 25 21 af
317 831 148 27 statsverket,
485 830 71 22 hafva
574 832 73 27 något
670 831 51 21 skäl
743 830 36 22 för
802 830 41 28 sig.

88 863 55 21 Men
153 866 65 19 utom
229 866 35 19 att
274 864 39 21 det
324 864 68 22 alltid
402 865 74 21 måste
486 873 56 14 vara
553 866 64 20 svårt
628 867 35 19 att
673 865 81 28 afgöra
764 864 81 22 hvilka

88 897 158 29 inrättningar
260 898 135 29 egentligen
408 902 38 18 äro
462 901 36 19 att
513 899 109 21 hänföras
637 899 38 21 till
691 899 76 21 denna
781 899 63 21 kate-

88 932 58 27 gori,
163 932 69 21 faller
247 932 195 28 tillgodoseendet
461 934 27 20 af
500 934 67 21 dessa
585 934 169 28 inrättningars
770 932 73 22 fördel

86 967 66 19 utom
171 966 104 22 området
293 966 36 22 för
344 967 104 21 bankens
468 968 154 28 verksamhet,
638 968 95 21 hvarför
747 967 96 22 Utskot-

87 1002 41 25 tet,
139 1000 8 20 i
158 1000 75 21 likhet
247 1000 53 21 med
311 1001 228 29 Bankfullmäktige,
548 1009 67 14 anser
627 1002 64 21 detta
701 1001 142 28 undantags-

85 1033 130 28 stadgande
231 1034 56 21 böra
301 1035 138 28 upphäfvas.
467 1036 50 21 Och
532 1036 76 21 finner
622 1036 121 21 Utskottet
759 1037 33 19 ett
807 1037 36 26 yt-

85 1067 111 29 terligare
211 1069 50 20 skäl
278 1069 79 22 härtill
371 1069 117 29 föreligga
503 1071 82 26 deruti,
602 1073 34 18 att
651 1070 125 21 befrielsen
790 1069 52 22 från

86 1102 141 29 erläggande
247 1104 26 21 af
289 1104 177 29 inträdesafgift
484 1104 118 22 föranledt
620 1104 67 21 dessa
708 1105 81 20 kassor
808 1106 35 19 att

86 1140 104 26 upptaga
213 1139 73 20 större
305 1138 173 22 kassakreditiv
496 1143 30 17 än
542 1139 28 21 de
586 1139 99 21 faktiskt
702 1138 82 22 behöft
803 1145 38 14 an-

84 1171 87 27 vända;
187 1172 91 21 hvilket
296 1172 152 28 förhållande,
466 1173 30 21 då
510 1173 110 28 beloppet
636 1173 26 22 af
675 1173 9 21 i
699 1173 93 22 banken
807 1173 34 20 in-

83 1205 127 22 nestående
225 1206 172 23 kassakreditiv
412 1208 87 21 räknas
512 1209 73 20 såsom
603 1207 140 29 utelöpande
758 1207 82 27 sedlar,

84 1239 152 28 naturligtvis
251 1241 72 21 måste
339 1241 63 21 vålla
417 1249 29 14 en
461 1242 138 28 minskning
614 1242 8 21 i
638 1241 178 22 sedelreserven.

153 1273 11 21 I
180 1275 13 25 8
209 1275 13 21 5
237 1275 72 21 hafva
323 1275 221 29 Bankfullmäktige
560 1276 127 28 föreslagit,
697 1278 35 19 att
747 1275 93 22 banken
853 1283 9 20 $
875 1282 10 17 6
899 1282 18 21 ($
930 1282 19 22 5)

82 1305 63 29 finge
168 1307 41 21 vid
233 1307 51 22 dess
306 1309 178 22 hufvudkontor
501 1311 9 20 i
528 1310 80 22 förvar
629 1312 118 26 emottaga
770 1309 70 22 äfven

82 1343 77 25 öppna
179 1341 160 29 depositioner
354 1343 26 21 af
394 1343 215 29 värdehandlingar
624 1344 44 21 och
683 1343 157 29 obligationer

82 1374 119 22 äfvensom
225 1376 69 28 åtaga
317 1377 36 28 sig
375 1379 36 19 att
432 1378 38 20 för
489 1378 155 21 insättarenes
663 1378 101 28 räkning
779 1377 60 28 lyfta

81 1408 37 21 till
136 1408 121 30 betalning
272 1411 110 21 förfallna
397 1414 81 19 räntor
494 1412 44 21 och
553 1412 138 22 dividender
703 1425 26 2 —
745 1412 34 20 ett
794 1410 45 22 för-

150 1443 137 19 Bankutskottets
298 1446 104 17 betänkande
415 1446 33 16 N:o
461 1446 18 16 3.
