1031 1678
214 128 27 21 38

188 191 54 21 1867
260 191 67 20 under
342 191 31 20 sin
390 190 128 26 förvaltning
535 190 38 21 cch
590 190 138 26 ansvarighet
746 190 112 25 emottagit
873 190 26 20 de
916 189 30 21 uti

187 225 87 20 Banken
301 225 106 20 inrättade
434 225 106 26 primitiva
566 224 38 21 och
632 223 215 28 hypoteksfonderna,
875 224 72 20 hvilka

188 258 95 21 derefter
298 260 132 24 gemensamt
450 259 37 20 och
504 258 136 21 uteslutande
657 258 57 20 burit
730 264 62 14 namn
808 257 23 21 af
844 258 102 20 Finlands

187 293 68 25 Bank,
272 294 55 19 samt
342 299 75 19 genom
434 293 46 20 sina
495 292 151 26 Fullmäktige,
663 293 47 20 med
727 292 106 20 särskilda
848 294 99 18 närmare

188 327 111 19 bestämda
322 327 114 25 undantag,
456 326 122 20 handhafva
600 327 36 19 det
655 326 102 20 inseende
777 326 60 20 öfver
853 325 93 25 Banken,

188 366 46 14 som
250 360 58 20 förut
324 360 122 21 tillkommit
461 360 122 26 Kejserliga
600 360 99 25 Senaten,
713 360 24 20 så
752 360 54 20 hade
822 360 38 20 hos
876 359 71 21 Bank-

189 394 133 21 direktionen
339 394 65 26 några
420 394 173 27 betänkligheter
609 394 46 21 icke
671 394 80 20 kunnat
769 394 114 20 förefinnas
899 394 48 20 der-

189 434 33 14 om
246 430 31 19 att
300 428 101 21 Finlands
422 428 102 21 Ständers
547 428 197 25 Bankfullmäktige
765 428 45 26 just
833 434 50 15 vore
906 427 40 21 den

189 462 172 27 »vederbörande
377 463 140 26 myndighet",
534 469 44 14 som
599 463 53 25 egde
669 463 119 20 bestämrna
807 462 37 21 det
859 462 87 26 arvode,

189 502 44 15 som
255 496 33 21 för
307 497 137 20 bestridande
468 497 22 20 af
510 497 58 25 ledig
588 497 65 26 tjenst
673 497 5 20 i
699 496 88 21 Banken
803 496 143 21 erfordrades.

189 530 108 21 Ehuruväl
315 531 121 26 Kejserliga
452 531 90 20 Senaten
560 531 4 20 i
582 531 99 26 gällande
699 530 189 26 bankreglemente
904 530 43 21 för-

189 564 101 21 behållits
310 567 42 18 rätt
367 567 32 18 att
415 565 135 20 tillförordna
565 565 81 20 vikarie
663 565 33 20 för
712 565 95 20 direktör
823 565 5 20 i
844 564 103 21 Finlands

189 599 60 20 Bank
265 599 33 20 för
315 599 72 26 längre
404 599 30 20 tid
451 601 26 19 än
493 599 34 20 två
544 599 108 26 månader,
669 601 72 25 syntes
757 599 36 20 det
809 599 53 20 dock
877 599 69 20 Bank-

189 633 134 20 direktionen
340 633 134 26 obestridligt
490 635 36 23 att,
540 633 47 20 med
604 634 109 25 undantag
729 633 23 20 af
766 633 102 20 Finlands
885 633 61 20 Stän-

189 667 44 25 der,
251 667 69 26 någon
341 673 68 15 annan
429 667 123 27 myndighet
572 669 26 19 än
618 667 195 25 Bankfullmäktige
830 667 46 20 icke
891 667 55 20 hade

189 700 70 26 någon
277 703 42 18 rätt
335 703 30 18 att
381 701 113 27 disponera
510 701 60 21 öfver
585 701 100 21 Bankens
702 701 76 21 medel.
804 700 49 21 Men
870 706 31 15 om
920 707 26 14 nn

189 734 203 27 Bankfullmäktige,
412 735 6 21 i
442 736 94 26 enlighet
557 736 49 20 med
630 735 207 21 Bankdirektionens
857 734 89 21 förestå-

189 769 53 19 ende
263 769 140 26 uppfattning,
420 770 55 20 varit
494 770 88 25 behörig
606 770 122 26 myndighet
751 771 32 19 att
805 769 83 21 besluta
911 775 36 15 an-

189 802 82 26 gående
291 803 100 26 beloppet
413 804 23 20 af
458 804 34 20 det
515 804 127 20 omtvistade
663 804 96 25 arvodet,
778 804 24 20 så
822 810 49 14 vore
891 805 57 19 emot

189 836 77 26 sjelfva
286 837 92 21 beslutet
400 838 46 20 icke
466 838 62 26 något
548 840 32 18 att
598 838 109 25 anmärka,
724 838 88 21 emedan
829 838 63 21 enke-
908 838 39 20 och

188 870 155 27 pupillkassan,
364 872 84 26 jemlikt
475 872 77 26 nådiga
575 872 142 25 kungörelsen
743 873 39 19 den
806 872 26 21 31
856 872 91 26 Augusti

190 904 61 26 1876,
269 905 93 26 jemförd
386 906 48 20 med
458 906 77 26 nådiga
554 906 143 26 kungörelsen
718 907 39 20 den
778 906 24 21 14
821 906 42 26 Maj
885 906 61 26 1860,

189 938 47 21 icke
252 939 118 21 tillkomme
386 940 73 20 vidare
480 942 24 18 än
524 940 55 20 hvad
599 940 23 20 af
640 941 63 20 lönen
721 940 110 26 besparats
847 940 54 21 efter
917 940 30 21 af-

190 972 53 26 drag
263 973 22 20 af
307 974 36 20 det
365 974 85 26 arvode,
470 980 44 15 som
534 974 32 21 för
587 974 104 26 tjenstens
712 974 136 21 bestridande
865 974 22 21 af
901 981 46 19 ,ve-

190 1006 134 21 derbörande
346 1008 131 26 myndighet"
494 1008 110 26 bestämts,
620 1009 89 20 hvarvid
729 1015 79 14 samma
825 1008 123 27 myndighet

190 1041 76 20 endast
281 1041 56 22 hade
353 1044 31 19 att
399 1044 50 24 taga
469 1043 78 26 hänsyn
572 1043 32 20 till
624 1043 104 21 embetets
748 1043 102 26 behöriga
870 1043 77 20 förval-

191 1075 71 20 tande.
293 1076 10 20 I
323 1076 75 26 sjelfva
418 1077 73 20 verket
510 1077 54 20 hade
580 1077 61 20 äfven
658 1077 6 20 i
681 1078 60 20 detta
757 1077 35 20 fall
809 1077 96 26 uppstått
920 1083 26 14 en

190 1108 115 28 besparing
321 1110 75 21 kassan
414 1111 95 26 tillgodo,
526 1111 67 21 ehuru
614 1112 91 20 nämnda
721 1111 114 26 besparing
850 1111 22 20 af
887 1111 60 20 miss-

189 1144 36 25 tag
244 1143 47 22 icke
312 1145 108 26 upptagits
436 1145 5 20 i
459 1145 39 20 den
515 1145 22 21 af
556 1145 143 21 Kamreraren
716 1145 156 21 Nordenskiöld
889 1145 59 20 klan-

189 1177 66 20 drade
275 1179 123 26 räkningen.
429 1179 151 21 Förhållandet
596 1180 93 21 berodde
707 1180 105 25 nemligen
829 1179 65 26 derpå
910 1181 37 24 att,

190 1211 75 20 medan
287 1212 98 21 Bankens
406 1213 144 26 Sekreterare,
567 1220 44 14 som
628 1214 23 21 af
667 1214 121 26 Kojserliga
805 1213 90 21 Senaten
913 1220 34 14 va-

190 1245 27 20 rit
233 1245 116 22 förordnad
363 1249 31 18 att
406 1247 79 21 förestä
501 1249 35 19 det
552 1249 70 25 lediga
642 1248 208 25 dircktörsembetet,
866 1248 82 26 uppbu-

189 1279 28 20 rit
234 1279 48 21 hela
299 1281 233 26 direktörsaflöningen,
550 1282 22 21 så
592 1282 54 21 hade
663 1282 40 21 den
720 1288 83 20 person,
820 1287 44 15 som
880 1282 68 20 under

189 1313 58 20 tiden
264 1314 91 21 bestridt
371 1315 233 27 sekreteraretjensten,
617 1316 45 21 icke
679 1316 86 26 ätnjutit
781 1315 48 21 hela
845 1316 38 20 den
901 1317 47 20 der-

189 1347 48 20 med
258 1348 101 21 förenade
375 1348 98 28 aflöning.
504 1350 46 20 Den
571 1350 123 26 härigenom
711 1350 34 20 för
761 1350 128 20 mänaderna
905 1350 43 20 Au-

189 1381 57 25 gusti
268 1382 173 22 1882—Januari
460 1384 54 20 1883
537 1384 121 26 uppkomna
682 1384 113 26 besparing
819 1383 12 21 &
854 1384 94 21 sekrete-

189 1416 168 26 rareaflöningen
382 1416 22 21 af
420 1418 61 25 1,018
506 1418 58 20 mark
580 1418 28 20 22
631 1418 69 26 penni,
725 1418 85 20 hvilken
834 1418 113 25 rätteligen

189 1449 48 21 bort
261 1450 126 22 observeras
408 1451 12 21 &
439 1452 170 20 direktörslönen
633 1452 38 20 och
691 1452 86 20 tillfalla
797 1451 84 26 kassan,
897 1457 51 15 vore
