1031 1678
227 121 26 18 48

196 185 55 26 slag,
274 185 66 26 gifvet
355 186 7 20 i
378 186 120 27 Kejserliga
519 187 105 22 Senatens
640 188 257 28 Justitie-Departement
917 190 41 22 den

197 221 28 18 30
241 219 58 21 Mars
324 221 61 25 1886,
409 220 49 22 fann
481 221 122 28 Kejserliga
626 222 95 23 Senaten
737 223 96 22 hvarken
849 225 109 21 Advokat-

196 254 89 22 fiskalen
302 254 52 22 eller
368 255 146 22 Arrendatorn
531 257 25 20 R.
571 256 64 22 hafva
650 257 112 27 förebragt
770 258 47 21 skäl
827 259 31 21 till
867 259 91 26 ändring

197 289 6 20 i
219 288 127 22 Hofrättens
362 289 78 27 utslag,
456 290 89 21 hvarvid
560 290 56 28 förty
632 291 85 22 komme
733 294 33 19 att
781 291 104 24 förblifva.

267 421 71 22 Sedan
354 422 40 21 hos
410 423 120 27 Kejserliga
546 424 94 22 Senaten
649 424 33 22 för
689 425 90 21 Finland
791 425 56 21 hade
857 425 100 25 anmälts,

197 458 34 19 att
245 456 35 21 vid
297 456 145 27 uppförandet
456 457 22 22 af
492 458 152 27 byggnaderna
659 459 34 22 för
703 460 135 21 seminariets
854 460 7 21 i
873 460 15 21 J.
900 461 58 20 man-

197 491 42 26 liga
255 491 109 27 afdelning
379 492 73 26 nägra
462 492 60 21 hvalf
539 493 6 21 i
565 493 222 28 bufvudbyggnadens
803 494 155 26 bottenvåning

197 525 99 22 nedfallit
312 525 40 22 och
368 526 67 21 andra
455 527 86 21 erhållit
557 528 24 21 så
600 529 63 20 svåra
678 535 87 15 remnor
781 531 31 18 att
828 529 26 21 de
870 529 90 26 antagli-

196 566 42 20 gen
263 559 62 22 äfven
341 561 70 21 måste
431 562 112 26 nedtagas,
564 563 120 25 anstäldes,
702 563 67 26 enligt
784 563 122 26 Kejserliga
922 563 38 22 Se-

197 596 77 20 natens
291 595 41 21 den
351 597 24 19 16
388 596 101 21 Februari
502 598 54 19 1882
566 597 127 21 meddelade
705 597 151 26 förordnande,
869 597 22 21 af
900 597 60 22 äldre

197 629 86 21 läraren
303 629 35 21 vid
362 630 153 27 Polytekniska
530 631 110 21 institutet
660 632 6 20 i
682 631 135 27 Helsingfors
833 632 127 21 Arkitekten

198 663 21 21 S.
241 669 40 21 syn
303 664 40 20 och
364 665 160 26 undersökning
545 665 41 21 den
608 668 11 19 3
637 666 40 20 och
693 669 14 17 4
723 666 58 20 Mars
797 672 82 14 samma
893 667 25 19 år
932 667 29 25 på

197 697 74 21 stället
287 698 6 20 i
309 700 92 20 närvaro
418 698 22 22 af
452 700 18 26 ej
488 700 83 20 mindre
587 700 169 21 medlemmarne
772 700 6 20 i
795 700 40 21 den
851 700 32 21 för
893 700 66 27 bygg-

199 732 142 22 nadsarbetet
357 733 91 21 tillsatta
463 734 119 26 bestyrelse
598 734 41 22 och
656 734 247 27 Kronobyggmästaren,
920 736 39 19 Ar-

196 767 99 21 kitekten
316 767 27 21 N.
359 770 27 18 än
402 768 67 21 förste
484 769 128 21 Arkitekten
635 769 34 21 vid
687 764 170 32 Öfverstyrelsen
874 768 32 22 för
922 769 37 21 all-

197 804 79 18 männa
292 802 152 26 byggnaderna
460 802 25 21 K.
516 803 129 21 Arkitekten
663 803 20 21 S.
700 803 73 21 inkom
789 804 123 20 sedermera
928 804 39 20 till:

198 836 122 26 Kejserliga
336 836 95 22 Senaten
447 838 48 20 med
510 837 109 27 protokoll
630 837 60 21 öfver
701 838 69 26 sagda
781 837 127 27 förrättning
920 838 40 20 och

199 870 112 22 utlåtande
326 871 7 20 i
349 870 75 27 frågan
441 873 55 19 samt
511 872 98 21 uttalade
625 872 45 20 deri
684 872 73 20 såsom
768 872 39 21 sitt
817 872 143 21 slutomdöme

198 904 134 22 beträffande
349 906 92 20 orsaken
457 906 32 20 till
506 906 39 21 den
562 906 80 21 timade
659 906 90 26 skadan,
766 908 33 19 att
814 906 26 21 de
857 906 31 22 för
898 906 61 22 arbe-

199 941 32 19 tet
246 940 122 26 uppgjorda
383 940 132 26 ritningarna
535 940 69 21 blifvit
624 941 7 20 i
647 940 39 22 allt
701 943 107 24 noggrant
823 940 71 28 följda,
911 941 49 21 med

199 973 76 27 tillägg
298 974 79 21 endast
399 974 23 21 af
440 974 66 27 några
528 974 173 27 förstärkningar
719 975 24 21 af
756 975 27 21 de
798 974 162 27 ifrågavarande

199 1007 98 22 hvalfven
315 1008 40 21 och
371 1009 63 20 deras
450 1009 110 26 underlag,
577 1011 33 19 att
625 1009 198 26 murningsarbetet
837 1008 79 22 utförts
932 1009 28 27 på

200 1045 33 18 ett
248 1043 96 20 utmärkt
360 1045 46 19 sätt
421 1043 40 21 och
477 1043 49 21 med
542 1043 141 22 användande
699 1043 24 21 af
736 1043 53 26 godt
799 1043 96 21 material
905 1047 56 18 samt

199 1079 34 19 att
248 1077 247 28 byggnadsbestyrelsen
511 1078 57 27 gjort
583 1078 39 21 allt
638 1078 56 21 hvad
703 1078 28 26 på
740 1078 124 21 densamma
873 1078 87 21 ankom-

200 1112 45 25 mit,
261 1117 49 16 men
327 1114 32 19 att
374 1112 133 26 ritningarna
522 1113 56 20 varit
593 1112 25 21 så
629 1112 129 27 uppgjorda,
775 1115 32 18 att
823 1113 69 26 någon
908 1113 52 26 möj-

199 1146 70 26 lighet
284 1146 33 21 för
332 1149 33 18 att
380 1146 99 21 hvalfven
504 1146 54 22 efter
574 1147 48 21 dem
638 1147 71 20 skulle
725 1147 82 20 kunnat
823 1146 81 22 utföras
921 1147 39 20 och

200 1180 66 22 blifva
281 1181 98 21 hållbara
394 1181 48 21 icke
458 1181 134 22 förefunnits.

269 1215 10 22 I
295 1215 116 27 anledning
427 1215 21 22 af
464 1216 60 21 detta
539 1215 113 22 utlåtande
668 1215 41 22 och
725 1215 57 22 hvad
797 1215 34 21 vid
843 1215 118 22 undersök-

200 1251 80 26 ningen
295 1250 85 27 inlupit,
397 1250 49 25 blef,
463 1250 67 27 enligt
544 1250 122 27 Kejserliga
677 1249 107 22 Senatens
792 1249 116 27 föreskrift,
919 1249 43 22 för-

201 1285 84 26 klaring
301 1284 108 21 affordrad
425 1285 127 20 Arkitekten
573 1284 34 26 K.,
623 1284 70 21 under
707 1283 64 22 hvars
787 1284 88 27 uppsigt
887 1285 76 20 ritnin-

201 1325 68 20 garna
283 1319 125 21 utarbetats
425 1319 40 22 och
474 1319 85 21 hvilken
568 1318 55 21 efter
632 1318 105 22 särskildt
744 1318 143 22 törordnande
896 1319 67 21 hand-

201 1352 46 22 haft
250 1353 157 27 inspektionen
418 1352 59 22 öfver
487 1352 141 22 omförmälda
639 1352 196 27 byggnadsarbete,
845 1352 119 28 hvarjemte

202 1388 100 20 bemälda
318 1382 158 32 Öfverstyrelse
496 1388 50 21 med
568 1387 145 26 underdånigt
728 1387 101 27 yttrande
843 1387 73 22 inkom
932 1388 32 20 till

199 1422 125 28 Kejserliga
340 1422 101 22 Senaten.
457 1422 33 21 Då
507 1422 91 22 ärendet
613 1422 69 26 derpå
698 1421 41 22 den
756 1423 11 19 6
777 1421 120 22 December
909 1424 54 19 1883
