1031 1678
114 413 39 25 II.
189 411 316 33 Bankfullmäktiges
524 412 277 33 framställningar

351 458 60 26 och
429 457 130 34 förslag.

77 528 19 19 1.
127 526 170 21 Bankkontoren
317 526 8 20 i
345 525 128 29 Jyväskylä,
495 526 31 21 S:t
546 526 82 21 Michel
648 526 37 21 och
706 526 129 21 Sordavala.

147 572 74 21 Såsom
237 571 62 22 ofvan
315 572 66 21 redan
397 572 90 26 anförts,
504 572 70 27 hafva,
589 572 28 27 på
632 573 67 26 grund
717 572 22 21 af
753 572 41 21 den
809 572 28 21 23

76 607 103 20 Februari
197 607 53 21 1887
268 606 122 21 meddeladt
405 607 75 26 nådigt
495 607 60 20 bifall
576 607 32 20 till
629 607 207 26 Bankfullmäktiges

76 641 165 26 framställning,
263 641 102 21 Finlands
384 641 73 21 Banks
477 641 78 21 kontor
571 641 70 20 blifvit
656 641 106 21 inrättade
778 641 5 20 i
799 641 37 26 Jy-

76 675 95 27 väskylä,
188 675 31 21 S:t
234 675 77 21 Michel
329 675 37 21 och
384 675 118 21 Sordavala
519 675 73 21 städer
608 677 61 24 samt,
685 675 67 27 enligt
766 674 71 22 Bank-

77 709 147 27 fullmäktiges
240 710 72 20 derom
325 710 103 20 särskildt
438 710 59 26 gifna
508 709 112 21 föreskrift
631 711 96 25 öppnats,
738 710 99 20 kontoret

77 744 5 20 i
100 744 32 21 S:t
148 744 76 21 Michel
241 744 40 21 den
299 744 10 20 1
330 744 133 26 derpåföljde
479 744 45 21 Juli
537 744 39 21 och
587 744 104 20 kontoren
703 744 5 20 i
720 743 116 27 Jyväskylä

78 778 39 21 och
133 778 117 21 Sordavala
266 779 39 20 den
323 779 9 20 1
345 778 132 26 September.
500 778 80 21 Tillika
591 778 60 21 biföll
663 778 91 21 Senaten
766 777 71 21 Bank-

78 812 153 27 fullmäktiges,
245 812 79 27 jemväl
341 812 62 21 ofvan
420 814 99 20 närmare
536 815 108 25 upptagna
660 812 127 21 hemställan
800 818 37 15 an-

76 846 83 27 gående
167 846 182 28 tjenstemännens
359 847 39 21 och
408 847 150 26 betjeningens
567 847 33 21 vid
610 847 104 21 kontoren
723 846 113 26 aflönings-

76 880 107 22 förmåner
199 883 55 19 samt
269 881 69 27 öfriga
354 881 89 27 utgifter
460 881 33 21 för
508 882 112 25 kontoren,
640 882 5 20 i
666 881 94 26 enlighet
775 881 62 21 hvar-

76 916 48 21 med
145 916 162 26 tilläggsanslag
327 916 47 20 med
396 916 77 26 10,400
496 916 60 20 mark
576 916 33 21 för
628 916 61 20 hvart
709 915 38 21 och
767 917 30 19 ett
815 915 24 21 af

77 948 139 28 ifrågavande
233 950 84 25 kontor,
333 950 5 20 i
355 950 103 21 händelse
475 950 126 21 bokhållare
617 950 53 21 eller
678 950 158 21 kassör
764 944 12 37 i
787 950 49 21 Ban-

76 984 41 21 ken
137 984 106 21 bestrider
262 984 254 27 föreståndaretjensten,
537 991 47 14 men
606 985 46 21 med
673 985 77 25 11,000
769 984 68 25 mark,

77 1024 33 15 om
127 1024 25 14 en
168 1024 76 21 person
265 1020 57 19 utom
342 1018 87 22 Banken
450 1018 72 21 dertill
542 1021 66 24 utses,
630 1019 68 21 skulle
716 1019 5 20 i
737 1018 100 21 Bankens

76 1053 43 20 stat
135 1054 112 25 upptagas.

145 1087 70 20 Jemte
231 1087 36 20 det
285 1087 145 26 Fullmäktige
450 1087 71 21 tillåta
536 1088 33 26 sig
584 1087 89 21 hänvisa
688 1087 32 21 till
737 1087 25 20 de
778 1087 6 20 i
801 1087 37 20 det

76 1120 136 22 förestående
228 1121 97 26 utförligt
341 1121 130 21 framhållna
488 1121 74 21 skälen
579 1121 33 22 för
628 1121 161 27 ifrågavarande
806 1121 31 21 åt-

76 1155 89 26 gärders
184 1155 134 26 vidtagande,
338 1155 55 26 våga
412 1155 144 27 Fullmäktige
576 1157 81 20 emotse
677 1158 32 19 att
729 1156 109 21 desamma

76 1188 62 21 skola
153 1189 63 21 vinna
231 1189 122 22 Utskottets
369 1190 38 21 och
420 1189 132 22 Ständernas
565 1191 98 26 benägna
673 1190 164 27 godkännande.

99 1265 21 20 2.
152 1264 95 27 Förslag
263 1264 36 21 till
314 1264 113 21 särskilda
444 1265 126 27 ändringar
585 1265 33 20 uti
634 1264 38 21 och
687 1265 78 26 tillägg
781 1264 36 20 till

144 1303 105 28 gällande
264 1304 127 27 reglemente
407 1304 39 21 och
462 1307 44 18 stat
521 1305 37 27 för
573 1305 112 20 Finlands
699 1304 72 21 Bank.

145 1354 31 21 På
191 1356 68 25 grund
276 1355 22 21 af
313 1355 133 22 Ständernas
466 1356 36 21 vid
520 1356 54 21 1882
591 1356 34 21 års
642 1356 102 26 landtdag
760 1356 77 25 beslut,

76 1389 159 21 öfverlemnade
251 1390 197 26 Bankfullmäktige
464 1390 33 21 till
509 1393 73 19 senast
593 1391 129 21 församlade
734 1390 104 22 Ständers

76 1423 144 21 Bankutskott
239 1424 80 26 förslag
339 1424 32 22 till
392 1427 46 25 nytt
458 1425 132 27 reglemente
611 1424 33 22 för
659 1425 102 21 Finlands
777 1424 60 21 Bank

76 1458 38 21 och
131 1464 26 21 ny
174 1458 129 21 instruktion
322 1458 33 21 för
374 1459 205 27 Bankfullmäktige,
596 1459 71 21 hvilka
683 1459 82 26 förslag
780 1461 58 18 utar-
