1031 1678
771 133 26 21 31

417 196 12 27 8
447 197 35 20 11.

141 232 24 26 a)
180 232 11 20 I
209 231 94 26 enlighet
325 231 48 21 med
394 230 164 21 föreskrifterna
576 229 7 21 i
602 229 11 27 $
634 230 39 20 111
692 229 23 20 af
727 229 100 26 gällande

72 266 129 26 reglemente
224 265 33 21 för
279 265 100 21 Finlands
398 264 62 21 Bank
479 264 63 20 hafva
560 263 195 26 Bankfullmäktige
775 263 50 21 åren

74 300 61 26 1885,
155 299 55 21 1886
229 299 40 21 och
289 299 53 21 1887
366 298 36 21 två
421 298 79 26 gånger
519 297 81 26 årligen
615 297 102 21 verkstält
733 297 94 22 invente-

72 334 46 26 ring
133 333 23 21 af
169 333 159 21 hufvudkassan
344 333 6 19 i
366 332 99 20 Bankens
480 331 60 21 hvalf
553 333 55 19 samt
624 331 22 20 af
659 331 7 20 i
681 331 88 21 Banken
784 331 43 21 för-

72 368 77 20 varade
171 367 79 25 vexlar,
273 366 175 26 lånehandlingar
472 366 40 20 och
534 367 82 24 panter,
639 365 88 20 hvarvid
749 365 78 26 jemväl

72 401 161 20 handkassorna
247 400 35 21 vid
297 400 183 21 hufvudkontoret
496 399 23 21 af
532 399 143 26 Fullmäktige
689 399 137 26 uppräknats.

141 435 68 20 Dessa
230 434 157 26 inventeringar
410 433 64 21 hafva
490 433 114 20 verkstälts
619 433 27 26 på
665 432 162 21 nedannämnde

72 469 66 20 tider:

139 502 68 21 under
227 502 54 21 1885
301 501 39 21 den
359 501 67 21 första
445 501 161 26 inventeringen
628 501 42 20 den
689 501 90 25 11—15,
799 500 26 21 17

72 537 38 20 och
131 536 26 21 19
176 536 90 26 Augusti
284 537 55 19 samt
357 535 41 21 den
418 535 67 21 andra
508 535 40 20 den
573 535 33 26 16,
631 535 32 26 18,
687 535 26 21 19
736 535 47 24 och,
798 535 26 20 21

71 570 126 25 December;

140 604 67 21 under
224 604 54 21 1886
295 604 40 20 den
352 604 82 20 16—21
452 603 92 26 Augusti
559 605 56 18 samt
630 603 41 20 den
687 603 82 21 13—17
786 603 39 20 och

72 639 27 20 30
113 638 117 21 December
245 638 40 21 och

138 671 68 20 under
223 671 53 20 1887
293 671 40 19 den
348 671 63 25 4—6,
428 671 71 20 8—10
514 671 41 20 och
570 671 28 20 30
614 671 91 25 Augusti
718 672 55 18 samt
784 670 40 20 den

72 705 83 21 12—17
171 704 124 21 December.

139 739 41 20 Vid
210 738 62 21 dessa
301 738 157 26 inventeringar
489 738 63 21 hafva
582 738 105 21 kassorna
717 738 108 21 befunnits

70 778 51 15 vara
143 772 48 21 med
212 772 100 20 Bankens
333 772 79 20 böcker
434 772 238 26 öfverensstämmande,
691 774 58 19 utom
769 772 55 20 hvad

72 806 65 26 angår
160 806 67 26 några
249 806 81 20 mindre
353 806 175 26 oegentligheter,
544 812 45 14 som
613 806 120 20 sedermera
755 806 70 20 blifvit

70 840 90 21 rättade.

834 206 136 21 Inventeringar.

833 229 19 21 a)
874 228 32 17 vid
930 229 41 18 huf-

841 251 129 19 vudkontoret.

139 874 22 26 0)
177 874 135 20 Beträffande
331 874 101 20 Bankens
451 873 199 27 afdelningskontor
667 874 64 20 hafva
754 874 92 21 Bank-%)
860 874 31 17 vid
903 874 66 17 konto-

70 908 138 26 fullmäktige,
231 908 28 26 på
281 914 79 14 samma
381 907 57 26 gång
460 907 158 21 förordnanden
637 908 34 20 för
689 908 26 20 de
730 907 23 21 af
766 908 58 20 Full-

70 942 94 26 mäktige
183 942 89 20 utsedde
291 941 313 21 diskontkomitéledamöterne
622 941 111 27 utfärdats,
747 941 78 27 jemväl

70 976 101 20 anmodat
193 976 60 20 desse
277 977 31 19 att
330 982 26 14 en
378 975 56 27 gång
453 976 6 20 i
475 976 105 20 månaden
603 975 27 27 på
652 976 61 25 tider,
732 981 45 15 som
799 975 26 21 de

72 1009 73 26 sjelfve
168 1009 64 20 funne
251 1009 32 20 för
301 1009 52 26 godt
372 1011 32 19 att
419 1009 7 21 i
445 1009 73 27 hvarje
533 1009 37 21 fall
585 1009 100 21 särskildt
700 1009 124 26 bestämma,

72 1043 116 21 verkställa
203 1043 127 21 föreskrifna
344 1043 158 26 inventeringar
517 1043 35 21 vid
567 1043 112 22 kontoren.

138 1077 115 21 Dessutom
269 1077 62 20 hafva
346 1077 146 27 inspektioner
507 1077 125 21 verkstälts:

138 1111 35 20 vid
196 1111 101 20 kontoret
318 1111 6 20 i
339 1105 46 27 Åbo
410 1111 41 21 den
474 1112 69 21 9—11
566 1112 52 21 Juni
641 1112 55 21 1885
715 1112 22 21 af
753 1112 72 21 Bank-

70 1145 122 20 direktören
216 1145 139 26 Charpentier
378 1145 40 21 och
438 1145 41 21 den
496 1145 56 21 4—6
569 1145 96 21 Oktober
681 1146 54 21 1887
751 1146 22 21 af
786 1152 39 15 un-

70 1179 130 20 dertecknad
215 1179 120 26 Meurman;

138 1213 35 20 vid
189 1213 101 20 kontoret
304 1213 7 20 i
326 1213 134 26 Björneborg
476 1213 41 21 den
532 1213 27 21 27
576 1213 39 21 och
631 1214 27 20 28
669 1213 88 22 Januari
769 1214 54 21 1887

70 1247 22 20 af
105 1247 184 20 Bankdirektören
305 1246 141 27 Charpentier
462 1248 56 20 samt
529 1247 41 21 den
581 1247 70 21 8—10
662 1247 95 22 Oktober
768 1248 55 20 1887

70 1280 23 21 af
105 1281 161 20 undertecknad
281 1280 120 26 Meurman;

137 1314 36 21 vid
191 1314 101 21 kontoret
316 1315 1 20 i
336 1314 90 27 Wiborg
444 1315 41 20 den
504 1315 57 21 3—5
580 1315 52 21 Juni
648 1315 55 22 1885
717 1315 24 21 af
753 1315 72 21 Bank-

70 1348 121 20 direktören
207 1348 139 26 Charpentier
362 1350 56 19 samt
434 1349 41 20 den
492 1349 84 21 16—18
592 1349 123 26 September
732 1349 54 21 1887
803 1348 23 21 af

69 1382 159 21 uudertecknad
243 1382 87 21 Donner
346 1382 39 21 och
401 1382 98 22 bemälde
514 1382 158 22 Bankdirektör
681 1384 143 25 gemensamt;

137 1416 36 20 vid
183 1416 100 21 kontoret
298 1416 7 21 i
320 1416 143 21 Tammerfors
480 1417 39 20 den
535 1417 26 21 31
578 1417 131 21 Januari--2
720 1416 105 22 Februari

70 1450 54 21 1887
141 1450 22 20 af
176 1450 185 21 Bankdirektören
377 1450 151 27 Charpentier;

830 902 34 12 ren
882 897 7 17 i
905 896 63 18 lands-

871 921 60 16 orten.
