1031 1678
215 126 28 22 50

186 189 41 21 och
250 188 143 22 Handlanden
416 189 22 21 C.
454 188 21 22 J.
490 188 107 21 Hartman
615 188 35 21 till
668 188 119 21 ledamöter
809 190 56 20 samt
887 189 61 22 Vice-

185 223 95 22 konsuln
295 223 124 21 Waldemar
434 223 121 21 Schauman
571 222 40 21 och
626 223 166 26 Borgmästaren
807 223 70 22 Isidor
893 224 55 21 Tau-

187 257 50 22 cher
251 257 35 22 till
301 258 148 26 suppleanter;

255 292 36 21 vid
309 292 102 21 kontoret
428 292 8 21 i
455 291 109 26 Uleåborg
582 291 167 26 Borgmästaren
767 292 76 21 Alarik
861 292 87 21 Hassel-

186 327 57 21 blatt
262 327 40 20 och
321 326 134 21 Fabrikören
475 326 115 26 Hemming
608 320 86 26 Åström
710 325 34 21 till
759 326 118 21 ledamöter
893 329 55 19 samt

186 360 212 21 Landskamreraren
416 360 20 21 J.
453 360 25 21 G.
494 360 100 26 Hortling
613 360 41 20 och
673 360 210 22 Politierådmannen
897 360 50 22 Joh.

187 394 72 27 Georg
275 394 109 21 Snellman
400 395 32 20 till
447 394 149 27 suppleanter;

256 428 36 21 vid
307 428 101 21 kontoret
427 429 3 20 i
445 428 85 27 Kuopio
546 428 189 22 Kommerserådet
751 429 60 21 Gust.
827 430 70 21 Ranin
908 430 39 21 och

187 463 124 27 Aptekaren
334 463 62 26 Hugo
420 463 83 26 Lignell
525 463 33 20 till
580 463 119 21 ledamöter
719 465 55 19 samt
788 463 159 28 Domkapitels-

187 497 149 22 sekreteraren
351 497 247 26 Vicehäradshöfdingen
613 497 85 26 August
708 497 122 22 Herckman
841 499 40 20 och
891 499 57 21 Råd-

187 537 93 16 mannen
297 531 68 21 Oskar
381 531 91 21 Castrén
486 531 33 21 till
534 531 146 27 suppleanter,
696 534 55 19 samt

257 566 37 21 vid
309 566 101 21 kontoret
425 566 7 20 i
462 571 80 15 Joensuu
557 565 203 27 Häradshöfdingen
771 566 123 22 Woldemar
904 568 44 26 Ny-

188 600 48 21 stén
259 600 41 21 och
322 600 143 21 Handlanden
487 600 93 21 Frithiof
600 600 159 27 Neppenström
778 601 33 20 till
829 601 119 22 ledamöter

187 636 56 19 samt
266 634 172 21 tullförvaltaren
460 635 59 20 Elias
542 634 136 21 Weckström
701 635 40 20 och
763 635 143 22 Handlanden
922 636 25 21 A.

187 668 122 22 Pakarinen
326 668 32 21 till
369 669 143 25 suppleanter,
522 669 120 25 hvarjemte
653 668 202 27 Häradshöfdingen
866 669 82 27 Nystén

187 702 142 22 förordnades
345 704 32 19 att
392 702 70 21 tillika
477 708 51 15 vara
542 702 135 21 kontrollant
691 702 36 21 vid
741 702 106 22 kontoret.

258 737 10 21 I
290 736 232 22 diskontkomit6ernas
545 737 142 21 omförmälda
702 738 191 26 sammansättning
908 738 39 21 har

187 772 69 20 under
276 771 41 21 den
335 771 38 25 tid,
389 771 139 21 förevarande
544 771 117 21 berättelse
677 771 106 27 omfattar,
798 772 95 21 inträffat
908 772 40 21 föl-

185 806 66 26 jande
273 805 157 27 förändringar,
453 805 69 21 sävidt
544 806 67 25 angär
633 806 146 20 ledamöterne
802 806 39 21 och
863 806 84 27 supple-

189 842 96 20 anterne.

259 874 40 21 Vid
318 874 101 21 kontoret
442 874 2 21 i
464 874 88 26 Wiborg
567 874 74 26 utsägs
657 874 40 21 den
713 875 28 20 24
755 875 120 21 November
892 875 56 21 1885

188 909 212 21 Hofrättsassessorn
422 909 25 21 A.
463 909 85 21 Kumlin
572 910 32 19 att
626 909 49 21 frän
694 908 39 21 den
755 910 11 20 1
785 909 90 21 Januari
893 910 54 20 1886

188 949 52 15 vara
254 943 96 21 ledamot
365 944 8 20 i
384 943 183 21 diskontkomitön
578 943 54 21 efter
642 943 139 26 Lagmannen
792 943 155 27 Weissenberg,

189 984 46 15 som
257 977 87 27 nädigst
366 978 100 20 inkallats
488 977 33 21 till
544 978 94 20 ledamot
657 978 8 20 i
685 977 104 21 Senatens
803 978 87 21 Justitie
905 978 44 20 De-

188 1013 128 25 partement.

258 1046 61 21 Efter
335 1046 36 21 det
385 1043 100 24 Konsuln
500 1045 48 22 Carl
565 1045 150 27 Stoltzenberg
730 1046 93 26 upplätit
838 1047 31 20 sin
886 1052 62 21 egen-

188 1081 50 20 dom
254 1080 34 21 till
303 1080 101 25 konkurs,
420 1080 139 21 förordnades
575 1080 41 21 den
632 1081 26 20 21
672 1080 57 21 Mars
741 1080 56 22 1885
808 1081 32 20 till
852 1081 96 20 diskont-

187 1115 178 20 komitöledamot
383 1114 36 21 vid
437 1114 100 21 kontoret
555 1114 7 21 i
581 1114 136 21 Nikolaistad
736 1114 7 21 i
763 1115 53 20 hans
831 1115 62 20 ställe
911 1121 38 14 nu-

188 1155 59 15 mera
270 1149 210 20 Hofrättsassessorn
502 1149 122 20 Alexander
646 1149 93 26 Tujulin,
762 1155 46 14 som
831 1149 54 20 dock
908 1149 39 20 den

188 1185 27 20 27
238 1184 92 21 Januari
353 1183 55 21 1887
431 1183 47 21 frän
500 1183 148 26 befattningen
668 1183 70 26 afgick
758 1183 39 20 och
813 1183 51 26 deri,
883 1183 67 26 enligt

187 1218 210 26 Pankfullmäktiges
412 1217 144 22 förordnande
572 1217 22 21 af
608 1224 83 14 samma
707 1217 46 26 dag,
771 1217 141 21 efterträddes
928 1217 24 21 af

187 1252 162 22 verkställande
371 1252 123 21 direktören
512 1252 7 20 i
538 1252 67 21 Wasa
624 1251 243 27 änggvarnsaktiebolag
887 1252 61 26 Hugo

189 1287 136 22 Sölfverarm.

258 1322 71 21 Sedan
348 1321 247 27 ledamotssuppleanten
614 1321 7 21 i
639 1321 184 21 diskontkomiten
842 1320 36 21 vid
895 1321 55 21 kon-

187 1357 59 21 toret
263 1356 8 21 i
289 1355 109 27 Uleäborg
421 1355 209 21 Politieräämannen
653 1355 71 21 Johan
747 1354 71 26 Georg
841 1354 109 22 Snellman

188 1390 75 27 aflidit,
279 1390 74 26 utsägs
369 1390 41 20 den
428 1390 26 20 16
470 1390 41 26 Maj
528 1390 56 22 1885
599 1390 33 21 till
643 1390 115 26 suppleant
769 1389 110 21 derstädes
889 1389 61 21 Vice-

187 1425 94 21 konsulu
297 1425 60 21 Leon
373 1424 103 22 Candelin
491 1424 49 27 j:or.

259 1460 41 21 Till
316 1458 288 22 diskontkomiteledamöter
619 1458 36 21 vid
671 1458 101 21 kontoret
786 1458 7 21 i
808 1458 85 27 Kuopio
904 1457 46 25 har,
