1031 1678
823 140 13 21 7

316 204 50 21 Den
382 205 28 20 25
426 203 116 22 november
559 204 55 21 1885
635 203 175 22 sammanträdde
825 202 41 22 för-

249 238 84 22 stärkta
349 237 295 28 Ständerhusdelegationen,
661 237 41 22 och
717 239 92 20 närvoro
819 237 48 21 där-

248 273 45 21 vid:
317 273 59 21 Ordf.
398 272 26 21 hr
439 272 39 21 Th.
494 271 105 28 Tallgvist
622 274 56 19 samt
700 271 167 22 medlemmarne

249 307 36 21 hrr
305 307 24 21 A.
350 307 132 26 Schauman,
500 306 26 21 G.
544 313 42 15 von
608 305 95 26 Alfthan,
723 305 22 22 C.
764 305 25 22 G.
805 306 63 21 Stan-

250 341 127 28 dertskjöld,
402 341 39 21 Th.
465 340 90 27 Decker,
580 340 25 22 E.
628 340 35 28 Hj.
687 340 132 27 Furuhjelm,
842 340 25 22 O.

251 375 95 26 Donner,
362 375 24 21 F.
403 375 24 21 V.
444 375 25 21 G.
486 375 66 27 Hjelt,
567 375 25 21 A.
603 374 109 24 Kihlman,
723 374 22 22 J.
756 374 111 26 Forsman,

251 409 23 23 C.
290 409 20 22 J.
327 409 135 28 Lindegvist,
478 409 22 21 C.
516 409 25 21 G.
557 409 122 26 Estlander,
695 409 24 21 E.
737 404 89 31 Öhman,
843 409 24 20 V.

251 440 93 31 Öhberg,
360 444 25 21 A.
396 443 24 22 F.
433 443 119 26 Wasenius,
564 443 24 22 L.
600 443 131 27 Borgström,
742 443 25 21 A.
777 443 24 22 F.
810 443 58 22 Alm-

249 479 60 27 berg,
326 479 24 20 A.
366 478 120 26 Meurman,
502 478 91 21 friherre
609 478 21 22 S.
647 477 134 28 Gripenberg
795 477 71 22 ochA.

250 513 32 21 W.
299 513 84 21 Melart.

466 582 49 27 81.

181 650 134 22 Protokollet
331 650 34 21 för
381 651 42 20 den
440 651 10 20 1
463 650 52 21 Juni
525 650 70 21 innev.
608 650 24 21 är
640 650 129 27 justerades,
779 649 90 22 hvarvid

112 686 24 20 af
150 684 147 22 förekommen
313 684 117 27 anledning
446 684 62 27 fräga
521 685 101 27 uppstod,
634 684 107 21 huruvida
751 683 117 23 förstärkta

113 719 154 28 delegationen
282 718 73 22 kunde
370 725 64 15 anses
449 718 112 28 beslutför,
576 719 50 21 med
640 719 84 21 mindre
735 720 27 20 än
773 721 32 19 att
815 718 54 22 fulla

112 753 86 22 antalet
217 754 28 21 20
262 753 25 21 af
305 754 48 20 dess
375 753 141 21 medlemmar
531 753 7 21 i
554 752 92 22 beslutet
668 755 51 25 togo
737 752 42 22 del.
809 752 60 22 Efter

112 788 89 21 kortare
217 787 162 28 öfverläggning
393 787 116 21 bordlades
524 788 72 29 denna
611 787 62 27 fräga
686 787 34 21 till
735 788 64 21 nästa
813 794 56 15 sam-

112 822 115 21 manträde
249 821 35 22 för
303 824 33 19 att
352 822 27 21 dä
395 821 33 21 till
444 822 82 27 slutligt
549 821 118 27 afgörande
689 824 109 25 upptagas
820 823 49 20 med

113 856 89 27 ledning
223 856 24 21 af
260 856 58 28 Kejs.
334 856 154 28 Kungörelsen
507 863 49 20 ang.
572 856 296 28 Ständerhusdelegationens

113 891 198 27 sammansättning
331 891 40 21 och
392 890 129 28 befogenhet
540 890 111 22 äfvensom
667 891 7 21 i
688 890 103 28 lämpliga
809 890 59 22 delar

113 925 25 21 af
153 925 24 21 L.
194 925 36 21 O:s
245 925 134 21 föreskrifter
394 926 92 20 rörande
502 925 182 22 Ständerutskott.

470 1023 13 26 $
499 1023 19 20 2

183 1061 59 22 Ordf.
258 1062 127 21 meddelade
402 1064 32 19 att
450 1063 43 20 den
508 1062 25 21 af
541 1062 83 27 deleg:n
635 1063 92 20 utsedda
737 1063 132 21 kommissio-

115 1103 43 14 nen
174 1096 33 21 för
222 1097 143 20 anskaffande
380 1096 25 21 af
413 1097 66 26 nödig
490 1097 116 26 utredning
616 1097 94 21 rörande
721 1096 107 22 särskilda
837 1097 33 20 till

115 1133 32 19 ett
170 1130 109 22 blifvande
303 1131 129 21 ständerhus
454 1131 150 27 ifrågakomna
626 1131 137 27 tomtplatser
781 1137 89 15 numera

114 1165 88 22 slutfört
220 1165 37 21 sitt
272 1166 100 27 uppdrag
392 1165 40 22 och
447 1165 7 21 i
470 1166 89 21 ärendet
574 1167 90 26 uppsatt
679 1167 32 19 ett
725 1165 144 27 betänkande,

114 1199 122 28 hvarjämte
251 1199 56 22 ordf.
323 1199 93 28 föreslog
432 1202 33 19 att
481 1200 66 27 sagde
558 1199 24 22 af
590 1199 149 22 sekreteraren
749 1199 120 28 skriftligen

114 1234 105 21 atfattade
233 1233 140 22 betänkande
388 1234 57 27 finge
460 1235 36 20 vid
507 1235 60 20 detta
576 1233 86 22 tillfälle
673 1234 33 21 för
721 1234 84 27 deleg:n
816 1241 54 21 upp-

114 1268 59 21 läsas
188 1270 56 19 samt
255 1269 123 21 sedermera
388 1269 34 21 till
430 1269 62 27 tryck
500 1269 112 21 befordras
620 1269 41 20 och
669 1269 106 20 sälunda
763 1264 10 37 i
787 1269 84 28 tryckta

115 1302 113 28 exemplar
243 1302 66 22 bland
323 1303 95 27 deleg:ns
434 1303 141 21 medlemmar
585 1303 7 20 i
602 1303 94 21 hemmet
705 1303 92 26 utdelas,
807 1303 64 22 hvar-

115 1336 55 22 efter
193 1336 54 22 först
266 1338 120 20 detsamma
408 1337 36 21 vid
463 1337 147 28 nästföljande
626 1338 161 20 sammanträde
802 1337 69 22 skulle

115 1370 34 21 till
163 1376 123 22 gemensam
301 1371 135 27 granskning
452 1371 24 21 af
489 1371 83 27 deleg:n
588 1371 115 27 företagas.

183 1404 62 22 Efter
259 1405 133 28 föregängen
408 1406 163 27 öfverläggning
582 1406 40 21 och
633 1406 66 21 sedan
703 1400 10 37 i
728 1405 54 28 följd
793 1406 24 22 af
825 1407 45 21 där-

115 1439 38 21 vid
167 1440 74 26 yppad
260 1439 181 28 meningsolikhet
459 1440 134 28 omröstning
610 1440 69 21 blifvit
694 1440 118 29 värkstäld,
827 1440 46 22 blef

791 1483 10 17 2
