1031 1678
433 129 92 21 XXXVI

53 202 37 13 nan
110 197 116 21 faststäldes,
245 200 49 15 samt
311 197 32 17 vid
361 196 51 19 ärets
431 197 39 18 slut

53 231 90 23 möjligen
172 231 118 18 återstående
314 232 155 23 skiljaktigheter

53 271 66 18 genom
134 267 147 22 agioberäkning
293 267 126 22 utjemnades;

77 337 27 16 att
125 335 98 18 Utskottet
245 337 88 16 anmärkt
353 337 31 17 det
404 337 64 17 bevill-

53 370 116 22 ningsmedel
187 370 30 18 till
234 370 55 23 högst
302 370 105 23 betydande
420 377 48 12 sum-

53 410 40 12 mor
106 404 59 18 under
176 405 137 22 jemförelsevis
326 404 43 24 lång
381 406 28 17 tid
418 406 51 23 legat

52 439 6 18 i
72 439 145 22 Statskontoret,
233 441 45 16 utan
291 442 27 15 att
331 441 94 17 derunder
437 443 31 20 gö-

53 479 31 12 ras
108 474 137 18 räntebärande
266 481 66 16 genom
354 475 76 23 uppköp
449 475 21 18 af

831 130 40 21 251

512 336 83 18 Emedan
607 332 6 30 =
624 336 185 22 bevillningsmedlen
836 338 66 20 utgöra

488 371 67 18 endast
567 377 23 12 en
602 372 57 17 kassa
671 371 30 17 för
713 371 119 18 bestridande
845 371 20 17 af
875 371 26 17 lö-

475 397 4 18 !
487 405 61 23 pande
568 405 78 23 utgifter
665 406 35 17 och
718 405 6 17 i
743 406 102 17 allmänhet
859 405 42 18 icke

476 456 2 15 |
494 441 58 17 kunna
565 439 94 24 päräknas
672 442 28 15 att
713 446 21 11 en
747 441 64 22 längre
823 440 28 18 tid
863 440 37 17 för-

487 475 59 18 blifva
565 475 102 21 oanvända,
686 475 35 18 har
737 481 22 12 en
774 475 95 23 placering
882 475 20 17 af

52 509 58 18 säkra
122 509 137 18 räntebärande
272 506 132 27 obligationer;
488 511 54 17 dessa
561 510 61 18 medel
634 511 6 16 i
653 510 136 17 räntebärande
804 509 96 23 obligatio-

476 557 2 15 |
487 541 33 21 ner
539 547 52 20 synts
608 545 199 22 finansförvaltningen
819 544 41 17 icke
873 549 28 12 er-

476 573 2 5 |
488 580 57 23 bjuda
555 573 56 24 säker
619 580 73 22 garanti
701 579 30 18 för
738 579 109 21 räntevinst,
855 580 46 16 enär

486 615 89 22 beloppet
590 615 20 17 af
626 615 35 17 den
673 614 101 23 inflytande
786 615 72 19 räntan,
872 612 27 19 sä-

476 641 1 32 |
488 655 38 12 som
545 649 93 18 beroende
655 649 20 18 af
686 649 34 18 den
733 649 100 22 tidslängd,
845 649 55 17 hvar-

476 675 1 3 |
487 684 59 17 under
570 684 74 17 medlen
664 684 49 17 varit
731 683 30 18 för
779 683 120 18 förräntande

487 719 111 22 disponibla,
623 718 93 18 mähända
735 718 61 18 skulle
816 718 84 18 befinnas

475 752 53 19 |icke
548 758 32 12 ens
596 753 103 22 tillräcklig
711 753 29 17 till
753 753 115 17 betäckande
881 752 20 18 af

475 796 2 3 i
486 788 99 18 skilnaden
604 788 79 17 emellan
702 788 157 22 obligationernas
872 788 27 16 in-

476 826 1 22 |
486 822 56 23 köps-
556 822 34 18 och
603 822 166 22 försäljningspris.

509 858 43 16 Med
574 857 87 18 afseende
681 856 11 18 &
712 856 187 20 förhandenvarande

486 894 60 15 större
567 891 102 23 tillgångar
689 892 20 16 af
727 891 172 22 bevillningsmedel

475 927 1 17 |
485 926 35 18 har
532 926 100 17 föreskrift
644 926 104 18 emellertid
760 931 77 12 numera
850 926 49 17 med-

475 949 1 38 |
486 960 60 18 delats
559 966 29 12 om
601 960 122 18 förräntande
735 960 104 18 tillsvidare
847 960 20 18 af
876 966 23 12 en

194 1010 45 4 p
325 1010 6 5 a
474 991 2 18 |
504 995 19 16 milj
606 996 18 16 k.

64 1009 73 21 Extra
153 1009 142 29 bevillningen
311 1011 35 20 till
357 1011 94 27 förmån
474 1000 76 34 [oudon
565 1000 40 12 mar

154 1050 43 26 för
211 1051 55 20 röda
282 1051 77 21 korset.
474 1058 1 10 i

74 1097 27 16 att
120 1095 24 18 då
163 1098 54 16 extra
235 1097 126 22 bevillningen
377 1097 30 18 för
419 1098 47 18 röda|
508 1098 67 17 Ehuru
590 1099 28 16 ett
629 1097 120 23 fullständigt
761 1097 106 18 afslutande
879 1097 21 18 af

51 1130 69 21 korset,
140 1131 76 22 jemlikt
237 1131 114 18 Ständernas
370 1132 32 17 vid
422 1133 43 18 1877
473 1126 8 33 |
486 1133 154 22 räkenskaperna
745 1132 110 22 uppbörden
879 1131 21 18 af

50 1163 31 18 års
94 1165 91 23 landtdag
197 1165 71 18 fattade
281 1166 66 21 beslut,
365 1166 109 23 uppburits'
484 1168 62 17 denna
564 1168 103 22 bevillning
684 1167 99 22 rätteligen
799 1167 42 17 bort
853 1167 44 17 bero

50 1199 68 18 endast
137 1199 30 18 för
187 1199 37 18 fem
243 1199 21 18 år
283 1201 45 17 eller
347 1201 59 17 under
420 1191 158 28 åren!intilldess
595 1202 21 17 de
634 1201 109 18 utestående
755 1203 84 16 resterna
852 1201 46 17 hun-

50 1234 115 17 1878—1882
178 1235 35 16 och
226 1234 107 19 densamma
344 1235 29 18 till
382 1235 47 18 fullo
438 1236 27 17 in-
474 1230 1 21 |
484 1237 29 17 nit
532 1237 92 17 indrifvas
642 1237 46 17 eller
703 1237 6 16 i
726 1236 42 23 laga
781 1235 78 23 ordning
872 1235 27 18 af-

49 1267 51 18 flutit
112 1270 49 16 samt
173 1268 60 23 någon
247 1269 101 23 anledning
360 1270 42 17 icke
416 1270 49 18 före-
485 1271 71 22 kortas,
569 1271 35 17 har
616 1270 66 23 åtgärd
694 1271 88 22 vidtagits
791 1270 71 17 derhän
871 1271 28 16 att

49 1302 68 18 funnes
130 1304 29 16 att
171 1303 116 18 fortfarande
296 1304 65 18 härför
369 1304 97 19 bibehålla
484 1305 52 18 såväl
550 1305 34 18 den
597 1305 31 18 vid
641 1305 93 22 utgången
747 1305 20 18 af
778 1304 21 18 år
813 1305 43 17 1885
867 1305 32 17 be-

49 1338 28 16 ett
89 1337 91 17 särskildt
192 1338 63 21 konto,
268 1339 128 22 räkningarna
407 1338 67 19 borde
465 1333 9 33 |
485 1340 74 22 fintliga
568 1341 91 16 kontanta
667 1339 138 23 behållningen,
815 1344 39 12 som
863 1339 36 17 ock

48 1371 80 18 afslutas
148 1374 49 15 samt
211 1372 182 23 tillgodohafvandet
406 1374 59 17 öfver-
485 1374 22 18 de
520 1374 32 17 vid
564 1380 71 12 samma
648 1374 88 22 tidpunkt
749 1373 110 19 utestående
870 1378 28 12 re-

48 1406 51 18 föras
112 1407 30 17 till
155 1407 95 18 allmänna
262 1408 191 23 bevillningsfonden;
472 1409 76 20 |sterna
560 1409 64 17 blifvit
636 1409 5 17 i
655 1409 86 17 afseende
754 1408 11 18 å
775 1408 124 18 redovisande

472 1443 120 17 'öfverförda
615 1443 29 17 till
665 1443 94 18 allmänna
779 1442 120 22 bevillnings-

473 1478 1 24 |
484 1477 75 18 fonden.

667 1133 52 17 öfver
