1031 1678
369 137 24 19 U.
407 137 22 19 B.
442 148 22 3 —
476 137 38 20 N:o
527 138 18 19 1.
799 139 12 18 3

79 196 50 16 utom
142 195 83 22 anslaget
236 194 29 18 för
276 194 110 23 föreningen
400 194 84 18 Svenska
495 194 115 18 folkskolans
619 197 71 16 vänner
696 195 89 19 minskats
791 195 42 19 frän

78 223 52 22 4,500
147 223 29 18 till
193 223 51 22 3,000
256 223 57 18 mark.
337 223 38 17 Det
392 223 98 18 härstädes
506 223 22 18 &r
540 223 45 18 1885
597 223 141 19 konstituerade
751 225 83 18 Svenska

78 251 209 24 Litteratursällskapet,
306 257 38 12 som
362 251 59 18 redan
440 251 68 18 hunnit
520 252 88 17 utveckla
620 257 23 13 en
656 253 88 18 särskildt
756 253 29 18 för
797 253 36 18 den

79 280 137 18 fosterländska
235 279 181 24 häfdeforskningen
436 279 122 24 förtjenstfull
576 281 122 22 verksamhet,
716 281 53 18 torde
788 282 46 17 böra

79 309 126 23 ihägkommas
218 309 41 18 med
271 311 27 16 ett
309 309 103 18 understöd
424 309 21 17 af
455 309 52 22 5,000
519 309 57 22 mark,
588 309 49 18 helst
649 309 102 24 sällskapet
759 310 74 18 härtills

78 338 43 18 icke
134 337 153 23 tillgodokammit
299 337 57 23 något
368 337 67 22 bidrag
447 337 21 17 af
479 337 94 18 allmänna
584 337 66 18 medel.

147 366 170 22 Bankfallmäktige
335 366 61 17 tillåta
414 366 29 22 sig
458 365 64 18 derför
533 366 95 18 vördsamt
639 366 69 18 föreslå
720 368 27 16 att
759 366 74 18 landets

80 394 99 23 högloflige
192 394 78 18 Ständer
282 394 44 18 ville
338 394 84 17 besluta:

148 425 27 16 att
192 423 21 18 af
226 423 22 18 de
261 422 106 23 disponibla
379 422 118 21 vinstmedel,
512 422 64 18 hvilka
589 422 36 18 den
636 422 22 18 31
670 423 105 18 December
787 423 46 18 1887

78 451 99 18 innostodo
188 451 8 18 i
207 451 69 18 fonden
288 451 43 18 Litt.
351 451 7 17 B
371 453 49 16 samt
435 450 61 18 under
508 451 45 18 åren
565 451 114 18 1888—1890
690 451 74 24 tillflyta
775 451 58 24 sagde

79 480 38 22 fod,
135 481 60 17 under
211 480 99 23 nästsagde
329 480 21 17 år
367 480 39 17 låta
423 480 7 17 i
446 480 43 17 män
502 479 20 18 af
534 479 103 23 tillgången
649 480 30 17 till
691 480 142 19 nedannämnda

80 509 85 18 samfund
183 510 7 17 i
209 511 26 16 ett
246 509 29 18 för
287 509 32 17 allt
331 508 85 18 utbetala
427 508 84 23 följande
523 508 73 23 belopp,
610 509 102 22 nemligen:
731 509 19 18 åt
762 509 71 18 Finska

79 538 169 23 Konstföreningen
265 537 52 22 5,000
333 537 36 18 och
381 537 273 24 Folkupplysningssällskapet
665 538 52 21 7,000
728 538 57 21 mark,
801 538 31 17 till

79 567 53 18 hvart
143 567 35 18 och
191 568 26 16 ett
228 566 21 18 af
259 566 109 18 samfunden
381 566 84 17 Societas
477 571 33 18 pro
523 565 55 18 fauna
591 568 19 16 et
622 566 47 18 flora
680 566 79 22 fennica,
768 567 64 17 Histo-

79 596 52 18 riska
149 595 104 18 samfundet
272 595 34 18 och
318 595 150 22 Finsk-Ugriska
480 595 103 22 sällskapet
595 595 51 21 5,000
658 595 58 22 mark,
731 595 18 18 &t
761 595 71 18 Finska

79 624 232 23 Fornminnesföreningen
329 624 52 21 4,000
399 623 58 22 mark,
476 623 83 18 Svenska
574 623 114 18 folkskolans
700 625 70 17 vänner
780 624 53 21 3,000

79 653 53 18 mark
150 653 35 18 och
203 653 82 18 Svenska
302 652 208 22 Litteratursällskapet
527 652 52 21 5,000
591 652 59 22 mark,
665 652 30 18 för
707 654 27 16 att
745 652 22 18 af
777 652 56 19 dessa

80 681 85 19 samfund
177 681 93 18 användas
281 680 30 18 till
323 680 105 23 främjande
441 680 21 18 af
472 680 55 18 deras
539 680 91 18 ändamål.

147 710 110 18 Transsumt
273 714 23 13 ur
313 709 114 23 protokollet
444 708 52 19 öfver
514 709 36 18 den
568 710 32 17 vid
618 709 87 19 ärendets
718 710 114 22 behandling

80 738 78 18 emellan
169 738 169 22 Bankfullmäktige
350 737 110 18 förekomna
472 738 215 23 meningsskiljaktighet
699 738 83 23 bilägges
789 738 43 18 här-

77 767 63 23 jemte.

373 818 27 22 L.
416 818 123 22 Lindelöf.

148 869 21 23 F.
185 868 122 29 Stjernvall.
395 869 22 22 0.
432 870 90 22 Donner.
610 870 24 22 A.
650 870 113 22 Meurman.

610 920 21 22 J.
648 920 25 22 L.
689 920 113 22 Snellman.

316 1023 110 17 Transsumt
444 1029 22 12 ur
484 1023 119 23 protokollet,
626 1023 49 18 fördt
691 1023 32 18 vid
741 1023 91 18 Finlands

283 1051 89 18 Ständers
393 1051 183 24 Bankfullmäktiges
597 1052 136 18 sammanträde
754 1052 36 18 den
809 1053 23 17 12

283 1081 51 17 Mars
351 1080 53 21 1888;
423 1081 116 18 närvarande
558 1081 65 18 dervid
640 1081 124 18 ordföranden
781 1081 51 18 Herr

282 1109 20 18 L.
320 1108 90 18 Lindelöf
421 1111 48 15 samt
481 1109 71 18 Herrar
564 1109 20 18 F.
598 1109 105 23 Stjernvall,
721 1109 20 18 O.
753 1109 79 19 Donner

283 1137 34 18 och
329 1137 21 18 A.
363 1137 103 18 Meurman.

436 1190 40 21 $1

146 1224 37 18 Till
201 1224 64 23 slutlig
283 1224 64 23 åtgärd
365 1223 81 24 företogs
466 1224 78 18 ärendet
558 1230 30 12 om
600 1224 119 24 uppgörande
731 1224 20 17 af
761 1224 71 23 förslag

78 1252 80 18 rörande
175 1253 140 22 använgningen
328 1252 21 18 af
359 1253 109 22 disponibla
480 1253 61 18 medel
554 1253 6 18 i
573 1253 130 22 Längmanska
713 1254 118 17 testaments-

78 1281 69 18 fonden
164 1281 44 18 Litt.
226 1281 21 22 B,
265 1281 35 18 och
317 1281 73 18 beslöto
404 1281 174 24 Bankfullmäktige
594 1281 64 19 dervid
671 1283 26 16 att
707 1281 30 18 till
749 1280 82 19 Bankut-

78 1309 69 18 skottet
159 1309 56 18 aflåta
227 1315 23 12 en
263 1309 99 24 sålydande
375 1309 100 18 skrifvelse
488 1310 7 17 i
507 1312 69 16 ämnet:

145 1394 50 18 Från
213 1394 181 24 Bankfullmäktiges
411 1394 119 19 förestående
548 1396 62 17 beslut
628 1400 32 13 var
672 1395 49 18 Herr
732 1395 97 18 Meurman

78 1423 96 23 skiljaktig
185 1425 48 15 samt
243 1424 81 22 yttrade:

146 1452 137 18 Bankutskottets
295 1452 105 18 betänkande
411 1452 35 17 N:o
459 1453 16 17 1.
