1031 1678
175 130 28 21 56

147 193 59 21 velse
225 192 108 21 utskottet
353 192 130 28 redogjorde
502 192 7 21 i
527 191 67 29 detalj
615 191 34 22 för
668 191 112 29 förloppet
795 192 25 22 af
833 192 77 22 under-

146 226 162 27 handlingarna
318 226 36 22 vid
365 227 68 27 sagda
442 227 75 28 inköp.
548 226 62 22 Efter
620 226 147 28 uppläsandet
777 227 66 22 häraf
851 227 59 21 med-

147 260 78 22 delade
240 261 119 22 utskottets
375 261 55 22 ordf.
446 261 48 22 frih.
511 268 19 15 v.
546 260 90 23 Alfthan
653 262 60 21 ännu
729 261 119 28 muntligen
865 262 45 20 sär-

147 295 72 22 skilda
233 295 159 28 upplysningar
406 302 50 21 ang.
473 296 26 21 de
514 295 36 22 vid
566 295 72 28 köpen
654 295 5 21 i
672 295 62 28 fråga
745 295 85 22 fästade
841 295 71 22 vilkor

148 329 40 21 och
211 329 56 22 aftal
289 331 56 19 samt
365 329 75 21 anhöll
458 336 34 15 om
513 330 175 27 bemyndigande
704 329 33 22 för
753 330 106 22 utskottet
877 331 34 20 1:o

147 366 33 19 att
195 364 69 22 redan
280 370 35 16 om
329 364 77 27 fredag
422 364 41 21 den
479 365 27 21 29
522 364 7 21 i
545 364 73 22 denna
632 364 81 22 månad
723 364 55 28 lyfta
787 366 32 20 ett
830 364 81 28 belopp

148 399 25 20 af
193 398 94 26 500,000
308 398 37 21 mk
366 398 34 21 för
414 398 164 21 värkställande
593 398 25 21 af
630 398 108 28 inköpen;
755 400 56 20 samt
825 399 36 21 2:o
877 400 33 20 att

149 433 12 21 å
177 433 97 27 deleg:ns
290 434 82 26 vägnar
387 433 81 21 afsluta
483 432 119 29 hyresaftal
618 432 34 22 för
668 434 63 20 nästa
747 433 25 21 är
787 440 28 15 m.
831 440 28 14 m.

128 464 3 1 |
217 467 10 21 I
243 467 120 28 anledning
385 467 66 22 häraf
470 467 86 28 yttrade
575 467 27 20 hr
622 466 181 29 Standertskjöld,
819 469 32 20 att
867 467 41 22 enl.

147 501 57 22 hans
227 501 88 28 mening
338 501 121 22 förstärkta
485 501 85 28 deleg:n
593 501 68 22 borde
683 501 169 22 sammankallas
877 501 34 22 för

148 536 93 28 förnyad
259 535 135 28 behandling
408 535 25 22 af
449 535 149 28 föreliggande
614 535 147 28 inköpsfråga,
777 537 53 20 enär
846 537 26 20 de
888 535 27 22 af

148 570 119 22 statsrådet
289 577 20 15 v.
335 570 133 21 Willebrand
488 569 119 28 uppstälda
627 570 98 22 vilkoren
745 570 105 29 betydligt
866 570 43 22 för-

149 606 90 21 ändrats
262 607 46 19 mot
330 605 57 21 hvad
408 604 118 22 förstärkta
546 604 84 27 deleg:n
649 605 36 21 vid
701 605 37 21 det
754 605 64 22 ofvan
834 605 76 21 åbero-

149 641 57 26 pade
221 639 107 22 beslutets
343 639 99 22 fattande
457 639 57 22 hade
530 639 32 27 sig
577 639 89 22 bekant.

218 674 74 22 Sedan
308 674 61 21 detta
384 674 98 27 yrkande
498 673 24 21 af
534 680 27 14 en
578 673 35 22 del
628 673 141 21 medlemmar
785 673 70 22 blifvit
870 680 38 14 un-

149 709 105 25 derstödt,
271 708 24 22 af
313 709 70 21 andra
403 708 47 22 åter
468 708 118 27 motsagdt,
606 708 81 21 beslöts
703 709 32 20 att
751 708 72 21 försök
839 707 72 22 skulle

147 744 65 26 göras
236 745 33 19 att
291 743 23 21 få
337 742 84 28 deleg:n
441 742 33 22 till
495 742 103 22 förstärkt
614 742 61 22 antal
691 744 34 19 att
740 742 169 25 sammanträda,

147 778 69 21 innan
239 777 71 22 beslut
327 783 48 21 ang.
396 776 136 22 förestående
550 776 82 22 medels
651 777 167 21 utanordnande
840 776 71 21 skulle

148 812 109 22 definitivt
281 812 76 26 fattas;
381 811 55 22 dock
458 813 34 20 att
514 811 79 27 köpets
616 811 153 21 fullbordande
789 810 47 22 icke
852 811 59 27 finge

148 846 86 22 utöfver
253 847 43 21 den
316 846 135 28 begränsade
470 846 59 21 tiden
548 845 24 22 af
591 845 57 28 april
663 846 91 21 månads
769 846 82 26 utgång
866 844 43 22 för-

149 882 74 27 dröjas
239 881 41 21 och
296 881 92 21 sålunda
404 880 102 28 möjligen
522 880 163 27 omintetgöras,
701 880 46 22 ifall
759 881 60 21 detta
829 879 82 28 försök,

150 917 71 21 såsom
237 916 107 27 antagligt
359 922 45 20 var,
420 914 69 22 skulle
505 914 132 28 misslyckas.

693 954 22 17 In
728 954 69 18 fidem:

648 984 21 21 C.
685 984 15 21 J.
718 983 121 27 Lindeqvist.

357 1121 47 22 Den
420 1122 26 21 27
463 1120 61 28 April
541 1121 54 21 1887
612 1120 177 21 sammanträdde
806 1119 106 22 Ständer-

288 1155 194 28 husdelegationen
498 1156 13 21 å
526 1155 83 27 vanligt
624 1154 70 27 ställe,
706 1153 40 22 och
757 1155 91 20 närvoro
861 1154 49 20 där-

288 1191 44 20 vid:
349 1190 60 21 Ordf.
425 1190 25 21 hr
466 1189 105 28 Tallqvist
586 1191 56 20 samt
658 1189 38 21 hrr
712 1188 131 25 Schauman,
859 1187 51 21 frih.

288 1232 19 15 v.
323 1224 97 26 Alfthan,
439 1223 183 30 Standertskjöld,
637 1223 93 25 Decker,
752 1221 160 28 Wasastjerna,

288 1259 108 26 Kiblman,
416 1259 64 28 Lyra,
499 1259 111 25 Forsman,
632 1257 135 28 Lindeqvist,
783 1256 127 25 Estlander,

289 1289 90 30 Öhman,
396 1293 112 26 Sanmark,
520 1293 83 27 Elving,
616 1287 93 32 Öhberg,
720 1291 108 28 Almberg,
839 1291 71 21 Meur-

288 1335 57 19 man,
361 1327 79 22 Melart
456 1327 39 21 och
510 1327 102 27 Löfgren.

503 1396 13 26 8
535 1396 17 20 1.

217 1436 134 22 Protokollet
367 1436 33 21 för
416 1436 40 21 den
472 1436 14 21 2
502 1435 61 28 April
576 1434 132 28 justerades.
