<?xml version="1.0" encoding="UTF-8"?>
<alto xmlns="http://www.loc.gov/standards/alto/ns-v3#" xmlns:xlink="http://www.w3.org/1999/xlink" xmlns:xsi="http://www.w3.org/2001/XMLSchema-instance" xsi:schemaLocation="http://www.loc.gov/standards/alto/ns-v3# http://www.loc.gov/alto/v3/alto-3-0.xsd">
	<Description>
		<MeasurementUnit>pixel</MeasurementUnit>
		<sourceImageInformation>
			<fileName>/tmp/tess_qx_71ves_input.PNG</fileName>
		</sourceImageInformation>
		<OCRProcessing ID="OCR_0">
			<ocrProcessingStep>
				<processingSoftware>
					<softwareName>tesseract 5.3.4</softwareName>
				</processingSoftware>
			</ocrProcessingStep>
		</OCRProcessing>
	</Description>
	<Layout>
		<Page WIDTH="1031" HEIGHT="1678" PHYSICAL_IMG_NR="0" ID="page_0">
			<PrintSpace HPOS="0" VPOS="0" WIDTH="1031" HEIGHT="1678">
				<ComposedBlock ID="cblock_0" HPOS="823" VPOS="122" WIDTH="27" HEIGHT="21">
					<TextBlock ID="block_0" HPOS="823" VPOS="122" WIDTH="27" HEIGHT="21">
						<TextLine ID="line_0" HPOS="823" VPOS="122" WIDTH="27" HEIGHT="21">
							<String ID="string_0" HPOS="823" VPOS="122" WIDTH="27" HEIGHT="21" WC="0.95" CONTENT="37"/>
						</TextLine>
					</TextBlock>
				</ComposedBlock>
				<ComposedBlock ID="cblock_1" HPOS="121" VPOS="183" WIDTH="768" HEIGHT="1267">
					<TextBlock ID="block_1" HPOS="121" VPOS="183" WIDTH="763" HEIGHT="542">
						<TextLine ID="line_1" HPOS="191" VPOS="183" WIDTH="690" HEIGHT="28">
							<String ID="string_1" HPOS="191" VPOS="184" WIDTH="32" HEIGHT="21" WC="0.95" CONTENT="Hr"/><SP WIDTH="14" VPOS="184" HPOS="223"/>
							<String ID="string_2" HPOS="237" VPOS="183" WIDTH="110" HEIGHT="22" WC="0.93" CONTENT="Kihlman"/><SP WIDTH="16" VPOS="183" HPOS="347"/>
							<String ID="string_3" HPOS="363" VPOS="183" WIDTH="77" HEIGHT="28" WC="0.95" CONTENT="bragte"/><SP WIDTH="16" VPOS="183" HPOS="440"/>
							<String ID="string_4" HPOS="456" VPOS="183" WIDTH="7" HEIGHT="21" WC="0.96" CONTENT="i"/><SP WIDTH="15" VPOS="183" HPOS="463"/>
							<String ID="string_5" HPOS="478" VPOS="184" WIDTH="87" HEIGHT="21" WC="0.96" CONTENT="erinran"/><SP WIDTH="17" VPOS="184" HPOS="565"/>
							<String ID="string_6" HPOS="582" VPOS="186" WIDTH="39" HEIGHT="23" WC="0.95" CONTENT="att,"/><SP WIDTH="17" VPOS="186" HPOS="621"/>
							<String ID="string_7" HPOS="638" VPOS="185" WIDTH="28" HEIGHT="20" WC="0.96" CONTENT="då"/><SP WIDTH="15" VPOS="185" HPOS="666"/>
							<String ID="string_8" HPOS="681" VPOS="184" WIDTH="62" HEIGHT="27" WC="0.96" CONTENT="fråga"/><SP WIDTH="10" VPOS="184" HPOS="743"/>
							<String ID="string_9" HPOS="753" VPOS="183" WIDTH="54" HEIGHT="22" WC="0.93" CONTENT="först"/><SP WIDTH="10" VPOS="183" HPOS="807"/>
							<String ID="string_10" HPOS="817" VPOS="184" WIDTH="64" HEIGHT="21" WC="0.90" CONTENT="väck-"/>
						</TextLine>
						<TextLine ID="line_2" HPOS="122" VPOS="217" WIDTH="759" HEIGHT="28">
							<String ID="string_11" HPOS="122" VPOS="221" WIDTH="33" HEIGHT="19" WC="0.96" CONTENT="tes"/><SP WIDTH="22" VPOS="221" HPOS="155"/>
							<String ID="string_12" HPOS="177" VPOS="219" WIDTH="8" HEIGHT="20" WC="0.90" CONTENT="i"/><SP WIDTH="24" VPOS="219" HPOS="185"/>
							<String ID="string_13" HPOS="209" VPOS="219" WIDTH="84" HEIGHT="26" WC="0.90" CONTENT="deleg:n"/><SP WIDTH="19" VPOS="219" HPOS="293"/>
							<String ID="string_14" HPOS="312" VPOS="225" WIDTH="35" HEIGHT="14" WC="0.92" CONTENT="om"/><SP WIDTH="16" VPOS="225" HPOS="347"/>
							<String ID="string_15" HPOS="363" VPOS="218" WIDTH="111" HEIGHT="21" WC="0.92" CONTENT="aflåtande"/><SP WIDTH="16" VPOS="218" HPOS="474"/>
							<String ID="string_16" HPOS="490" VPOS="218" WIDTH="24" HEIGHT="21" WC="0.96" CONTENT="af"/><SP WIDTH="14" VPOS="218" HPOS="514"/>
							<String ID="string_17" HPOS="528" VPOS="225" WIDTH="26" HEIGHT="14" WC="0.96" CONTENT="en"/><SP WIDTH="16" VPOS="225" HPOS="554"/>
							<String ID="string_18" HPOS="570" VPOS="217" WIDTH="115" HEIGHT="28" WC="0.95" CONTENT="förfrågan"/><SP WIDTH="15" VPOS="217" HPOS="685"/>
							<String ID="string_19" HPOS="700" VPOS="218" WIDTH="39" HEIGHT="21" WC="0.93" CONTENT="hos"/><SP WIDTH="16" VPOS="218" HPOS="739"/>
							<String ID="string_20" HPOS="755" VPOS="219" WIDTH="126" HEIGHT="20" WC="0.90" CONTENT="riddarhus-"/>
						</TextLine>
						<TextLine ID="line_3" HPOS="122" VPOS="252" WIDTH="759" HEIGHT="27">
							<String ID="string_21" HPOS="122" VPOS="253" WIDTH="143" HEIGHT="25" WC="0.96" CONTENT="direktionen,"/><SP WIDTH="24" VPOS="253" HPOS="265"/>
							<String ID="string_22" HPOS="289" VPOS="252" WIDTH="108" HEIGHT="21" WC="0.96" CONTENT="huruvida"/><SP WIDTH="24" VPOS="252" HPOS="397"/>
							<String ID="string_23" HPOS="421" VPOS="253" WIDTH="42" HEIGHT="20" WC="0.96" CONTENT="den"/><SP WIDTH="23" VPOS="253" HPOS="463"/>
							<String ID="string_24" HPOS="486" VPOS="252" WIDTH="51" HEIGHT="21" WC="0.94" CONTENT="ville"/><SP WIDTH="23" VPOS="252" HPOS="537"/>
							<String ID="string_25" HPOS="560" VPOS="252" WIDTH="72" HEIGHT="21" WC="0.96" CONTENT="tillåta"/><SP WIDTH="14" VPOS="252" HPOS="632"/>
							<String ID="string_26" HPOS="646" VPOS="252" WIDTH="149" HEIGHT="27" WC="0.95" CONTENT="uppförandet"/><SP WIDTH="16" VPOS="252" HPOS="795"/>
							<String ID="string_27" HPOS="811" VPOS="253" WIDTH="24" HEIGHT="21" WC="0.95" CONTENT="af"/><SP WIDTH="14" VPOS="253" HPOS="835"/>
							<String ID="string_28" HPOS="849" VPOS="255" WIDTH="32" HEIGHT="19" WC="0.95" CONTENT="ett"/>
						</TextLine>
						<TextLine ID="line_4" HPOS="121" VPOS="286" WIDTH="760" HEIGHT="28">
							<String ID="string_29" HPOS="121" VPOS="287" WIDTH="152" HEIGHT="22" WC="0.91" CONTENT="treståndshus"/><SP WIDTH="12" VPOS="287" HPOS="273"/>
							<String ID="string_30" HPOS="285" VPOS="287" WIDTH="28" HEIGHT="27" WC="0.92" CONTENT="på"/><SP WIDTH="16" VPOS="287" HPOS="313"/>
							<String ID="string_31" HPOS="329" VPOS="288" WIDTH="94" HEIGHT="26" WC="0.92" CONTENT="sqvären"/><SP WIDTH="16" VPOS="288" HPOS="423"/>
							<String ID="string_32" HPOS="439" VPOS="286" WIDTH="90" HEIGHT="21" WC="0.96" CONTENT="framför"/><SP WIDTH="16" VPOS="286" HPOS="529"/>
							<String ID="string_33" HPOS="545" VPOS="287" WIDTH="144" HEIGHT="25" WC="0.96" CONTENT="riddarhuset,"/><SP WIDTH="17" VPOS="287" HPOS="689"/>
							<String ID="string_34" HPOS="706" VPOS="287" WIDTH="37" HEIGHT="21" WC="0.93" CONTENT="tal."/><SP WIDTH="10" VPOS="287" HPOS="743"/>
							<String ID="string_35" HPOS="753" VPOS="289" WIDTH="76" HEIGHT="25" WC="0.93" CONTENT="genast"/><SP WIDTH="10" VPOS="289" HPOS="829"/>
							<String ID="string_36" HPOS="839" VPOS="288" WIDTH="42" HEIGHT="20" WC="0.92" CONTENT="för-"/>
						</TextLine>
						<TextLine ID="line_5" HPOS="121" VPOS="321" WIDTH="760" HEIGHT="27">
							<String ID="string_37" HPOS="121" VPOS="321" WIDTH="90" HEIGHT="21" WC="0.95" CONTENT="klarade"/><SP WIDTH="16" VPOS="321" HPOS="211"/>
							<String ID="string_38" HPOS="227" VPOS="323" WIDTH="32" HEIGHT="25" WC="0.96" CONTENT="sig"/><SP WIDTH="15" VPOS="323" HPOS="259"/>
							<String ID="string_39" HPOS="274" VPOS="328" WIDTH="51" HEIGHT="14" WC="0.96" CONTENT="vara"/><SP WIDTH="16" VPOS="328" HPOS="325"/>
							<String ID="string_40" HPOS="341" VPOS="323" WIDTH="45" HEIGHT="19" WC="0.96" CONTENT="mot"/><SP WIDTH="16" VPOS="323" HPOS="386"/>
							<String ID="string_41" HPOS="402" VPOS="321" WIDTH="68" HEIGHT="21" WC="0.96" CONTENT="sådan"/><SP WIDTH="17" VPOS="321" HPOS="470"/>
							<String ID="string_42" HPOS="487" VPOS="321" WIDTH="77" HEIGHT="26" WC="0.96" CONTENT="åtgärd"/><SP WIDTH="16" VPOS="321" HPOS="564"/>
							<String ID="string_43" HPOS="580" VPOS="321" WIDTH="48" HEIGHT="21" WC="0.93" CONTENT="från"/><SP WIDTH="17" VPOS="321" HPOS="628"/>
							<String ID="string_44" HPOS="645" VPOS="321" WIDTH="96" HEIGHT="27" WC="0.92" CONTENT="deleg:ns"/><SP WIDTH="15" VPOS="321" HPOS="741"/>
							<String ID="string_45" HPOS="756" VPOS="322" WIDTH="53" HEIGHT="25" WC="0.93" CONTENT="sida,"/><SP WIDTH="17" VPOS="322" HPOS="809"/>
							<String ID="string_46" HPOS="826" VPOS="328" WIDTH="55" HEIGHT="14" WC="0.92" CONTENT="eme-"/>
						</TextLine>
						<TextLine ID="line_6" HPOS="122" VPOS="354" WIDTH="759" HEIGHT="29">
							<String ID="string_47" HPOS="122" VPOS="357" WIDTH="43" HEIGHT="19" WC="0.96" CONTENT="dan"/><SP WIDTH="16" VPOS="357" HPOS="165"/>
							<String ID="string_48" HPOS="181" VPOS="355" WIDTH="40" HEIGHT="22" WC="0.93" CONTENT="enl."/><SP WIDTH="15" VPOS="355" HPOS="221"/>
							<String ID="string_49" HPOS="236" VPOS="355" WIDTH="49" HEIGHT="21" WC="0.92" CONTENT="tal:s"/><SP WIDTH="16" VPOS="355" HPOS="285"/>
							<String ID="string_50" HPOS="301" VPOS="354" WIDTH="141" HEIGHT="22" WC="0.92" CONTENT="förmenande"/><SP WIDTH="11" VPOS="354" HPOS="442"/>
							<String ID="string_51" HPOS="453" VPOS="354" WIDTH="101" HEIGHT="22" WC="0.92" CONTENT="bemälda"/><SP WIDTH="8" VPOS="354" HPOS="554"/>
							<String ID="string_52" HPOS="562" VPOS="355" WIDTH="109" HEIGHT="21" WC="0.96" CONTENT="direktion"/><SP WIDTH="12" VPOS="355" HPOS="671"/>
							<String ID="string_53" HPOS="683" VPOS="355" WIDTH="116" HEIGHT="28" WC="0.96" CONTENT="omöjligen"/><SP WIDTH="9" VPOS="355" HPOS="799"/>
							<String ID="string_54" HPOS="808" VPOS="355" WIDTH="73" HEIGHT="21" WC="0.95" CONTENT="kunde"/>
						</TextLine>
						<TextLine ID="line_7" HPOS="122" VPOS="389" WIDTH="759" HEIGHT="28">
							<String ID="string_55" HPOS="122" VPOS="390" WIDTH="13" HEIGHT="21" WC="0.92" CONTENT="å"/><SP WIDTH="14" VPOS="390" HPOS="135"/>
							<String ID="string_56" HPOS="149" VPOS="390" WIDTH="63" HEIGHT="20" WC="0.88" CONTENT="Ridd."/><SP WIDTH="16" VPOS="390" HPOS="212"/>
							<String ID="string_57" HPOS="228" VPOS="396" WIDTH="18" HEIGHT="14" WC="0.92" CONTENT="o."/><SP WIDTH="16" VPOS="396" HPOS="246"/>
							<String ID="string_58" HPOS="262" VPOS="389" WIDTH="84" HEIGHT="21" WC="0.93" CONTENT="Adelns"/><SP WIDTH="15" VPOS="389" HPOS="346"/>
							<String ID="string_59" HPOS="361" VPOS="390" WIDTH="84" HEIGHT="26" WC="0.95" CONTENT="vägnar"/><SP WIDTH="15" VPOS="390" HPOS="445"/>
							<String ID="string_60" HPOS="460" VPOS="389" WIDTH="80" HEIGHT="28" WC="0.95" CONTENT="bevilja"/><SP WIDTH="15" VPOS="389" HPOS="540"/>
							<String ID="string_61" HPOS="555" VPOS="390" WIDTH="79" HEIGHT="20" WC="0.96" CONTENT="sådant"/><SP WIDTH="16" VPOS="390" HPOS="634"/>
							<String ID="string_62" HPOS="650" VPOS="390" WIDTH="104" HEIGHT="25" WC="0.95" CONTENT="tillstånd,"/><SP WIDTH="17" VPOS="390" HPOS="754"/>
							<String ID="string_63" HPOS="771" VPOS="391" WIDTH="52" HEIGHT="20" WC="0.92" CONTENT="enär"/><SP WIDTH="15" VPOS="391" HPOS="823"/>
							<String ID="string_64" HPOS="838" VPOS="390" WIDTH="43" HEIGHT="20" WC="0.92" CONTENT="rid-"/>
						</TextLine>
						<TextLine ID="line_8" HPOS="122" VPOS="423" WIDTH="759" HEIGHT="28">
							<String ID="string_65" HPOS="122" VPOS="424" WIDTH="104" HEIGHT="21" WC="0.92" CONTENT="darhuset"/><SP WIDTH="15" VPOS="424" HPOS="226"/>
							<String ID="string_66" HPOS="241" VPOS="430" WIDTH="78" HEIGHT="21" WC="0.95" CONTENT="genom"/><SP WIDTH="16" VPOS="430" HPOS="319"/>
							<String ID="string_67" HPOS="335" VPOS="423" WIDTH="136" HEIGHT="22" WC="0.95" CONTENT="tillkomsten"/><SP WIDTH="15" VPOS="423" HPOS="471"/>
							<String ID="string_68" HPOS="486" VPOS="423" WIDTH="25" HEIGHT="21" WC="0.96" CONTENT="af"/><SP WIDTH="14" VPOS="423" HPOS="511"/>
							<String ID="string_69" HPOS="525" VPOS="424" WIDTH="37" HEIGHT="21" WC="0.96" CONTENT="det"/><SP WIDTH="18" VPOS="424" HPOS="562"/>
							<String ID="string_70" HPOS="580" VPOS="431" WIDTH="42" HEIGHT="20" WC="0.96" CONTENT="nya"/><SP WIDTH="15" VPOS="431" HPOS="622"/>
							<String ID="string_71" HPOS="637" VPOS="424" WIDTH="64" HEIGHT="21" WC="0.96" CONTENT="huset"/><SP WIDTH="14" VPOS="424" HPOS="701"/>
							<String ID="string_72" HPOS="715" VPOS="425" WIDTH="69" HEIGHT="20" WC="0.96" CONTENT="måste"/><SP WIDTH="10" VPOS="425" HPOS="784"/>
							<String ID="string_73" HPOS="794" VPOS="424" WIDTH="87" HEIGHT="21" WC="0.96" CONTENT="komma"/>
						</TextLine>
						<TextLine ID="line_9" HPOS="122" VPOS="458" WIDTH="759" HEIGHT="28">
							<String ID="string_74" HPOS="122" VPOS="461" WIDTH="33" HEIGHT="18" WC="0.96" CONTENT="att"/><SP WIDTH="14" VPOS="461" HPOS="155"/>
							<String ID="string_75" HPOS="169" VPOS="458" WIDTH="81" HEIGHT="21" WC="0.96" CONTENT="förlora"/><SP WIDTH="15" VPOS="458" HPOS="250"/>
							<String ID="string_76" HPOS="265" VPOS="458" WIDTH="49" HEIGHT="21" WC="0.96" CONTENT="hela"/><SP WIDTH="15" VPOS="458" HPOS="314"/>
							<String ID="string_77" HPOS="329" VPOS="458" WIDTH="33" HEIGHT="21" WC="0.96" CONTENT="sin"/><SP WIDTH="16" VPOS="458" HPOS="362"/>
							<String ID="string_78" HPOS="378" VPOS="459" WIDTH="127" HEIGHT="20" WC="0.96" CONTENT="nuvarande"/><SP WIDTH="15" VPOS="459" HPOS="505"/>
							<String ID="string_79" HPOS="520" VPOS="458" WIDTH="106" HEIGHT="21" WC="0.96" CONTENT="karaktär"/><SP WIDTH="13" VPOS="458" HPOS="626"/>
							<String ID="string_80" HPOS="639" VPOS="458" WIDTH="40" HEIGHT="21" WC="0.96" CONTENT="och"/><SP WIDTH="17" VPOS="458" HPOS="679"/>
							<String ID="string_81" HPOS="696" VPOS="459" WIDTH="108" HEIGHT="27" WC="0.96" CONTENT="ställning."/><SP WIDTH="31" VPOS="459" HPOS="804"/>
							<String ID="string_82" HPOS="835" VPOS="458" WIDTH="46" HEIGHT="21" WC="0.93" CONTENT="Tal."/>
						</TextLine>
						<TextLine ID="line_10" HPOS="122" VPOS="493" WIDTH="759" HEIGHT="27">
							<String ID="string_83" HPOS="122" VPOS="493" WIDTH="43" HEIGHT="21" WC="0.96" CONTENT="fick"/><SP WIDTH="15" VPOS="493" HPOS="165"/>
							<String ID="string_84" HPOS="180" VPOS="493" WIDTH="123" HEIGHT="20" WC="0.96" CONTENT="sedermera"/><SP WIDTH="15" VPOS="493" HPOS="303"/>
							<String ID="string_85" HPOS="318" VPOS="493" WIDTH="125" HEIGHT="26" WC="0.96" CONTENT="visserligen"/><SP WIDTH="17" VPOS="493" HPOS="443"/>
							<String ID="string_86" HPOS="460" VPOS="493" WIDTH="77" HEIGHT="25" WC="0.96" CONTENT="erfara,"/><SP WIDTH="17" VPOS="493" HPOS="537"/>
							<String ID="string_87" HPOS="554" VPOS="495" WIDTH="33" HEIGHT="19" WC="0.93" CONTENT="att"/><SP WIDTH="15" VPOS="495" HPOS="587"/>
							<String ID="string_88" HPOS="602" VPOS="493" WIDTH="91" HEIGHT="27" WC="0.92" CONTENT="ifrågav."/><SP WIDTH="16" VPOS="493" HPOS="693"/>
							<String ID="string_89" HPOS="709" VPOS="493" WIDTH="101" HEIGHT="21" WC="0.93" CONTENT="tillåtelse"/><SP WIDTH="10" VPOS="493" HPOS="810"/>
							<String ID="string_90" HPOS="820" VPOS="493" WIDTH="61" HEIGHT="21" WC="0.90" CONTENT="imel-"/>
						</TextLine>
						<TextLine ID="line_11" HPOS="121" VPOS="527" WIDTH="760" HEIGHT="26">
							<String ID="string_91" HPOS="121" VPOS="527" WIDTH="65" HEIGHT="22" WC="0.91" CONTENT="lertid"/><SP WIDTH="20" VPOS="527" HPOS="186"/>
							<String ID="string_92" HPOS="206" VPOS="527" WIDTH="68" HEIGHT="21" WC="0.96" CONTENT="blifvit"/><SP WIDTH="15" VPOS="527" HPOS="274"/>
							<String ID="string_93" HPOS="289" VPOS="527" WIDTH="25" HEIGHT="21" WC="0.93" CONTENT="af"/><SP WIDTH="17" VPOS="527" HPOS="314"/>
							<String ID="string_94" HPOS="331" VPOS="527" WIDTH="254" HEIGHT="22" WC="0.90" CONTENT="riddarhusdirektionen"/><SP WIDTH="16" VPOS="527" HPOS="585"/>
							<String ID="string_95" HPOS="601" VPOS="527" WIDTH="122" HEIGHT="26" WC="0.96" CONTENT="meddelad,"/><SP WIDTH="24" VPOS="527" HPOS="723"/>
							<String ID="string_96" HPOS="747" VPOS="534" WIDTH="48" HEIGHT="15" WC="0.95" CONTENT="men"/><SP WIDTH="15" VPOS="534" HPOS="795"/>
							<String ID="string_97" HPOS="810" VPOS="527" WIDTH="71" HEIGHT="22" WC="0.95" CONTENT="tillika"/>
						</TextLine>
						<TextLine ID="line_12" HPOS="122" VPOS="561" WIDTH="759" HEIGHT="28">
							<String ID="string_98" HPOS="122" VPOS="562" WIDTH="53" HEIGHT="21" WC="0.96" CONTENT="fann"/><SP WIDTH="15" VPOS="562" HPOS="175"/>
							<String ID="string_99" HPOS="190" VPOS="561" WIDTH="38" HEIGHT="22" WC="0.96" CONTENT="tal."/><SP WIDTH="16" VPOS="561" HPOS="228"/>
							<String ID="string_100" HPOS="244" VPOS="564" WIDTH="32" HEIGHT="18" WC="0.96" CONTENT="att"/><SP WIDTH="16" VPOS="564" HPOS="276"/>
							<String ID="string_101" HPOS="292" VPOS="561" WIDTH="60" HEIGHT="21" WC="0.96" CONTENT="detta"/><SP WIDTH="15" VPOS="561" HPOS="352"/>
							<String ID="string_102" HPOS="367" VPOS="561" WIDTH="58" HEIGHT="20" WC="0.96" CONTENT="skett"/><SP WIDTH="17" VPOS="561" HPOS="425"/>
							<String ID="string_103" HPOS="442" VPOS="562" WIDTH="49" HEIGHT="20" WC="0.96" CONTENT="med"/><SP WIDTH="15" VPOS="562" HPOS="491"/>
							<String ID="string_104" HPOS="506" VPOS="561" WIDTH="91" HEIGHT="28" WC="0.96" CONTENT="mycken"/><SP WIDTH="16" VPOS="561" HPOS="597"/>
							<String ID="string_105" HPOS="613" VPOS="562" WIDTH="140" HEIGHT="25" WC="0.96" CONTENT="reservation,"/><SP WIDTH="24" VPOS="562" HPOS="753"/>
							<String ID="string_106" HPOS="777" VPOS="563" WIDTH="104" HEIGHT="26" WC="0.96" CONTENT="yttrande"/>
						</TextLine>
						<TextLine ID="line_13" HPOS="122" VPOS="595" WIDTH="759" HEIGHT="29">
							<String ID="string_107" HPOS="122" VPOS="597" WIDTH="33" HEIGHT="27" WC="0.96" CONTENT="sig"/><SP WIDTH="18" VPOS="597" HPOS="155"/>
							<String ID="string_108" HPOS="173" VPOS="597" WIDTH="6" HEIGHT="20" WC="0.96" CONTENT="i"/><SP WIDTH="16" VPOS="597" HPOS="179"/>
							<String ID="string_109" HPOS="195" VPOS="595" WIDTH="108" HEIGHT="22" WC="0.96" CONTENT="särskilda"/><SP WIDTH="14" VPOS="595" HPOS="303"/>
							<String ID="string_110" HPOS="317" VPOS="595" WIDTH="70" HEIGHT="21" WC="0.96" CONTENT="vilkor"/><SP WIDTH="16" VPOS="595" HPOS="387"/>
							<String ID="string_111" HPOS="403" VPOS="595" WIDTH="41" HEIGHT="22" WC="0.93" CONTENT="och"/><SP WIDTH="16" VPOS="595" HPOS="444"/>
							<String ID="string_112" HPOS="460" VPOS="595" WIDTH="164" HEIGHT="22" WC="0.91" CONTENT="inskränkande"/><SP WIDTH="15" VPOS="595" HPOS="624"/>
							<String ID="string_113" HPOS="639" VPOS="596" WIDTH="134" HEIGHT="21" WC="0.96" CONTENT="föreskrifter"/><SP WIDTH="16" VPOS="596" HPOS="773"/>
							<String ID="string_114" HPOS="789" VPOS="597" WIDTH="92" HEIGHT="20" WC="0.95" CONTENT="rörande"/>
						</TextLine>
						<TextLine ID="line_14" HPOS="122" VPOS="629" WIDTH="759" HEIGHT="29">
							<String ID="string_115" HPOS="122" VPOS="631" WIDTH="41" HEIGHT="21" WC="0.96" CONTENT="den"/><SP WIDTH="21" VPOS="631" HPOS="163"/>
							<String ID="string_116" HPOS="184" VPOS="637" WIDTH="42" HEIGHT="21" WC="0.96" CONTENT="nya"/><SP WIDTH="17" VPOS="637" HPOS="226"/>
							<String ID="string_117" HPOS="243" VPOS="629" WIDTH="169" HEIGHT="28" WC="0.93" CONTENT="tillbyggnaden,"/><SP WIDTH="14" VPOS="629" HPOS="412"/>
							<String ID="string_118" HPOS="426" VPOS="630" WIDTH="92" HEIGHT="21" WC="0.91" CONTENT="&#39;hvilket"/><SP WIDTH="20" VPOS="630" HPOS="518"/>
							<String ID="string_119" HPOS="538" VPOS="630" WIDTH="163" HEIGHT="27" WC="0.96" CONTENT="förfaringssätt"/><SP WIDTH="16" VPOS="630" HPOS="701"/>
							<String ID="string_120" HPOS="717" VPOS="631" WIDTH="37" HEIGHT="21" WC="0.95" CONTENT="tal."/><SP WIDTH="17" VPOS="631" HPOS="754"/>
							<String ID="string_121" HPOS="771" VPOS="631" WIDTH="110" HEIGHT="26" WC="0.96" CONTENT="nödgades"/>
						</TextLine>
						<TextLine ID="line_15" HPOS="122" VPOS="664" WIDTH="762" HEIGHT="22">
							<String ID="string_122" HPOS="122" VPOS="665" WIDTH="107" HEIGHT="21" WC="0.96" CONTENT="beteckna"/><SP WIDTH="15" VPOS="665" HPOS="229"/>
							<String ID="string_123" HPOS="244" VPOS="665" WIDTH="70" HEIGHT="20" WC="0.97" CONTENT="såsom"/><SP WIDTH="16" VPOS="665" HPOS="314"/>
							<String ID="string_124" HPOS="330" VPOS="666" WIDTH="32" HEIGHT="18" WC="0.93" CONTENT="ett"/><SP WIDTH="15" VPOS="666" HPOS="362"/>
							<String ID="string_125" HPOS="377" VPOS="664" WIDTH="178" HEIGHT="21" WC="0.90" CONTENT="öfverskridande"/><SP WIDTH="16" VPOS="664" HPOS="555"/>
							<String ID="string_126" HPOS="571" VPOS="665" WIDTH="49" HEIGHT="21" WC="0.93" CONTENT="från"/><SP WIDTH="16" VPOS="665" HPOS="620"/>
							<String ID="string_127" HPOS="636" VPOS="665" WIDTH="147" HEIGHT="21" WC="0.92" CONTENT="direktionens"/><SP WIDTH="16" VPOS="665" HPOS="783"/>
							<String ID="string_128" HPOS="799" VPOS="665" WIDTH="46" HEIGHT="21" WC="0.96" CONTENT="sida"/><SP WIDTH="14" VPOS="665" HPOS="845"/>
							<String ID="string_129" HPOS="859" VPOS="665" WIDTH="25" HEIGHT="21" WC="0.96" CONTENT="af"/>
						</TextLine>
						<TextLine ID="line_16" HPOS="122" VPOS="698" WIDTH="458" HEIGHT="27">
							<String ID="string_130" HPOS="122" VPOS="700" WIDTH="49" HEIGHT="20" WC="0.96" CONTENT="dess"/><SP WIDTH="16" VPOS="700" HPOS="171"/>
							<String ID="string_131" HPOS="187" VPOS="700" WIDTH="58" HEIGHT="20" WC="0.96" CONTENT="rätta"/><SP WIDTH="15" VPOS="700" HPOS="245"/>
							<String ID="string_132" HPOS="260" VPOS="698" WIDTH="137" HEIGHT="27" WC="0.96" CONTENT="befogenhet."/><SP WIDTH="181" VPOS="698" HPOS="397"/>
							<String ID="string_133" HPOS="578" VPOS="710" WIDTH="2" HEIGHT="2" WC="0.89" CONTENT=":"/>
						</TextLine>
					</TextBlock>
					<TextBlock ID="block_2" HPOS="121" VPOS="733" WIDTH="766" HEIGHT="366">
						<TextLine ID="line_17" HPOS="191" VPOS="733" WIDTH="689" HEIGHT="28">
							<String ID="string_134" HPOS="191" VPOS="734" WIDTH="32" HEIGHT="20" WC="0.96" CONTENT="De"/><SP WIDTH="16" VPOS="734" HPOS="223"/>
							<String ID="string_135" HPOS="239" VPOS="733" WIDTH="24" HEIGHT="21" WC="0.93" CONTENT="af"/><SP WIDTH="12" VPOS="733" HPOS="263"/>
							<String ID="string_136" HPOS="275" VPOS="733" WIDTH="147" HEIGHT="21" WC="0.91" CONTENT="arkitekterne"/><SP WIDTH="12" VPOS="733" HPOS="422"/>
							<String ID="string_137" HPOS="434" VPOS="734" WIDTH="126" HEIGHT="27" WC="0.93" CONTENT="uppgjorda"/><SP WIDTH="10" VPOS="734" HPOS="560"/>
							<String ID="string_138" HPOS="570" VPOS="733" WIDTH="210" HEIGHT="28" WC="0.90" CONTENT="ritningsförslagen,"/><SP WIDTH="12" VPOS="733" HPOS="780"/>
							<String ID="string_139" HPOS="792" VPOS="734" WIDTH="88" HEIGHT="20" WC="0.96" CONTENT="särskilt"/>
						</TextLine>
						<TextLine ID="line_18" HPOS="121" VPOS="768" WIDTH="761" HEIGHT="28">
							<String ID="string_140" HPOS="121" VPOS="770" WIDTH="38" HEIGHT="20" WC="0.96" CONTENT="två"/><SP WIDTH="14" VPOS="770" HPOS="159"/>
							<String ID="string_141" HPOS="173" VPOS="768" WIDTH="25" HEIGHT="21" WC="0.96" CONTENT="af"/><SP WIDTH="15" VPOS="768" HPOS="198"/>
							<String ID="string_142" HPOS="213" VPOS="769" WIDTH="55" HEIGHT="24" WC="0.96" CONTENT="dem,"/><SP WIDTH="21" VPOS="769" HPOS="268"/>
							<String ID="string_143" HPOS="289" VPOS="770" WIDTH="73" HEIGHT="25" WC="0.95" CONTENT="syntes"/><SP WIDTH="15" VPOS="770" HPOS="362"/>
							<String ID="string_144" HPOS="377" VPOS="769" WIDTH="38" HEIGHT="21" WC="0.96" CONTENT="tal."/><SP WIDTH="17" VPOS="769" HPOS="415"/>
							<String ID="string_145" HPOS="432" VPOS="775" WIDTH="53" HEIGHT="14" WC="0.95" CONTENT="vara"/><SP WIDTH="15" VPOS="775" HPOS="485"/>
							<String ID="string_146" HPOS="500" VPOS="768" WIDTH="84" HEIGHT="27" WC="0.96" CONTENT="ganska"/><SP WIDTH="15" VPOS="768" HPOS="584"/>
							<String ID="string_147" HPOS="599" VPOS="768" WIDTH="167" HEIGHT="28" WC="0.96" CONTENT="förtjänstfulla;"/><SP WIDTH="23" VPOS="768" HPOS="766"/>
							<String ID="string_148" HPOS="789" VPOS="776" WIDTH="48" HEIGHT="14" WC="0.96" CONTENT="men"/><SP WIDTH="17" VPOS="776" HPOS="837"/>
							<String ID="string_149" HPOS="854" VPOS="769" WIDTH="28" HEIGHT="20" WC="0.96" CONTENT="då"/>
						</TextLine>
						<TextLine ID="line_19" HPOS="122" VPOS="802" WIDTH="759" HEIGHT="28">
							<String ID="string_150" HPOS="122" VPOS="803" WIDTH="67" HEIGHT="27" WC="0.96" CONTENT="enligt"/><SP WIDTH="16" VPOS="803" HPOS="189"/>
							<String ID="string_151" HPOS="205" VPOS="810" WIDTH="26" HEIGHT="14" WC="0.96" CONTENT="en"/><SP WIDTH="16" VPOS="810" HPOS="231"/>
							<String ID="string_152" HPOS="247" VPOS="802" WIDTH="53" HEIGHT="21" WC="0.96" CONTENT="hvar"/><SP WIDTH="15" VPOS="802" HPOS="300"/>
							<String ID="string_153" HPOS="315" VPOS="803" WIDTH="24" HEIGHT="21" WC="0.96" CONTENT="af"/><SP WIDTH="14" VPOS="803" HPOS="339"/>
							<String ID="string_154" HPOS="353" VPOS="804" WIDTH="63" HEIGHT="20" WC="0.92" CONTENT="dessa"/><SP WIDTH="16" VPOS="804" HPOS="416"/>
							<String ID="string_155" HPOS="432" VPOS="802" WIDTH="92" HEIGHT="22" WC="0.91" CONTENT="eskisser"/><SP WIDTH="16" VPOS="802" HPOS="524"/>
							<String ID="string_156" HPOS="540" VPOS="802" WIDTH="201" HEIGHT="22" WC="0.90" CONTENT="hufvudfasaderna"/><SP WIDTH="16" VPOS="802" HPOS="741"/>
							<String ID="string_157" HPOS="757" VPOS="804" WIDTH="36" HEIGHT="20" WC="0.93" CONTENT="äro"/><SP WIDTH="17" VPOS="804" HPOS="793"/>
							<String ID="string_158" HPOS="810" VPOS="803" WIDTH="71" HEIGHT="21" WC="0.92" CONTENT="stälda"/>
						</TextLine>
						<TextLine ID="line_20" HPOS="122" VPOS="838" WIDTH="759" HEIGHT="26">
							<String ID="string_159" HPOS="122" VPOS="840" WIDTH="45" HEIGHT="18" WC="0.96" CONTENT="mot"/><SP WIDTH="16" VPOS="840" HPOS="167"/>
							<String ID="string_160" HPOS="183" VPOS="844" WIDTH="26" HEIGHT="14" WC="0.95" CONTENT="en"/><SP WIDTH="16" VPOS="844" HPOS="209"/>
							<String ID="string_161" HPOS="225" VPOS="838" WIDTH="64" HEIGHT="26" WC="0.95" CONTENT="trång"/><SP WIDTH="14" VPOS="838" HPOS="289"/>
							<String ID="string_162" HPOS="303" VPOS="838" WIDTH="60" HEIGHT="26" WC="0.95" CONTENT="gård,"/><SP WIDTH="16" VPOS="838" HPOS="363"/>
							<String ID="string_163" HPOS="379" VPOS="838" WIDTH="49" HEIGHT="20" WC="0.96" CONTENT="icke"/><SP WIDTH="16" VPOS="838" HPOS="428"/>
							<String ID="string_164" HPOS="444" VPOS="840" WIDTH="46" HEIGHT="19" WC="0.96" CONTENT="mot"/><SP WIDTH="14" VPOS="840" HPOS="490"/>
							<String ID="string_165" HPOS="504" VPOS="840" WIDTH="60" HEIGHT="24" WC="0.95" CONTENT="gata,"/><SP WIDTH="16" VPOS="840" HPOS="564"/>
							<String ID="string_166" HPOS="580" VPOS="838" WIDTH="41" HEIGHT="20" WC="0.96" CONTENT="och"/><SP WIDTH="16" VPOS="838" HPOS="621"/>
							<String ID="string_167" HPOS="637" VPOS="844" WIDTH="26" HEIGHT="14" WC="0.97" CONTENT="en"/><SP WIDTH="17" VPOS="844" HPOS="663"/>
							<String ID="string_168" HPOS="680" VPOS="838" WIDTH="67" HEIGHT="20" WC="0.96" CONTENT="sådan"/><SP WIDTH="12" VPOS="838" HPOS="747"/>
							<String ID="string_169" HPOS="759" VPOS="838" WIDTH="122" HEIGHT="26" WC="0.96" CONTENT="anordning"/>
						</TextLine>
						<TextLine ID="line_21" HPOS="122" VPOS="872" WIDTH="759" HEIGHT="27">
							<String ID="string_170" HPOS="122" VPOS="872" WIDTH="7" HEIGHT="21" WC="0.96" CONTENT="i"/><SP WIDTH="16" VPOS="872" HPOS="129"/>
							<String ID="string_171" HPOS="145" VPOS="872" WIDTH="40" HEIGHT="20" WC="0.96" CONTENT="och"/><SP WIDTH="16" VPOS="872" HPOS="185"/>
							<String ID="string_172" HPOS="201" VPOS="872" WIDTH="33" HEIGHT="20" WC="0.96" CONTENT="för"/><SP WIDTH="15" VPOS="872" HPOS="234"/>
							<String ID="string_173" HPOS="249" VPOS="872" WIDTH="32" HEIGHT="26" WC="0.96" CONTENT="sig"/><SP WIDTH="15" VPOS="872" HPOS="281"/>
							<String ID="string_174" HPOS="296" VPOS="873" WIDTH="69" HEIGHT="20" WC="0.96" CONTENT="måste"/><SP WIDTH="15" VPOS="873" HPOS="365"/>
							<String ID="string_175" HPOS="380" VPOS="872" WIDTH="113" HEIGHT="21" WC="0.96" CONTENT="betraktas"/><SP WIDTH="16" VPOS="872" HPOS="493"/>
							<String ID="string_176" HPOS="509" VPOS="873" WIDTH="71" HEIGHT="20" WC="0.96" CONTENT="såsom"/><SP WIDTH="16" VPOS="873" HPOS="580"/>
							<String ID="string_177" HPOS="596" VPOS="879" WIDTH="27" HEIGHT="14" WC="0.92" CONTENT="en"/><SP WIDTH="15" VPOS="879" HPOS="623"/>
							<String ID="string_178" HPOS="638" VPOS="872" WIDTH="179" HEIGHT="27" WC="0.91" CONTENT="grundväsentlig"/><SP WIDTH="12" VPOS="872" HPOS="817"/>
							<String ID="string_179" HPOS="829" VPOS="872" WIDTH="52" HEIGHT="21" WC="0.92" CONTENT="afvi-"/>
						</TextLine>
						<TextLine ID="line_22" HPOS="123" VPOS="906" WIDTH="760" HEIGHT="27">
							<String ID="string_180" HPOS="123" VPOS="906" WIDTH="59" HEIGHT="21" WC="0.92" CONTENT="kelse"/><SP WIDTH="15" VPOS="906" HPOS="182"/>
							<String ID="string_181" HPOS="197" VPOS="906" WIDTH="48" HEIGHT="21" WC="0.96" CONTENT="från"/><SP WIDTH="15" VPOS="906" HPOS="245"/>
							<String ID="string_182" HPOS="260" VPOS="906" WIDTH="58" HEIGHT="21" WC="0.96" CONTENT="hvad"/><SP WIDTH="15" VPOS="906" HPOS="318"/>
							<String ID="string_183" HPOS="333" VPOS="906" WIDTH="8" HEIGHT="20" WC="0.96" CONTENT="i"/><SP WIDTH="15" VPOS="906" HPOS="341"/>
							<String ID="string_184" HPOS="356" VPOS="907" WIDTH="62" HEIGHT="20" WC="0.96" CONTENT="detta"/><SP WIDTH="15" VPOS="907" HPOS="418"/>
							<String ID="string_185" HPOS="433" VPOS="906" WIDTH="103" HEIGHT="21" WC="0.93" CONTENT="afseende"/><SP WIDTH="16" VPOS="906" HPOS="536"/>
							<String ID="string_186" HPOS="552" VPOS="906" WIDTH="60" HEIGHT="27" WC="0.92" CONTENT="öfligt"/><SP WIDTH="16" VPOS="906" HPOS="612"/>
							<String ID="string_187" HPOS="628" VPOS="906" WIDTH="40" HEIGHT="22" WC="0.96" CONTENT="och"/><SP WIDTH="15" VPOS="906" HPOS="668"/>
							<String ID="string_188" HPOS="683" VPOS="906" WIDTH="75" HEIGHT="27" WC="0.96" CONTENT="riktigt"/><SP WIDTH="10" VPOS="906" HPOS="758"/>
							<String ID="string_189" HPOS="768" VPOS="908" WIDTH="31" HEIGHT="23" WC="0.96" CONTENT="är,"/><SP WIDTH="10" VPOS="908" HPOS="799"/>
							<String ID="string_190" HPOS="809" VPOS="906" WIDTH="74" HEIGHT="21" WC="0.96" CONTENT="kunde"/>
						</TextLine>
						<TextLine ID="line_23" HPOS="123" VPOS="940" WIDTH="760" HEIGHT="28">
							<String ID="string_191" HPOS="123" VPOS="940" WIDTH="38" HEIGHT="22" WC="0.96" CONTENT="tal."/><SP WIDTH="16" VPOS="940" HPOS="161"/>
							<String ID="string_192" HPOS="177" VPOS="940" WIDTH="47" HEIGHT="21" WC="0.96" CONTENT="icke"/><SP WIDTH="16" VPOS="940" HPOS="224"/>
							<String ID="string_193" HPOS="240" VPOS="940" WIDTH="117" HEIGHT="28" WC="0.96" CONTENT="godkänna"/><SP WIDTH="16" VPOS="940" HPOS="357"/>
							<String ID="string_194" HPOS="373" VPOS="941" WIDTH="72" HEIGHT="26" WC="0.96" CONTENT="någon"/><SP WIDTH="17" VPOS="941" HPOS="445"/>
							<String ID="string_195" HPOS="462" VPOS="940" WIDTH="24" HEIGHT="22" WC="0.96" CONTENT="af"/><SP WIDTH="9" VPOS="940" HPOS="486"/>
							<String ID="string_196" HPOS="495" VPOS="942" WIDTH="54" HEIGHT="20" WC="0.89" CONTENT="dem."/><SP WIDTH="31" VPOS="942" HPOS="549"/>
							<String ID="string_197" HPOS="580" VPOS="941" WIDTH="46" HEIGHT="21" WC="0.92" CONTENT="Tal."/><SP WIDTH="13" VPOS="941" HPOS="626"/>
							<String ID="string_198" HPOS="639" VPOS="941" WIDTH="74" HEIGHT="21" WC="0.96" CONTENT="tillade"/><SP WIDTH="11" VPOS="941" HPOS="713"/>
							<String ID="string_199" HPOS="724" VPOS="943" WIDTH="33" HEIGHT="19" WC="0.96" CONTENT="att"/><SP WIDTH="10" VPOS="943" HPOS="757"/>
							<String ID="string_200" HPOS="767" VPOS="940" WIDTH="43" HEIGHT="21" WC="0.93" CONTENT="han"/><SP WIDTH="11" VPOS="940" HPOS="810"/>
							<String ID="string_201" HPOS="821" VPOS="942" WIDTH="62" HEIGHT="19" WC="0.92" CONTENT="näm-"/>
						</TextLine>
						<TextLine ID="line_24" HPOS="123" VPOS="974" WIDTH="760" HEIGHT="28">
							<String ID="string_202" HPOS="123" VPOS="975" WIDTH="58" HEIGHT="27" WC="0.96" CONTENT="ligen"/><SP WIDTH="15" VPOS="975" HPOS="181"/>
							<String ID="string_203" HPOS="196" VPOS="975" WIDTH="48" HEIGHT="21" WC="0.96" CONTENT="icke"/><SP WIDTH="15" VPOS="975" HPOS="244"/>
							<String ID="string_204" HPOS="259" VPOS="974" WIDTH="69" HEIGHT="22" WC="0.96" CONTENT="skulle"/><SP WIDTH="16" VPOS="974" HPOS="328"/>
							<String ID="string_205" HPOS="344" VPOS="975" WIDTH="74" HEIGHT="21" WC="0.96" CONTENT="kunna"/><SP WIDTH="19" VPOS="975" HPOS="418"/>
							<String ID="string_206" HPOS="437" VPOS="974" WIDTH="99" HEIGHT="22" WC="0.96" CONTENT="försvara"/><SP WIDTH="15" VPOS="974" HPOS="536"/>
							<String ID="string_207" HPOS="551" VPOS="978" WIDTH="31" HEIGHT="18" WC="0.96" CONTENT="ett"/><SP WIDTH="15" VPOS="978" HPOS="582"/>
							<String ID="string_208" HPOS="597" VPOS="975" WIDTH="160" HEIGHT="27" WC="0.96" CONTENT="godkännande"/><SP WIDTH="16" VPOS="975" HPOS="757"/>
							<String ID="string_209" HPOS="773" VPOS="975" WIDTH="25" HEIGHT="21" WC="0.95" CONTENT="af"/><SP WIDTH="13" VPOS="975" HPOS="798"/>
							<String ID="string_210" HPOS="811" VPOS="976" WIDTH="72" HEIGHT="26" WC="0.96" CONTENT="någon"/>
						</TextLine>
						<TextLine ID="line_25" HPOS="123" VPOS="1009" WIDTH="761" HEIGHT="26">
							<String ID="string_211" HPOS="123" VPOS="1009" WIDTH="68" HEIGHT="21" WC="0.95" CONTENT="bland"/><SP WIDTH="15" VPOS="1009" HPOS="191"/>
							<String ID="string_212" HPOS="206" VPOS="1009" WIDTH="67" HEIGHT="26" WC="0.96" CONTENT="sagda"/><SP WIDTH="16" VPOS="1009" HPOS="273"/>
							<String ID="string_213" HPOS="289" VPOS="1009" WIDTH="107" HEIGHT="26" WC="0.96" CONTENT="ritningar"/><SP WIDTH="15" VPOS="1009" HPOS="396"/>
							<String ID="string_214" HPOS="411" VPOS="1016" WIDTH="51" HEIGHT="14" WC="0.96" CONTENT="vare"/><SP WIDTH="16" VPOS="1016" HPOS="462"/>
							<String ID="string_215" HPOS="478" VPOS="1009" WIDTH="32" HEIGHT="26" WC="0.96" CONTENT="sig"/><SP WIDTH="15" VPOS="1009" HPOS="510"/>
							<String ID="string_216" HPOS="525" VPOS="1009" WIDTH="57" HEIGHT="21" WC="0.93" CONTENT="inför"/><SP WIDTH="14" VPOS="1009" HPOS="582"/>
							<String ID="string_217" HPOS="596" VPOS="1009" WIDTH="63" HEIGHT="21" WC="0.91" CONTENT="Ridd."/><SP WIDTH="18" VPOS="1009" HPOS="659"/>
							<String ID="string_218" HPOS="677" VPOS="1016" WIDTH="18" HEIGHT="14" WC="0.90" CONTENT="o."/><SP WIDTH="16" VPOS="1016" HPOS="695"/>
							<String ID="string_219" HPOS="711" VPOS="1009" WIDTH="70" HEIGHT="21" WC="0.92" CONTENT="Adeln"/><SP WIDTH="15" VPOS="1009" HPOS="781"/>
							<String ID="string_220" HPOS="796" VPOS="1009" WIDTH="53" HEIGHT="21" WC="0.96" CONTENT="eller"/><SP WIDTH="8" VPOS="1009" HPOS="849"/>
							<String ID="string_221" HPOS="857" VPOS="1009" WIDTH="27" HEIGHT="20" WC="0.96" CONTENT="de"/>
						</TextLine>
						<TextLine ID="line_26" HPOS="126" VPOS="1043" WIDTH="761" HEIGHT="28">
							<String ID="string_222" HPOS="126" VPOS="1043" WIDTH="70" HEIGHT="27" WC="0.96" CONTENT="öfriga"/><SP WIDTH="15" VPOS="1043" HPOS="196"/>
							<String ID="string_223" HPOS="211" VPOS="1044" WIDTH="92" HEIGHT="20" WC="0.96" CONTENT="stånden"/><SP WIDTH="17" VPOS="1044" HPOS="303"/>
							<String ID="string_224" HPOS="320" VPOS="1043" WIDTH="52" HEIGHT="21" WC="0.96" CONTENT="eller"/><SP WIDTH="15" VPOS="1043" HPOS="372"/>
							<String ID="string_225" HPOS="387" VPOS="1050" WIDTH="39" HEIGHT="14" WC="0.96" CONTENT="ens"/><SP WIDTH="16" VPOS="1050" HPOS="426"/>
							<String ID="string_226" HPOS="442" VPOS="1043" WIDTH="34" HEIGHT="22" WC="0.96" CONTENT="för"/><SP WIDTH="15" VPOS="1043" HPOS="476"/>
							<String ID="string_227" HPOS="491" VPOS="1044" WIDTH="32" HEIGHT="27" WC="0.96" CONTENT="sig"/><SP WIDTH="15" VPOS="1044" HPOS="523"/>
							<String ID="string_228" HPOS="538" VPOS="1043" WIDTH="57" HEIGHT="28" WC="0.96" CONTENT="själf,"/><SP WIDTH="17" VPOS="1043" HPOS="595"/>
							<String ID="string_229" HPOS="612" VPOS="1046" WIDTH="150" HEIGHT="25" WC="0.96" CONTENT="representant"/><SP WIDTH="15" VPOS="1046" HPOS="762"/>
							<String ID="string_230" HPOS="777" VPOS="1043" WIDTH="34" HEIGHT="22" WC="0.96" CONTENT="för"/><SP WIDTH="10" VPOS="1043" HPOS="811"/>
							<String ID="string_231" HPOS="821" VPOS="1045" WIDTH="31" HEIGHT="19" WC="0.96" CONTENT="ett"/><SP WIDTH="11" VPOS="1045" HPOS="852"/>
							<String ID="string_232" HPOS="863" VPOS="1043" WIDTH="24" HEIGHT="21" WC="0.96" CONTENT="af"/>
						</TextLine>
						<TextLine ID="line_27" HPOS="125" VPOS="1078" WIDTH="285" HEIGHT="21">
							<String ID="string_233" HPOS="125" VPOS="1079" WIDTH="63" HEIGHT="20" WC="0.96" CONTENT="dessa"/><SP WIDTH="15" VPOS="1079" HPOS="188"/>
							<String ID="string_234" HPOS="203" VPOS="1078" WIDTH="120" HEIGHT="21" WC="0.96" CONTENT="sistnämda"/><SP WIDTH="15" VPOS="1078" HPOS="323"/>
							<String ID="string_235" HPOS="338" VPOS="1078" WIDTH="72" HEIGHT="21" WC="0.95" CONTENT="stånd."/>
						</TextLine>
					</TextBlock>
					<TextBlock ID="block_3" HPOS="125" VPOS="1112" WIDTH="762" HEIGHT="200">
						<TextLine ID="line_28" HPOS="195" VPOS="1112" WIDTH="690" HEIGHT="27">
							<String ID="string_236" HPOS="195" VPOS="1112" WIDTH="73" HEIGHT="21" WC="0.93" CONTENT="Skulle"/><SP WIDTH="20" VPOS="1112" HPOS="268"/>
							<String ID="string_237" HPOS="288" VPOS="1112" WIDTH="83" HEIGHT="27" WC="0.92" CONTENT="deleg:n"/><SP WIDTH="21" VPOS="1112" HPOS="371"/>
							<String ID="string_238" HPOS="392" VPOS="1112" WIDTH="48" HEIGHT="21" WC="0.96" CONTENT="icke"/><SP WIDTH="22" VPOS="1112" HPOS="440"/>
							<String ID="string_239" HPOS="462" VPOS="1112" WIDTH="86" HEIGHT="22" WC="0.96" CONTENT="besluta"/><SP WIDTH="15" VPOS="1112" HPOS="548"/>
							<String ID="string_240" HPOS="563" VPOS="1113" WIDTH="33" HEIGHT="26" WC="0.96" CONTENT="sig"/><SP WIDTH="14" VPOS="1113" HPOS="596"/>
							<String ID="string_241" HPOS="610" VPOS="1113" WIDTH="34" HEIGHT="21" WC="0.96" CONTENT="för"/><SP WIDTH="15" VPOS="1113" HPOS="644"/>
							<String ID="string_242" HPOS="659" VPOS="1115" WIDTH="82" HEIGHT="19" WC="0.93" CONTENT="tomten"/><SP WIDTH="16" VPOS="1115" HPOS="741"/>
							<String ID="string_243" HPOS="757" VPOS="1113" WIDTH="13" HEIGHT="21" WC="0.92" CONTENT="å"/><SP WIDTH="15" VPOS="1113" HPOS="770"/>
							<String ID="string_244" HPOS="785" VPOS="1112" WIDTH="100" HEIGHT="21" WC="0.91" CONTENT="observa-"/>
						</TextLine>
						<TextLine ID="line_29" HPOS="125" VPOS="1146" WIDTH="760" HEIGHT="28">
							<String ID="string_245" HPOS="125" VPOS="1147" WIDTH="131" HEIGHT="26" WC="0.92" CONTENT="toriibergen"/><SP WIDTH="20" VPOS="1147" HPOS="256"/>
							<String ID="string_246" HPOS="276" VPOS="1147" WIDTH="52" HEIGHT="21" WC="0.95" CONTENT="eller"/><SP WIDTH="15" VPOS="1147" HPOS="328"/>
							<String ID="string_247" HPOS="343" VPOS="1147" WIDTH="36" HEIGHT="20" WC="0.95" CONTENT="vid"/><SP WIDTH="16" VPOS="1147" HPOS="379"/>
							<String ID="string_248" HPOS="395" VPOS="1146" WIDTH="130" HEIGHT="26" WC="0.93" CONTENT="skillnaden,"/><SP WIDTH="23" VPOS="1146" HPOS="525"/>
							<String ID="string_249" HPOS="548" VPOS="1148" WIDTH="61" HEIGHT="20" WC="0.91" CONTENT="stode"/><SP WIDTH="16" VPOS="1148" HPOS="609"/>
							<String ID="string_250" HPOS="625" VPOS="1154" WIDTH="27" HEIGHT="14" WC="0.96" CONTENT="en"/><SP WIDTH="16" VPOS="1154" HPOS="652"/>
							<String ID="string_251" HPOS="668" VPOS="1147" WIDTH="89" HEIGHT="27" WC="0.93" CONTENT="lämplig"/><SP WIDTH="15" VPOS="1147" HPOS="757"/>
							<String ID="string_252" HPOS="772" VPOS="1147" WIDTH="113" HEIGHT="26" WC="0.92" CONTENT="tomtplats"/>
						</TextLine>
						<TextLine ID="line_30" HPOS="126" VPOS="1181" WIDTH="759" HEIGHT="27">
							<String ID="string_253" HPOS="126" VPOS="1188" WIDTH="91" HEIGHT="15" WC="0.95" CONTENT="numera"/><SP WIDTH="22" VPOS="1188" HPOS="217"/>
							<String ID="string_254" HPOS="239" VPOS="1183" WIDTH="32" HEIGHT="19" WC="0.95" CONTENT="att"/><SP WIDTH="18" VPOS="1183" HPOS="271"/>
							<String ID="string_255" HPOS="289" VPOS="1181" WIDTH="65" HEIGHT="21" WC="0.96" CONTENT="vinna"/><SP WIDTH="20" VPOS="1181" HPOS="354"/>
							<String ID="string_256" HPOS="374" VPOS="1183" WIDTH="113" HEIGHT="25" WC="0.96" CONTENT="gentemot"/><SP WIDTH="18" VPOS="1183" HPOS="487"/>
							<String ID="string_257" HPOS="505" VPOS="1181" WIDTH="105" HEIGHT="22" WC="0.95" CONTENT="Finlands"/><SP WIDTH="19" VPOS="1181" HPOS="610"/>
							<String ID="string_258" HPOS="629" VPOS="1181" WIDTH="65" HEIGHT="26" WC="0.96" CONTENT="bank,"/><SP WIDTH="23" VPOS="1181" HPOS="694"/>
							<String ID="string_259" HPOS="717" VPOS="1181" WIDTH="86" HEIGHT="21" WC="0.96" CONTENT="hvilken"/><SP WIDTH="24" VPOS="1181" HPOS="803"/>
							<String ID="string_260" HPOS="827" VPOS="1181" WIDTH="58" HEIGHT="27" WC="0.96" CONTENT="plats"/>
						</TextLine>
						<TextLine ID="line_31" HPOS="126" VPOS="1215" WIDTH="760" HEIGHT="28">
							<String ID="string_261" HPOS="126" VPOS="1216" WIDTH="93" HEIGHT="27" WC="0.96" CONTENT="troligen"/><SP WIDTH="15" VPOS="1216" HPOS="219"/>
							<String ID="string_262" HPOS="234" VPOS="1215" WIDTH="73" HEIGHT="22" WC="0.96" CONTENT="kunde"/><SP WIDTH="15" VPOS="1215" HPOS="307"/>
							<String ID="string_263" HPOS="322" VPOS="1215" WIDTH="93" HEIGHT="22" WC="0.89" CONTENT="erhällas"/><SP WIDTH="16" VPOS="1215" HPOS="415"/>
							<String ID="string_264" HPOS="431" VPOS="1215" WIDTH="34" HEIGHT="22" WC="0.96" CONTENT="för"/><SP WIDTH="15" VPOS="1215" HPOS="465"/>
							<String ID="string_265" HPOS="480" VPOS="1216" WIDTH="98" HEIGHT="27" WC="0.95" CONTENT="billigare"/><SP WIDTH="17" VPOS="1216" HPOS="578"/>
							<String ID="string_266" HPOS="595" VPOS="1216" WIDTH="44" HEIGHT="27" WC="0.96" CONTENT="pris"/><SP WIDTH="12" VPOS="1216" HPOS="639"/>
							<String ID="string_267" HPOS="651" VPOS="1217" WIDTH="27" HEIGHT="20" WC="0.93" CONTENT="än"/><SP WIDTH="12" VPOS="1217" HPOS="678"/>
							<String ID="string_268" HPOS="690" VPOS="1215" WIDTH="196" HEIGHT="22" WC="0.92" CONTENT="skillnadstomten."/>
						</TextLine>
						<TextLine ID="line_32" HPOS="127" VPOS="1245" WIDTH="760" HEIGHT="32">
							<String ID="string_269" HPOS="127" VPOS="1245" WIDTH="18" HEIGHT="26" WC="0.91" CONTENT="Å"/><SP WIDTH="18" VPOS="1245" HPOS="145"/>
							<String ID="string_270" HPOS="163" VPOS="1250" WIDTH="76" HEIGHT="27" WC="0.96" CONTENT="hvarje"/><SP WIDTH="16" VPOS="1250" HPOS="239"/>
							<String ID="string_271" HPOS="255" VPOS="1250" WIDTH="24" HEIGHT="21" WC="0.96" CONTENT="af"/><SP WIDTH="16" VPOS="1250" HPOS="279"/>
							<String ID="string_272" HPOS="295" VPOS="1251" WIDTH="63" HEIGHT="20" WC="0.96" CONTENT="dessa"/><SP WIDTH="15" VPOS="1251" HPOS="358"/>
							<String ID="string_273" HPOS="373" VPOS="1250" WIDTH="83" HEIGHT="27" WC="0.96" CONTENT="platser"/><SP WIDTH="16" VPOS="1250" HPOS="456"/>
							<String ID="string_274" HPOS="472" VPOS="1251" WIDTH="68" HEIGHT="26" WC="0.96" CONTENT="ansåg"/><SP WIDTH="15" VPOS="1251" HPOS="540"/>
							<String ID="string_275" HPOS="555" VPOS="1251" WIDTH="37" HEIGHT="20" WC="0.96" CONTENT="tal."/><SP WIDTH="17" VPOS="1251" HPOS="592"/>
							<String ID="string_276" HPOS="609" VPOS="1253" WIDTH="32" HEIGHT="18" WC="0.96" CONTENT="ett"/><SP WIDTH="15" VPOS="1253" HPOS="641"/>
							<String ID="string_277" HPOS="656" VPOS="1250" WIDTH="85" HEIGHT="27" WC="0.93" CONTENT="värdigt"/><SP WIDTH="16" VPOS="1250" HPOS="741"/>
							<String ID="string_278" HPOS="757" VPOS="1249" WIDTH="130" HEIGHT="22" WC="0.91" CONTENT="ständerhus"/>
						</TextLine>
						<TextLine ID="line_33" HPOS="127" VPOS="1283" WIDTH="760" HEIGHT="29">
							<String ID="string_279" HPOS="127" VPOS="1283" WIDTH="75" HEIGHT="22" WC="0.96" CONTENT="kunna"/><SP WIDTH="15" VPOS="1283" HPOS="202"/>
							<String ID="string_280" HPOS="217" VPOS="1284" WIDTH="104" HEIGHT="27" WC="0.96" CONTENT="uppföras"/><SP WIDTH="10" VPOS="1284" HPOS="321"/>
							<String ID="string_281" HPOS="331" VPOS="1284" WIDTH="34" HEIGHT="21" WC="0.96" CONTENT="för"/><SP WIDTH="11" VPOS="1284" HPOS="365"/>
							<String ID="string_282" HPOS="376" VPOS="1285" WIDTH="36" HEIGHT="20" WC="0.96" CONTENT="det"/><SP WIDTH="12" VPOS="1285" HPOS="412"/>
							<String ID="string_283" HPOS="424" VPOS="1285" WIDTH="124" HEIGHT="26" WC="0.96" CONTENT="disponibla"/><SP WIDTH="10" VPOS="1285" HPOS="548"/>
							<String ID="string_284" HPOS="558" VPOS="1284" WIDTH="103" HEIGHT="28" WC="0.96" CONTENT="beloppet"/><SP WIDTH="11" VPOS="1284" HPOS="661"/>
							<String ID="string_285" HPOS="672" VPOS="1285" WIDTH="25" HEIGHT="20" WC="0.93" CONTENT="af"/><SP WIDTH="10" VPOS="1285" HPOS="697"/>
							<String ID="string_286" HPOS="707" VPOS="1286" WIDTH="40" HEIGHT="26" WC="0.70" CONTENT="11/,"/><SP WIDTH="11" VPOS="1286" HPOS="747"/>
							<String ID="string_287" HPOS="758" VPOS="1285" WIDTH="74" HEIGHT="26" WC="0.96" CONTENT="miljon"/><SP WIDTH="12" VPOS="1285" HPOS="832"/>
							<String ID="string_288" HPOS="844" VPOS="1284" WIDTH="43" HEIGHT="21" WC="0.96" CONTENT="mk."/>
						</TextLine>
					</TextBlock>
					<TextBlock ID="block_4" HPOS="128" VPOS="1318" WIDTH="761" HEIGHT="132">
						<TextLine ID="line_34" HPOS="197" VPOS="1318" WIDTH="690" HEIGHT="28">
							<String ID="string_289" HPOS="197" VPOS="1318" WIDTH="31" HEIGHT="21" WC="0.95" CONTENT="Hr"/><SP WIDTH="22" VPOS="1318" HPOS="228"/>
							<String ID="string_290" HPOS="250" VPOS="1318" WIDTH="97" HEIGHT="27" WC="0.93" CONTENT="Alfthan"/><SP WIDTH="22" VPOS="1318" HPOS="347"/>
							<String ID="string_291" HPOS="369" VPOS="1319" WIDTH="110" HEIGHT="26" WC="0.92" CONTENT="genmälte"/><SP WIDTH="23" VPOS="1319" HPOS="479"/>
							<String ID="string_292" HPOS="502" VPOS="1319" WIDTH="26" HEIGHT="21" WC="0.94" CONTENT="hr"/><SP WIDTH="20" VPOS="1319" HPOS="528"/>
							<String ID="string_293" HPOS="548" VPOS="1319" WIDTH="102" HEIGHT="21" WC="0.96" CONTENT="Kihlman"/><SP WIDTH="21" VPOS="1319" HPOS="650"/>
							<String ID="string_294" HPOS="671" VPOS="1319" WIDTH="40" HEIGHT="21" WC="0.93" CONTENT="och"/><SP WIDTH="18" VPOS="1319" HPOS="711"/>
							<String ID="string_295" HPOS="729" VPOS="1320" WIDTH="102" HEIGHT="26" WC="0.92" CONTENT="antydde,"/><SP WIDTH="23" VPOS="1320" HPOS="831"/>
							<String ID="string_296" HPOS="854" VPOS="1320" WIDTH="33" HEIGHT="19" WC="0.96" CONTENT="att"/>
						</TextLine>
						<TextLine ID="line_35" HPOS="128" VPOS="1352" WIDTH="760" HEIGHT="29">
							<String ID="string_297" HPOS="128" VPOS="1352" WIDTH="259" HEIGHT="26" WC="0.91" CONTENT="riddarhusdirektionen,"/><SP WIDTH="23" VPOS="1352" HPOS="387"/>
							<String ID="string_298" HPOS="410" VPOS="1360" WIDTH="46" HEIGHT="14" WC="0.96" CONTENT="som"/><SP WIDTH="23" VPOS="1360" HPOS="456"/>
							<String ID="string_299" HPOS="479" VPOS="1360" WIDTH="77" HEIGHT="21" WC="0.96" CONTENT="genom"/><SP WIDTH="24" VPOS="1360" HPOS="556"/>
							<String ID="string_300" HPOS="580" VPOS="1354" WIDTH="40" HEIGHT="20" WC="0.93" CONTENT="sitt"/><SP WIDTH="25" VPOS="1354" HPOS="620"/>
							<String ID="string_301" HPOS="645" VPOS="1353" WIDTH="109" HEIGHT="27" WC="0.91" CONTENT="välvilliga"/><SP WIDTH="21" VPOS="1353" HPOS="754"/>
							<String ID="string_302" HPOS="775" VPOS="1352" WIDTH="113" HEIGHT="22" WC="0.93" CONTENT="tillmötes-"/>
						</TextLine>
						<TextLine ID="line_36" HPOS="128" VPOS="1387" WIDTH="760" HEIGHT="28">
							<String ID="string_303" HPOS="128" VPOS="1387" WIDTH="84" HEIGHT="27" WC="0.96" CONTENT="gående"/><SP WIDTH="19" VPOS="1387" HPOS="212"/>
							<String ID="string_304" HPOS="231" VPOS="1387" WIDTH="8" HEIGHT="21" WC="0.95" CONTENT="i"/><SP WIDTH="20" VPOS="1387" HPOS="239"/>
							<String ID="string_305" HPOS="259" VPOS="1388" WIDTH="42" HEIGHT="20" WC="0.93" CONTENT="den"/><SP WIDTH="20" VPOS="1388" HPOS="301"/>
							<String ID="string_306" HPOS="321" VPOS="1388" WIDTH="143" HEIGHT="21" WC="0.93" CONTENT="förevarande"/><SP WIDTH="21" VPOS="1388" HPOS="464"/>
							<String ID="string_307" HPOS="485" VPOS="1388" WIDTH="175" HEIGHT="27" WC="0.78" CONTENT="bygnadsfrägan"/><SP WIDTH="16" VPOS="1388" HPOS="660"/>
							<String ID="string_308" HPOS="676" VPOS="1388" WIDTH="111" HEIGHT="27" WC="0.93" CONTENT="värkligen"/><SP WIDTH="18" VPOS="1388" HPOS="787"/>
							<String ID="string_309" HPOS="805" VPOS="1387" WIDTH="83" HEIGHT="27" WC="0.91" CONTENT="pätagit"/>
						</TextLine>
						<TextLine ID="line_37" HPOS="129" VPOS="1421" WIDTH="760" HEIGHT="29">
							<String ID="string_310" HPOS="129" VPOS="1421" WIDTH="32" HEIGHT="27" WC="0.96" CONTENT="sig"/><SP WIDTH="16" VPOS="1421" HPOS="161"/>
							<String ID="string_311" HPOS="177" VPOS="1423" WIDTH="32" HEIGHT="19" WC="0.96" CONTENT="ett"/><SP WIDTH="16" VPOS="1423" HPOS="209"/>
							<String ID="string_312" HPOS="225" VPOS="1423" WIDTH="54" HEIGHT="19" WC="0.93" CONTENT="stort"/><SP WIDTH="15" VPOS="1423" HPOS="279"/>
							<String ID="string_313" HPOS="294" VPOS="1428" WIDTH="84" HEIGHT="19" WC="0.92" CONTENT="ansvar,"/><SP WIDTH="25" VPOS="1428" HPOS="378"/>
							<String ID="string_314" HPOS="403" VPOS="1422" WIDTH="66" HEIGHT="21" WC="0.90" CONTENT="ocksä"/><SP WIDTH="15" VPOS="1422" HPOS="469"/>
							<String ID="string_315" HPOS="484" VPOS="1429" WIDTH="51" HEIGHT="14" WC="0.92" CONTENT="vore"/><SP WIDTH="15" VPOS="1429" HPOS="535"/>
							<String ID="string_316" HPOS="550" VPOS="1422" WIDTH="90" HEIGHT="28" WC="0.92" CONTENT="förtjent"/><SP WIDTH="15" VPOS="1422" HPOS="640"/>
							<String ID="string_317" HPOS="655" VPOS="1422" WIDTH="24" HEIGHT="21" WC="0.96" CONTENT="af"/><SP WIDTH="13" VPOS="1422" HPOS="679"/>
							<String ID="string_318" HPOS="692" VPOS="1426" WIDTH="45" HEIGHT="17" WC="0.93" CONTENT="stor"/><SP WIDTH="16" VPOS="1426" HPOS="737"/>
							<String ID="string_319" HPOS="753" VPOS="1422" WIDTH="136" HEIGHT="21" WC="0.92" CONTENT="tacksamhet"/>
						</TextLine>
					</TextBlock>
				</ComposedBlock>
			</PrintSpace>
		</Page>
	</Layout>
</alto>
