1031 1678
804 138 12 21 5

87 206 77 21 liksom
187 206 145 27 annorstädes,
356 207 70 21 skulle
448 207 82 21 erhålla
548 207 46 21 sina
608 207 61 21 flesta
685 207 81 21 kunder
780 206 66 21 bland

87 241 40 20 den
149 241 139 27 uppväxande
311 241 120 27 ungdomen
450 242 39 21 och
510 241 25 21 de
553 241 82 22 mindre
650 241 125 22 bemedlade
790 247 56 15 sam-

86 275 171 26 hällsklasserna,
281 275 33 21 för
337 275 72 21 hvilka
433 275 40 22 den
488 276 24 27 ju
531 276 38 21 ock
588 276 8 21 i
611 276 90 21 främsta
715 277 91 20 rummet
822 277 24 19 är

85 309 81 22 afsedd.

155 344 148 26 Sparmärken,
320 344 88 21 afsedda
423 344 33 21 för
472 346 32 20 att
519 344 125 27 möjliggöra
659 345 139 27 besparingar
813 344 31 21 äf-

84 385 39 14 ven
147 378 66 21 under
232 378 35 21 det
286 378 77 27 belopp
382 378 23 22 af
424 382 9 18 1
451 379 66 26 mark,
534 386 46 14 som
595 379 106 21 faststälts
718 379 69 21 såsom
804 379 40 21 den

83 413 70 26 lägsta
168 413 93 20 insatsen
277 412 12 21 å
303 413 89 21 motbok
408 413 5 21 i
430 413 189 27 postsparbanken,
635 413 63 22 hafva
714 413 86 22 försålts
811 413 33 22 för

83 447 76 21 inalles
183 449 75 24 19,158
278 447 61 21 mark
357 450 28 19 40
400 448 70 26 penni.
500 449 104 26 Beloppet
619 448 23 21 af
655 449 26 20 de
696 449 146 26 insättningar,

84 488 46 15 som
146 481 69 22 blifvit
231 482 74 27 gjorda
321 482 89 21 medelst
426 482 80 21 sådana
521 483 93 26 märken,
630 483 83 21 fästade
728 483 27 26 på
771 483 71 20 derför

84 516 88 21 afsedda
187 517 55 25 kort,
258 517 82 26 uppgår
355 517 32 21 till
407 519 75 24 17,300
498 518 68 20 mark.

153 551 41 20 För
217 553 32 18 att
272 551 78 21 bereda
373 551 142 21 allmänheten
539 551 85 22 tillfälle
643 553 32 20 att
692 551 28 27 på
735 551 107 28 möjligast

83 586 54 21 lätta
153 585 38 21 och
207 585 103 27 beqväma
326 587 43 20 sätt
385 586 81 21 erhålla
482 587 144 26 sparmärken,
642 586 70 27 hafva,
725 587 7 20 i
743 587 40 20 den
793 586 49 21 mån

82 620 73 21 härtill
178 620 101 27 lämpliga
299 620 39 21 och
357 620 33 21 för
408 621 65 20 saken
489 621 141 21 intresserade
645 627 101 20 personer
761 621 81 21 kunnat

82 654 79 26 vinnas,
186 661 25 14 en
230 654 78 26 mängd
326 655 96 20 enskilda
438 655 233 27 sparmärksförsäljare
687 656 6 20 i
710 656 57 20 olika
783 656 59 20 delar

82 688 23 20 af
119 688 72 21 landet
206 688 69 21 blifvit
290 688 23 21 af
325 690 194 26 postsparbankens
530 690 90 26 styrelse
630 692 92 24 antagna
733 690 38 20 och
782 696 59 20 spar-

81 723 94 26 märken,
199 723 64 26 enligt
281 723 98 27 gällande
398 723 155 27 författningar,
578 724 21 20 åt
615 724 47 20 dem
677 724 83 27 utgifna
775 724 7 20 i
797 724 43 21 för-

83 757 65 26 skott,
164 757 63 21 hvars
244 757 75 27 belopp
336 757 33 21 för
379 758 73 26 hvarje
463 758 111 26 försäljare
586 758 139 21 öfverhufvud
736 758 105 21 faststälts

82 792 33 20 till
137 792 25 21 25
181 792 67 26 mark,
267 792 86 20 hvilken
369 798 82 15 summa
467 792 73 22 endast
556 792 33 22 för
604 794 68 20 större
688 795 57 19 orter
760 793 80 21 undan-

81 826 80 26 tagsvis
184 826 153 22 öfverskridits.
370 827 88 21 Antalet
480 827 90 21 sålunda
589 829 91 25 antagna
695 827 146 27 försäljnings-

82 863 48 19 män
149 863 63 25 utgör
230 864 38 18 110
285 862 38 20 och
339 862 75 21 värdet
430 862 23 21 af
466 862 32 21 till
515 862 47 20 dem
578 862 158 21 utkrediterade
752 862 88 21 märken

81 897 62 25 3,195
159 896 67 21 mark.

148 930 11 21 I
181 930 98 21 ändamål
302 932 31 20 att
356 931 38 21 hos
418 931 144 21 allmänheten
580 931 72 27 sprida
671 932 118 20 kännedom
805 938 34 14 om

79 965 189 26 postsparbanken,
285 965 39 21 har
347 965 77 27 utdrag
447 972 25 14 ur
495 965 83 27 Nådiga
596 965 150 27 förordningen
762 966 23 21 af
799 966 40 21 den

80 1000 28 19 24
123 999 42 26 Maj
184 1002 53 19 1886
253 999 108 27 angående
380 1000 195 27 postsparbankens
594 1000 125 26 inrättande,
737 1001 102 26 anslagits

80 1032 6 21 i
106 1032 130 22 förrummen
255 1034 33 21 till
308 1034 100 27 samtliga
428 1034 133 27 postkontor,
585 1034 195 27 postexpeditioner
800 1035 39 21 och

79 1069 154 25 poststationer
251 1071 56 18 samt
325 1069 76 21 införts
416 1069 7 20 i
441 1071 53 19 1887
512 1069 34 20 ärs
562 1069 108 21 almanach
687 1069 38 21 och
741 1070 7 20 i
764 1069 26 21 de
805 1069 34 22 för

78 1102 131 21 insättarene
225 1103 84 21 afsedda
328 1103 157 27 motböckerna,
502 1103 108 21 äfvensom
621 1104 6 21 i
638 1104 87 21 korthet
736 1104 103 21 affattade

77 1137 151 27 upplysningar
244 1137 73 21 derom
332 1138 82 26 tryckts
430 1138 12 21 &
457 1138 104 21 baksidan
577 1137 23 22 af
614 1138 132 27 sparkorten.
774 1138 65 21 Dess-

78 1172 59 19 utom
153 1171 63 21 hafva
232 1172 99 27 samtliga
347 1172 128 27 postkontor
486 1172 38 21 och
536 1172 144 27 expeditioner
691 1173 87 21 försetts
789 1173 50 20 med

78 1205 87 27 skyltar,
183 1205 124 28 angifvande
324 1207 61 21 deras
401 1207 107 27 egenskap
524 1207 23 21 af
560 1208 251 26 postsparbankskontor.

146 1240 10 21 I
178 1241 183 26 postsparbanken
383 1241 79 21 insatta
486 1241 69 21 medel
574 1242 122 26 piacerades
715 1242 67 21 under
798 1242 40 21 den

77 1273 68 22 första
167 1275 58 21 tiden
244 1275 23 21 af
285 1275 46 21 dess
351 1276 137 21 verksamhet
507 1276 45 21 dels
571 1276 27 27 pä
613 1276 90 27 löpande
719 1276 45 21 dels
780 1278 58 19 emot

76 1311 13 18 4
110 1312 98 23 procents
228 1311 61 20 ränta
304 1309 27 28 pä
347 1310 221 27 depositionsräkning
583 1311 7 20 i
606 1311 82 20 enskild
704 1311 62 26 bank,
790 1317 49 14 men

76 1342 65 21 hafva
168 1343 120 21 sedermera
315 1344 134 21 uteslutande
476 1344 115 22 levererats
614 1345 32 21 till
670 1345 167 26 Statskontoret,

76 1383 46 15 som
145 1383 87 15 numera
255 1378 157 21 omhänderhar
435 1379 43 20 alla
500 1379 193 27 postsparbankens
715 1379 34 21 för
767 1379 71 27 place-

76 1412 46 27 ring
145 1414 57 19 emot
225 1415 60 19 ränta
309 1413 79 21 afsatta
410 1413 121 27 tillgångar.
564 1414 10 20 I
594 1414 75 21 sådant
683 1414 100 21 afseende
799 1414 40 21 har

77 1447 33 21 till
141 1447 159 22 Statskontoret
330 1448 110 21 aflemnats
469 1448 157 28 sammanlagdt
652 1450 91 25 304,000
769 1448 68 27 mark,
