1031 1678
799 136 28 21 65

96 199 84 26 kontor,
197 199 69 21 håller
282 199 88 21 Banken
386 199 77 20 kontor
476 199 80 26 jemväl
572 199 6 20 i
594 197 103 22 Joensuu.
724 199 65 20 Detta
804 199 52 20 kon-

97 236 34 19 tor
147 234 92 21 förestås
255 233 22 21 af
292 239 25 15 en
333 233 211 20 Bankkommissarie
560 233 48 20 med
617 233 84 20 biträde
712 233 23 20 af
745 239 24 14 en
780 233 77 20 kassör

98 269 39 20 och
153 268 39 21 har
211 268 6 20 i
237 267 65 26 öfrigt
321 273 82 15 samma
422 267 148 26 organisation
586 267 38 20 och
641 267 84 26 uppgift
740 273 44 15 som
801 267 56 20 före-

99 303 91 20 nämnde
206 303 84 20 kontor.

454 358 12 27 $
482 359 20 21 9.

167 404 50 21 Med
234 404 89 26 ändring
339 404 23 20 af
376 404 25 27 $$
417 404 33 25 79,
468 404 48 26 107,
534 404 40 21 109
591 404 38 20 och
646 404 41 21 112
698 404 31 21 uti
740 404 117 26 reglemen-

98 441 32 19 tet
145 439 97 26 stadgas:

168 475 31 18 att
215 474 69 25 öppna
300 473 38 20 och
355 473 70 20 slutna
441 472 152 26 depositioner,
610 479 45 14 som
672 472 86 21 Banken
771 473 4 20 i
785 472 72 21 förvar

99 507 120 26 emottagit,
243 507 32 20 stå
298 507 67 20 under
388 508 108 19 närmaste
516 506 72 27 tillsyn
612 507 39 20 och
671 507 51 20 vård
742 506 23 21 af
781 506 76 21 Förste

98 541 138 21 kamreraren
254 541 38 20 och
308 541 96 20 förvaras
420 541 31 20 uti
468 540 103 21 särskildt
586 541 65 26 hvalf,
667 541 85 20 hvartill
765 541 40 20 den
818 547 40 14 ena

99 575 90 27 nyckeln
205 575 191 20 omhänderhafves
416 580 21 15 ar
456 575 78 21 honom
552 575 39 20 och
607 575 40 21 den
663 575 68 20 andra
745 575 24 20 af
783 570 75 25 Öfver-

99 609 115 25 kassören;

168 645 32 19 att
222 643 86 21 Banken
332 643 109 26 tillhöriga
461 643 74 21 vexlar
556 644 68 20 under
647 643 151 22 Direktionens
813 645 45 19 sär-

99 678 70 20 skilda
186 677 52 21 vård
253 677 96 21 förvaras
365 678 6 20 i
388 678 49 20 dess
453 677 130 26 kassahvalf,
598 678 34 20 till
652 678 80 20 hvilket
748 677 111 21 ordföran-

100 711 40 21 den
157 711 40 21 och
213 718 25 14 en
258 711 23 21 af
297 712 146 20 ledamöterne
464 712 115 20 innehafva
598 712 52 20 hvar
666 712 31 20 sin
714 712 80 26 nyckel,
811 717 47 15 men

99 747 32 19 att
147 745 100 21 Bankens
263 746 141 25 skuldsedlar,
420 747 77 25 panter
513 746 40 20 och
573 746 240 25 säkerhetshandlingar
828 745 31 21 äf-

99 786 87 14 vensom
207 780 183 20 sedelblanketter
408 780 34 20 stå
462 780 68 20 under
548 780 72 20 Andre
639 780 148 20 kamrerarens
806 780 52 20 vård

100 814 40 20 och
155 814 72 26 tillsyn
245 816 55 18 samt
315 814 97 20 förvaras
428 814 6 20 i
450 814 68 21 skildt
533 814 64 26 hvalf,
614 814 84 21 hvartill
715 820 40 15 ena
769 814 90 26 nyckeln

100 848 193 21 omhänderhafves
308 848 23 21 af
344 849 78 20 honom
438 848 40 21 och
500 849 40 21 den
560 848 68 21 andra
646 848 23 22 af
685 849 75 21 Förste
775 848 84 21 kamre-

100 888 72 20 raren;
189 884 56 19 samt

169 918 31 19 att
213 917 39 20 den
265 917 137 26 ansvarighet
414 916 32 22 för
455 916 100 22 Bankens
563 917 58 21 läne-
630 918 39 20 och
678 916 181 22 säkerhetshand-

100 950 76 26 lingar,
193 951 48 20 med
257 951 108 26 undantag
380 950 23 22 af
417 951 80 26 vexlar,
514 953 56 19 samt
584 951 34 21 för
633 952 86 20 nedsatt
733 951 60 26 gods,
807 950 52 21 hvil-

100 984 41 21 ken
158 984 84 21 härtills
259 985 70 26 älegat
345 986 40 20 den
402 985 92 21 medlem
510 986 24 20 af
547 986 146 25 Direktionen,
709 985 87 21 hvilken
811 986 48 19 när-

101 1020 68 19 maste
185 1019 111 20 inseendet
316 1019 59 21 öfver
393 1019 226 22 kamrerarekontoret
637 1019 137 25 tillkommer,
791 1019 69 21 öfver-

101 1052 72 27 flyttas
190 1053 26 26 pä
231 1053 76 21 Förste
323 1053 146 21 kamreraren.

170 1087 65 20 Detta
251 1087 118 26 stadgande
384 1087 113 21 förblifver
513 1088 99 26 gällande
629 1089 76 20 endast
720 1087 24 21 sä
760 1087 63 26 länge
834 1094 25 14 en

102 1121 78 26 Tredje
195 1121 123 22 kamrerare
333 1121 68 22 finnes
419 1122 3 20 i
439 1121 89 22 Banken
544 1123 90 20 anstäld.

159 1235 86 32 Ändring
262 1241 28 21 uti
307 1241 38 22 och
364 1241 72 27 tillägg
452 1241 30 21 till
498 1242 70 21 staten
583 1242 33 21 för
632 1242 93 21 Finlands
742 1242 61 21 Bank.

103 1285 18 20 1.
153 1285 78 27 Tredje
247 1287 122 21 kamrerare
385 1287 27 26 pä
428 1289 62 19 extra
506 1289 42 19 stat
563 1288 78 20 arvode
665 1303 4 4 .
693 1288 82 25 .5,000

172 1319 133 27 hyresmedel
320 1337 4 4 .
353 1337 1 4 <
376 1337 34 4 ss
436 1336 32 5 ss
492 1337 206 4 L.
713 1322 63 24 1,500
790 1321 71 25 6,500.

358 1383 108 21 Kontoret
481 1384 9 20 i
505 1384 103 21 Joensuu.

104 1422 18 20 1.
153 1421 218 28 Bankkommissarie,
387 1424 36 20 lön.
470 1438 1 5 .
494 1439 205 5 ........
713 1425 64 25 6,000

172 1456 133 26 hyresmedel
323 1472 1 5 .
352 1472 1 5 <
380 1452 30 34 cc.
435 1452 16 34 oc
467 1452 71 34 c.s.o
552 1473 60 5 src
637 1473 61 5 or.
713 1458 63 25 1,000
792 1459 70 25 7,000.

793 1509 12 17 5
