1031 1678
830 126 27 22 63

195 188 43 27 5:0)
259 189 33 20 att
311 187 189 23 kommunikation
516 187 80 22 mellan
612 188 27 21 de
655 187 59 23 olika
729 188 158 28 plenisalarnas

123 222 85 22 läktare
223 223 68 20 mätte
307 221 167 28 ävägabringas;
492 225 56 18 samt

193 257 43 27 6:0)
255 258 33 19 att
303 256 32 21 uti
350 258 32 19 ett
398 256 53 22 eller
466 257 36 21 två
518 256 24 22 af
554 256 196 22 utskottsrummen
765 257 68 22 borde
848 257 39 22 be-

123 292 64 21 redas
201 291 70 21 större
286 292 114 26 utrymme,
415 291 34 21 för
464 291 82 22 hvilket
562 291 113 21 ändamäls
695 291 110 22 vinnande
815 291 70 22 arkiv-

123 325 86 22 lokalen
232 325 102 27 möjligen
351 325 58 27 finge
428 325 97 21 minskas
546 325 49 21 med
611 327 32 19 ett
658 332 48 14 rum
722 325 53 21 eller
791 325 94 22 läktare-

123 361 120 26 trapporna
258 360 115 20 reduceras
388 359 48 21 frän
452 359 47 28 fyra
514 359 33 21 till
562 360 42 21 tvä.

192 393 37 22 Då
243 393 147 27 fullgörandet
405 393 25 22 af
442 393 138 22 förestående
595 393 163 28 önskningsmäl
774 394 61 21 torde
843 394 43 21 för-

123 427 80 22 anleda
223 427 25 22 H.
269 427 26 22 H.
312 429 33 20 att
360 427 123 22 framställa
499 427 57 22 vissa
571 434 43 21 nya
629 427 73 22 fasad-
717 428 40 21 och
773 427 112 28 planteck-

125 462 84 27 ningar,
225 461 32 22 fär
273 462 84 27 deleg:n
373 462 89 21 anhälla
477 464 33 20 att
526 462 26 21 H.
569 462 25 21 H.
606 462 50 22 ville
667 463 24 20 sä
702 465 60 19 snart
773 469 47 15 som
830 463 55 28 möj-

125 496 41 27 ligt
180 496 111 21 inkomma
306 497 50 20 med
371 497 90 26 sädana,
484 497 29 27 pä
528 497 38 21 det
581 499 33 19 att
630 497 86 27 deleg:n
731 497 70 22 blefve
817 499 43 20 satt
875 497 8 21 i

123 530 85 22 tillfälle
224 533 33 19 att
272 531 33 21 till
321 531 85 22 landets
421 533 61 19 snart
493 532 206 21 sammanträdande
710 531 94 22 Ständer
815 531 68 22 öfver-

123 565 74 21 lemna
215 566 80 20 tvänne
316 565 132 22 alternativa
464 565 88 28 förslag,
575 565 25 22 af
612 565 75 22 hvilka
702 567 37 20 det
754 573 42 14 ena
811 566 73 21 kunde

122 599 50 22 fullt
189 599 84 22 utföras
288 600 48 21 med
353 600 26 21 de
394 599 25 22 af
430 600 123 22 Ständerna
568 601 36 21 vid
620 603 87 19 senaste
722 601 107 27 landtdag
845 607 41 15 an-

122 634 75 21 visade
217 633 76 27 medel,
318 635 37 20 det
370 635 70 20 andra
455 634 47 21 äter
518 634 70 22 skulle
604 635 90 27 päkalla
709 635 66 28 nägot
791 635 93 22 tillskott

122 668 35 21 till
172 669 63 21 dessa
250 668 76 22 medel.

284 697 19 27 Ä
319 702 301 28 Ständerhusdelegationens
636 704 91 26 vägnar:

430 737 34 21 Th.
480 737 103 27 Tallgvist.

549 780 7 7 r
673 771 22 22 C.
711 772 22 22 J.
750 772 133 28 Lindegvist.

193 845 147 28 Domprosten
359 845 65 29 Hjelt
442 846 138 22 reserverade
599 846 32 27 sig
652 848 45 20 mot
713 847 133 27 antagandet
861 846 25 22 af

124 880 27 21 hr
165 880 112 28 Nyströms
292 880 113 27 ritningar.

481 938 48 27 83.

194 976 59 23 Ordf.
270 977 96 22 anmälte
381 980 33 19 att
431 978 56 21 Prof.
503 978 57 22 Dahl
575 978 33 22 för
619 978 38 22 sitt
668 978 99 28 uppdrag
777 978 106 22 inlemnat

124 1018 27 15 en
171 1011 99 28 räkning,
293 1011 94 28 lydande
407 1013 29 26 pä
453 1013 62 26 1,300
530 1012 43 27 mk,
589 1012 76 22 hvilka
680 1011 58 22 Ordf.
753 1011 94 22 utbetalt
862 1012 25 22 af

124 1047 224 21 ständerhusmedlen.

671 1081 22 17 In
705 1081 62 17 fidem:

623 1110 22 21 C.
660 1110 16 21 1.
692 1109 122 28 Lindegvist.

331 1229 48 22 Den
402 1230 27 22 27
450 1230 108 21 Februari
578 1231 55 21 1888
653 1229 174 22 sammanträdde
843 1229 40 21 för-

265 1264 84 21 stärkta
365 1263 294 29 Ständerhusdelegationen,
676 1264 41 21 och
732 1265 92 20 närvoro
838 1264 46 21 där-

261 1298 48 22 vid:
333 1298 59 21 Ordf.
408 1299 27 21 hr
450 1299 104 27 Tallgvist
570 1301 56 19 samt
642 1299 38 21 hrr
695 1298 131 25 Schauman,
842 1305 43 14 von

264 1331 97 28 Alfthan,
378 1333 182 27 Standertskjöld,
578 1333 154 27 Wasastjerna,
748 1339 42 15 von
806 1328 77 40 Frenc-

261 1366 50 28 kell,
321 1366 95 26 Donner,
428 1367 66 28 Hjelt,
505 1367 109 27 Kihlman,
624 1367 64 28 Lyra,
697 1366 134 28 Lindegvist,
841 1366 44 21 Oh-

265 1408 56 20 man,
345 1402 116 25 Sanmark,
478 1402 86 27 Elving,
582 1397 93 32 Öhberg,
692 1401 119 24 Wasenius,
827 1400 57 22 Alm-

261 1436 59 27 berg,
337 1436 84 27 Melart,
437 1436 95 28 Löfgren
549 1436 41 22 och
606 1436 96 28 Aspelin.
