1031 1678
195 130 28 21 68

166 192 47 26 slag
229 191 33 22 till
279 191 141 28 användning
436 191 24 21 af
473 191 123 22 hållbarare
612 191 185 28 konstruktioner,
809 199 46 15 som
870 192 38 28 jag
923 192 7 21 i

166 226 49 21 mitt
231 233 30 14 nu
276 226 126 22 inlemnade
417 225 187 28 kostnadsförslag
619 226 74 22 infört.

235 261 79 21 Ehuru
329 260 48 22 icke
394 260 101 27 liggande
510 260 59 21 inom
586 261 36 21 det
632 261 45 27 mig
687 261 62 27 gifna
758 262 123 27 uppdraget
890 260 40 21 har

163 295 40 27 jag
218 295 103 28 slutligen
336 295 76 21 tillåtit
428 295 43 27 mig
486 297 32 19 att
534 295 7 20 i
556 295 212 28 kostnadsförslaget
778 297 99 26 upptaga
887 294 43 22 för-

167 329 47 27 slag
229 329 33 21 till
274 330 141 27 byggnadens
426 329 127 27 möblering,
564 329 114 28 belysning
689 330 41 22 och
741 330 55 27 öfrig
807 329 123 27 nödvändig

166 364 119 28 inredning
307 366 56 19 samt
384 363 33 22 till
433 371 28 21 ny
479 364 87 21 trottoir
581 364 101 28 omkring
698 366 116 26 qvarteret.
845 364 30 21 Så
891 364 39 20 har

164 398 39 27 jag
226 398 41 21 ock
290 398 113 27 föreslagit
425 405 26 14 en
474 398 138 27 godtgörelse
635 399 23 20 ät
679 398 251 28 byggnadsbestyrelsen-

166 432 111 22 Ehuruväl
287 433 64 20 dessa
359 432 119 21 kostnader
487 432 8 21 i
505 433 73 26 regeln
590 433 48 21 icke
649 433 66 27 pläga
726 433 110 27 iakttagas
846 433 7 20 i
865 432 65 27 bygg-

167 467 79 22 naders
261 466 195 28 kostnadsförslag,
472 468 37 20 äro
525 468 27 20 de
568 467 138 27 naturligtvis
717 467 56 22 dock
783 466 146 28 oundvikliga.

236 501 31 22 Af
280 502 37 21 det
331 502 69 27 sagda
415 502 61 21 torde
492 501 84 27 framgå
591 503 32 20 att
636 502 39 27 jag
691 502 56 26 sökt,
763 502 33 21 för
807 502 24 21 så
841 501 45 22 vidt
897 502 33 20 så-

168 536 53 21 dant
240 536 29 27 på
279 537 71 26 grund
362 535 25 22 af
396 542 26 15 en
434 536 150 27 eskissritning
596 537 24 20 är
630 536 117 27 utförbart,
765 535 122 22 framställa
902 542 27 15 en

168 570 45 21 bild
232 570 25 21 af
271 571 42 20 den
329 570 157 26 totalkostnad,
503 577 46 14 som
566 570 234 28 byggnadsföretagets
815 569 115 22 utförande

168 604 97 22 kommer
287 607 32 18 att
340 604 119 22 förorsaka.
498 605 42 21 Det
555 605 43 21 kan
614 612 53 15 vara
683 605 85 28 möjligt
784 607 32 20 att
831 604 99 22 enskilda

168 641 74 25 poster
257 640 39 20 äro
312 639 33 21 för
360 639 46 27 lågt
416 639 132 25 beräknade,
560 641 70 20 andra
641 641 48 20 åter
699 641 38 20 äro
749 640 66 27 enligt
826 639 105 22 stundens

169 673 68 27 priser
253 673 85 28 rikliga.
349 674 28 21 Så
385 676 15 19 t.
408 680 32 15 ex.
451 674 42 21 kan
502 674 300 27 Ständerhusdelegationen,
811 674 8 20 i
827 673 103 22 händelse

168 708 159 27 Delegationen
343 715 30 14 nu
388 710 76 25 genast
480 708 48 22 ville
544 709 28 27 gå
582 708 7 21 i
600 708 131 28 författning
741 708 82 26 härom,
832 708 99 27 uppgöra

168 742 107 22 kontrakt
295 750 35 14 om
349 742 51 22 hela
420 742 184 28 tegelleveransen
624 743 33 21 till
673 744 31 20 ett
719 742 45 28 pris
779 742 25 22 af
823 742 64 27 högst
901 742 29 22 52

169 776 62 22 mark
246 784 41 20 pro
304 778 37 26 ”/,
357 777 8 21 i
380 777 73 21 stället
468 777 34 21 för
517 778 27 20 de
559 777 7 21 i
581 777 214 27 kostnadsförslaget
805 776 125 22 beräknade

168 812 27 21 58
205 811 69 21 mark.
298 812 81 21 Likaså
387 811 43 21 kan
438 811 167 28 Delegationen,
614 812 7 20 i
629 811 106 22 händelse
743 811 103 21 kontrakt
854 811 76 21 härom

168 853 29 14 nu
213 847 116 26 uppgöres,
346 846 83 21 erhålla
444 846 51 21 kalk
510 846 35 21 till
560 848 32 19 ett
607 846 45 27 pris
668 846 24 21 af
707 847 18 20 1:
742 846 27 22 80
784 852 21 21 p.
823 852 28 20 pr
860 848 70 18 tunna

167 880 7 22 i
190 880 73 22 stället
279 880 33 22 för
328 882 26 20 de
370 881 24 21 af
407 880 43 28 mig
466 880 124 22 beräknade
602 888 26 14 ca
637 882 20 21 2:
669 881 34 21 35.
735 880 97 22 Sålunda
843 880 85 21 komme

167 916 64 20 dessa
239 915 159 28 hufvudposter
408 918 32 19 att
450 916 72 21 lemna
533 922 26 15 en
572 916 95 28 betydlig
678 916 124 26 besparing.
820 914 110 22 Måhända

167 950 25 21 är
207 950 102 27 slutligen
325 950 65 22 äfven
406 950 225 22 tullomkostnaderna
646 950 34 21 för
696 950 83 21 sådana
787 948 141 29 jernbjelkar,

167 991 46 14 som
228 984 49 22 icke
293 984 75 22 kunna
383 984 111 22 tillverkas
510 985 7 21 i
532 984 82 26 landet,
635 991 26 15 en
678 986 56 25 post,
751 991 52 18 som,
819 984 52 21 enär
887 984 42 21 den

168 1018 134 22 återbetalas
322 1018 33 21 till
373 1019 137 26 statsverket,
533 1019 48 21 icke
600 1019 68 21 borde
683 1021 66 25 tagas
763 1018 8 21 i
786 1017 143 22 betraktande

166 1053 36 22 vid
218 1053 43 21 den
278 1053 97 28 verkliga
390 1053 93 22 kostnad
498 1053 79 28 bygget
593 1053 132 22 förorsakar.

235 1088 31 21 Af
280 1089 41 20 den
337 1088 123 27 utredning,
475 1095 45 14 som
536 1095 91 14 numera
637 1088 7 21 i
655 1086 208 27 ständerhusfrågan
873 1086 55 21 före-

166 1121 81 28 bragts,
258 1123 67 26 vågar
338 1123 39 27 jag
387 1123 68 27 draga
466 1123 41 21 den
518 1122 89 22 slutsats
619 1124 33 19 att
661 1123 36 20 det
709 1121 48 22 icke
767 1122 26 20 är
802 1121 83 28 möjligt
896 1122 33 20 att

166 1157 29 26 på
203 1157 216 21 ständerhustomten
428 1157 94 28 uppföra
530 1163 27 16 en
565 1157 62 26 solid,
637 1157 38 21 sitt
683 1156 104 21 ändamål
795 1158 133 19 motsvaran-

166 1192 27 20 de
201 1191 102 28 byggnad
311 1191 8 22 i
327 1191 223 22 öfverensstämmelse
559 1192 49 21 med
616 1192 37 21 det
661 1191 44 27 mig
711 1191 100 21 lemnade
818 1196 110 21 program-

166 1228 43 19 met
225 1225 34 22 för
275 1227 27 20 de
317 1227 25 20 af
350 1227 119 21 ständerna
479 1225 108 28 beviljade
598 1226 76 21 medel.
690 1225 117 21 Huruvida
817 1230 111 21 program-

165 1263 44 18 met
229 1260 45 21 kan
290 1261 115 21 reduceras
420 1261 28 21 så
460 1263 32 18 att
508 1261 37 21 det
560 1260 108 27 beviljade
684 1259 99 27 anslaget
798 1258 48 21 icke
862 1257 67 22 öfver-

167 1295 90 27 skrides,
282 1297 24 20 är
319 1295 38 28 jag
372 1295 48 22 icke
435 1295 93 27 befogad
544 1297 32 18 att
591 1294 72 21 uttala
678 1294 43 27 mig
737 1300 42 15 om.
816 1293 41 21 Det
873 1292 56 21 skall

165 1329 129 26 emellertid,
317 1330 7 20 i
344 1329 104 21 händelse
464 1329 140 27 byggnadens
619 1328 82 22 storlek
717 1329 122 23 reduceras,
861 1326 68 22 blifva

165 1366 59 20 svårt
249 1367 34 19 att
301 1365 7 20 i
327 1364 117 21 framtiden
466 1364 68 21 ändra
550 1364 133 24 densamma,
707 1362 8 21 i
729 1361 105 22 händelse
849 1360 79 21 sådant

165 1398 70 22 blefve
252 1399 81 27 nödigt.
364 1398 72 22 Sådan
452 1398 129 28 byggnaden
597 1404 30 14 nu
642 1398 24 20 är
677 1396 149 28 komponerad
837 1395 43 21 kan
891 1395 37 20 det

165 1433 41 21 lätt
222 1432 45 27 ske,
289 1434 28 26 på
333 1434 43 20 sätt
392 1432 88 28 bilagda
495 1432 55 21 skiss
565 1432 98 27 antyder.
703 1431 37 21 Att
755 1430 122 22 kostnaden
893 1428 33 22 för
