1031 1678
225 155 12 20 6
462 153 20 24 U.
498 153 19 23 B.
534 166 28 3 —
577 153 124 24 I-—XXXYI.

196 215 74 27 anslag
286 215 126 22 oafkortade
427 216 107 27 upptagits
550 216 7 21 i
571 216 201 27 kapitalräkningen
789 216 56 27 (pag.
861 216 42 26 25),
919 215 39 22 och

196 251 33 20 att
244 251 13 20 å
273 249 154 22 inkomstsidan
442 249 64 22 bland
520 250 134 22 äterbetalda
670 250 40 22 och
725 250 169 22 äterdebiterade
917 255 41 15 me-

197 283 35 22 del
255 284 58 27 (pag.
338 285 34 22 10)
396 284 69 27 ingätt
488 284 25 22 de
528 284 84 27 belopp,
628 284 74 21 hvilka
716 285 13 20 &
744 284 65 27 sagda
825 283 72 27 anslag
912 283 46 21 icke

197 319 111 25 användts,
331 319 77 21 medan
430 319 47 20 åter
491 319 7 20 i
513 319 118 21 relationen
647 318 58 22 öfver
720 317 238 23 kommunikationsfon-

196 352 41 21 den
259 353 72 21 såsom
353 358 26 16 en
402 352 64 27 utgift
488 352 108 28 upptagits
618 352 77 22 endast
710 352 41 21 den
767 352 34 21 del
816 352 22 21 af
851 350 107 28 anslagen,

196 392 47 15 som
266 386 6 21 i
295 386 145 27 verkligheten
463 387 75 26 åtgått.
570 386 50 21 Ofta
648 386 40 21 har
711 386 110 21 Utskottet
845 385 52 22 dock
912 385 47 21 icke

197 420 83 21 kunnat
295 420 78 21 utreda
389 420 89 22 orsaken
494 420 32 21 till
542 421 25 20 de
584 420 61 21 ofvan
657 420 95 27 antydda
762 419 197 28 skiljaktigheterna

197 453 40 22 och
253 454 72 21 derför
340 456 86 20 stannat
440 455 8 20 i
463 454 125 22 tvifvelsmål
604 455 80 24 derom,
701 454 71 21 hvilka
783 453 106 28 uppgifter
898 452 61 23 skola

197 494 62 15 anses
281 488 34 21 för
339 488 88 27 riktiga:
451 489 26 21 de
499 489 7 21 i
529 489 117 21 relationen
667 488 52 22 eller
734 488 47 21 de
775 483 13 37 i
801 487 158 22 vederbörande

197 522 158 27 expeditioners
378 523 52 21 eller
449 523 169 27 öfverstyrelsers
634 522 134 22 berättelser.
798 522 33 21 Då
847 522 36 21 det
898 527 61 22 synes

197 555 112 23 Utskottet
325 557 93 26 önskligt
433 559 32 20 att
481 557 70 28 dylika
566 557 173 26 skiljaktigheter
753 556 8 21 i
775 555 88 22 officiela
874 555 86 22 medde-

197 590 78 22 landen
291 591 111 26 undvikas,
418 591 40 22 har
472 591 110 22 Utskottet
592 591 58 21 velat
660 591 40 21 här
711 590 83 27 påpeka
804 589 156 27 ofvanantydda

199 623 154 23 förhållanden.

268 658 140 22 Beträffande
430 659 100 21 särskildt
552 659 26 21 de
601 659 6 20 i
631 658 198 27 kapitalräkningen
852 658 108 26 upptagna

198 691 105 24 inkomster
325 692 39 22 har
385 692 112 22 Utskottet
515 694 54 20 trott
584 692 32 27 sig
631 692 36 22 vid
682 693 76 26 posten
773 692 13 20 å
801 691 37 22 sid.
855 691 22 21 2:
893 693 67 18 ränta

199 725 39 22 och
253 727 132 27 amortering
402 728 13 19 å
430 727 35 21 det
480 727 34 21 till
529 726 112 21 Finlands
657 726 67 21 Bank
738 726 91 28 utgifna
844 726 45 24 lån,
905 731 54 21 resp.

199 760 100 27 254,400,
315 761 93 26 249,600
423 761 39 21 och
479 762 91 24 244,800
585 761 61 23 mark
657 760 54 22 böra
721 762 113 19 omnämna
845 761 37 23 att,
893 758 68 22 ehuru

197 794 164 27 ifrågavarande
383 795 36 21 lån
434 795 60 28 lyder
508 796 14 20 å
536 795 60 27 ryskt
612 796 59 26 mynt
686 796 57 20 samt
756 796 63 20 ränta
834 794 39 21 och
889 799 71 15 amor-

199 828 70 28 tering
292 829 72 21 derför
386 830 97 26 erläggas
505 829 53 22 efter
580 829 58 27 kurs,
661 828 66 22 likväl
741 828 8 22 i
763 826 198 29 kapitalräkningen

200 863 70 21 denna
292 863 94 21 inkomst
408 866 24 19 är
454 863 127 22 observerad
604 863 55 22 efter
673 862 118 27 beräkning
806 862 22 22 af
841 862 45 27 fyra
900 861 62 22 mark

201 896 32 22 för
255 897 77 22 rubeln
354 899 56 20 samt
432 898 109 21 skilnaden
564 897 91 22 emellan
679 897 60 21 detta
761 896 64 22 värde
840 896 33 21 för
886 895 75 22 rubeln

200 931 40 22 och
266 932 48 21 dess
339 932 95 27 verkliga
455 934 107 25 upptagen
587 932 28 27 på
638 930 136 28 utgiftssidan
796 931 70 21 såsom
887 936 25 15 en
931 929 31 22 af-

199 965 76 28 föring.
306 966 68 22 Häraf
396 966 42 21 kan
458 966 78 27 jemväl
558 966 105 21 förklaras
687 965 40 22 den
747 964 8 21 i
775 966 82 25 ögonen
870 964 92 22 fallande

200 1000 113 21 skilnaden
336 1000 89 21 emellan
440 1000 118 21 relationen
574 1000 40 21 och
630 999 161 26 statsförslagen
806 998 32 21 för
851 998 27 22 de
893 998 70 21 skilda

200 1034 59 26 åren,
276 1033 7 22 i
300 1033 71 22 hvilka
386 1034 131 21 sistnämnda
532 1034 68 21 denna
626 1035 50 26 post
702 1033 72 22 städse
798 1032 105 22 beräknas
926 1038 36 15 en-

200 1067 41 28 ligt
264 1067 33 22 för
319 1067 59 22 tiden
401 1068 97 27 gällande
516 1068 52 21 kurs
584 1067 38 22 och
640 1067 71 22 derför
726 1067 98 27 utgjorde
838 1067 51 20 åren
906 1067 55 20 1883

201 1102 86 21 —1885
311 1108 55 20 resp.
390 1102 98 26 190,800,
514 1102 91 27 187,200
628 1101 40 22 och
693 1101 92 25 183,600
800 1100 66 22 mark.
898 1100 64 21 Före-

203 1136 82 27 gående
300 1135 141 28 anmärkning
456 1136 66 27 gäller
537 1136 61 21 äfven
614 1136 213 27 statsjernvägarnes
846 1134 118 21 inkomster

201 1169 33 22 för
256 1170 53 21 åren
331 1170 56 21 1883
410 1170 40 21 och
468 1171 61 24 1884,
552 1170 72 22 hvilka
646 1172 75 25 poster
742 1169 8 21 i
774 1169 116 22 relationen
916 1168 48 21 vida

202 1203 131 28 öfverskjuta
348 1205 149 21 motsvarande
512 1206 73 26 poster
600 1204 31 22 uti
644 1203 205 28 jernvägstyrelsens
858 1202 105 22 årsberät-

201 1238 72 25 telser,
289 1239 89 21 emedan
394 1239 64 21 också
473 1239 7 21 i
496 1239 57 21 detta
567 1238 37 22 fall
623 1238 118 21 inkomster
755 1237 112 28 uppburna
881 1236 7 21 i
904 1236 60 28 ryskt

203 1274 60 25 mynt
288 1273 118 22 evalverats
428 1273 7 21 i
454 1273 200 27 kapitalräkningen
677 1272 54 22 efter
754 1278 25 15 en
801 1272 50 21 kurs
875 1270 22 22 af
919 1270 46 29 fyra

201 1307 68 21 mark.

272 1343 122 22 Utskottets
418 1341 187 28 uppmärksamhet
628 1341 40 21 har
691 1340 73 21 vidare
786 1339 53 22 fästs
861 1339 34 21 vid
913 1339 51 21 sista

202 1379 77 25 posten
294 1377 69 21 under
378 1376 62 21 titeln
455 1376 40 27 IV:
512 1375 130 26 ,,skolmedel
658 1374 97 28 influtna
767 1374 36 20 vid
810 1372 154 28 polytekniska

201 1412 110 20 institutet
333 1410 39 22 och
394 1410 131 27 reallyceum
540 1410 8 20 i
564 1409 145 28 Helsingfors
725 1410 56 19 samt
792 1406 173 29 folkskolesemi-

201 1446 106 20 narierna
323 1450 55 21 resp.
396 1444 88 27 37,509:
499 1444 34 24 50,
550 1444 77 26 37,162
644 1442 41 22 och
700 1443 78 26 26,660
792 1441 81 21 mark."
889 1440 75 22 Såsom

199 1478 8 22 i
223 1478 120 22 relationen
358 1478 90 22 sålunda
462 1478 140 28 uttryckligen
618 1476 130 27 framhålles,
759 1476 48 27 ingå
817 1475 68 21 under
895 1474 70 22 denna

273 1518 152 18 Statsutskottets
438 1518 116 17 betänkande
568 1519 36 16 N:o
618 1518 16 17 8.
