1031 1678
765 133 40 20 113

79 201 33 18 och
127 201 152 18 Polismästarens
297 201 141 22 godkännande,
456 199 71 19 indelta
544 201 7 17 i
569 202 68 16 tvänne
653 201 74 21 klasser,
743 201 20 17 af
775 200 62 18 hvilka

79 236 23 17 de
124 236 6 17 i
144 235 58 18 första
219 235 72 18 klassen
312 235 73 22 erlägga
405 235 28 18 till
448 235 58 23 byrån
526 235 112 22 månatligen
653 235 69 18 femton
737 235 52 22 mark
803 235 34 18 och

80 270 22 17 de
122 270 6 17 i
143 270 57 17 andra
219 270 73 17 klassen
313 270 32 17 två
364 269 58 18 mark.
452 270 58 17 Dessa
529 269 72 23 afgifter
620 270 92 22 uppbäras
727 270 111 23 månatligen

79 305 116 17 förskottsvis
210 305 19 17 af
242 304 142 18 kommissarien.
414 304 36 17 För
466 304 23 17 de
504 304 60 17 skilda
578 304 95 17 klasserna
687 305 110 17 bestämmas
813 304 24 18 äf-

79 344 35 12 ven
130 339 59 17 skilda
203 338 170 23 besigtningsdagar
388 338 35 18 och
436 338 79 17 timmar.
531 338 87 17 Inställer
632 338 28 22 sig
675 338 163 23 besigtningsskyl-

80 374 30 22 dig
133 373 16 23 ej
165 374 24 22 på
203 374 58 16 utsatt
280 372 33 22 tid,
328 372 72 24 påföres
418 372 60 18 henne
494 372 104 18 derutöfver
613 372 6 18 i
634 372 103 23 straffafgift
751 372 40 18 från
806 373 32 17 två

81 408 29 17 till
124 407 36 18 fem
176 407 57 22 mark,
249 407 24 17 då
287 407 36 17 hon
339 407 16 22 ej
371 407 95 22 godkändt
480 406 61 18 förfall
556 407 56 17 visar.

432 452 10 21 $
458 451 20 19 8.

149 493 136 22 Undantagsvis
299 493 36 17 kan
350 493 20 16 af
382 493 191 22 besigtningsläkaren
588 493 87 17 tillåtelse
690 493 69 17 lemnas
775 493 19 18 åt
809 493 28 18 in-

81 529 80 17 skrifven
176 529 68 22 qvinna
259 529 28 16 att
301 527 100 23 besigtigas
419 527 72 18 hemma
505 527 33 18 hos
553 527 81 22 läkaren,
650 527 6 18 i
671 528 69 17 hvilket
755 527 31 18 fall
801 528 36 17 hon

81 563 110 22 månatligen
206 563 29 17 till
249 562 57 23 byrån
321 562 116 17 förskottsvis
452 563 85 22 erlägger
555 562 51 23 tjugu
622 563 57 18 mark.

433 608 9 21 $
459 607 19 19 9.

149 649 27 18 På
195 649 85 17 anhållan
299 648 33 17 hos
349 648 145 18 Polismästaren
508 649 28 16 får
550 648 101 18 inskrifven
666 649 73 22 gvinna,
755 654 38 12 som
809 654 29 12 er-

82 684 58 16 håller
159 683 86 23 årstjenst
265 682 32 18 hos
317 682 101 22 välfräjdad
438 688 67 17 person
526 683 44 17 eller
585 683 70 17 lemnar
671 683 56 17 andra
741 683 97 22 godkända

81 717 92 23 garantier
187 717 28 18 för
230 718 27 16 ett
273 717 61 17 ärbart
348 716 86 22 lefverne,
450 716 40 18 från
508 717 67 23 byråns
590 717 85 17 matrikel
689 717 72 18 afföras.

430 762 10 22 $
458 761 32 19 10.

151 804 116 22 Tjenstflicka
281 804 44 16 eller
339 802 50 18 förut
403 803 40 17 icke
459 803 100 17 misstänkt
574 803 72 23 gvinna,
664 808 38 12 som
717 803 28 17 för
755 803 84 23 syfilitisk

82 838 63 18 smitta
159 838 20 17 af
191 838 115 22 namngifven
321 843 67 17 person
404 838 87 22 angifves,
510 838 38 22 bör,
564 837 46 17 efter
626 838 150 17 Polismästarens
791 837 48 23 pröf-

83 873 50 22 ning,
148 872 82 18 inställas
245 872 28 18 till
292 872 110 22 besigtning.

410 921 60 20 KAP.
491 922 19 19 3.

133 964 212 18 Polisföreskrifter
360 964 35 17 för
410 964 25 17 de
451 964 11 17 å
478 964 68 22 byrån
562 963 113 18 inskrifna
689 963 102 23 gvinnor.

429 1004 10 21 $
458 1004 32 17 11.

152 1043 102 18 Inskrifven
269 1043 68 23 gvinna
352 1043 58 18 måste
425 1044 71 17 infinna
510 1044 28 22 sig
553 1044 10 17 å
578 1043 57 24 byrån
646 1043 29 18 till
682 1043 113 22 besigtnings
809 1049 31 11 un-

84 1078 101 23 dergäende
201 1083 23 12 en
235 1078 48 22 gäng
297 1079 6 16 i
318 1078 69 17 veckan
403 1078 24 23 pä
442 1078 28 17 för
485 1079 59 16 henne
560 1079 58 16 utsatt
633 1078 35 22 dag
683 1078 33 17 och
731 1077 69 22 timme,
816 1077 25 18 äf-

83 1118 75 12 vensom
181 1113 27 16 till
231 1114 50 15 extra
300 1113 111 23 besigtning,
432 1113 20 17 sä
472 1113 39 17 ofta
530 1113 36 17 hon
581 1113 65 17 blifver
665 1113 61 17 kallad
741 1112 45 17 eller
801 1111 42 23 sjelf

83 1147 100 18 förmärker
197 1147 34 17 hos
245 1147 28 22 sig
291 1147 64 17 tecken
372 1147 28 17 till
415 1147 85 18 venerisk
516 1147 70 18 smitta;
608 1147 75 18 hvarvid
698 1147 36 17 hon
749 1147 34 17 bör
798 1152 43 12 vara

82 1182 74 17 försedd
175 1182 41 17 med
231 1182 28 17 sin
274 1181 160 23 inskrifningsbok,
453 1183 6 16 i
475 1182 74 17 hvilken
564 1182 188 22 besigtningsläkaren
768 1181 73 17 anteck-

81 1223 33 10 nar
128 1217 70 17 hennes
213 1216 179 18 sundhetstillstänä.
415 1217 35 17 Om
466 1217 35 17 den
517 1217 113 22 besigtigade
646 1217 81 17 befinnes
742 1216 40 23 sjuk
798 1216 45 17 eller

80 1251 105 22 misstänkt,
201 1251 84 17 afsändes
300 1251 37 17 hon
352 1251 20 17 af
385 1251 139 18 kommissarien
540 1251 28 18 till
584 1251 100 23 sjukhuset,
700 1251 55 18 sedan
767 1251 37 17 hon
817 1251 24 16 af-

80 1287 70 18 Jemnat
165 1286 28 16 sin
208 1285 162 23 inskrifningsbok,
386 1286 73 17 hvilken
475 1286 36 17 hon
528 1286 46 17 efter
588 1286 129 22 undergången
731 1285 111 22 behandling

80 1320 145 17 äterbekommer
251 1321 49 16 emot
315 1320 123 23 uppvisandet
454 1320 20 17 af
486 1320 184 23 utskrifningssedeln
685 1320 39 17 från
739 1319 100 24 sjukhuset.

431 1365 9 22 8
458 1364 33 19 12.

150 1395 105 22 Tnskrifven
272 1400 40 21 bör,
334 1400 20 17 sä
373 1400 38 18 ofta
429 1400 36 18 hon
482 1401 83 23 ombyter
580 1400 71 22 bostad,
667 1400 61 18 derom
744 1399 71 17 anmäla
830 1399 11 17 &

80 1434 77 23 byrån".
