1031 1678
180 137 13 21 6
410 137 25 20 U.
451 137 24 20 B.
492 149 27 4 —
534 137 116 21 XXXVII.

153 199 91 22 säledes
260 199 22 28 ej
298 199 43 22 alls
357 199 75 22 skulle
448 199 27 22 af
487 199 116 22 Finlands
619 200 68 21 Bank
695 200 132 28 förmedlas,
839 205 25 17 är
873 201 40 21 det

151 234 28 28 ju
195 233 108 29 omöjligt
319 235 34 19 att
368 233 114 22 Finlands
498 233 75 28 Bank,
590 241 49 14 som
655 234 37 21 för
707 235 144 21 närvarande
860 235 52 21 med

154 268 73 21 omkr.
251 275 30 14 en
303 268 115 28 tredjedel
440 268 106 29 deltager
569 269 8 20 i
601 269 110 28 samtliga
733 269 100 22 bankers
852 269 60 22 utlä-

153 303 60 27 ning
235 302 8 21 i
266 302 87 27 landet,
377 302 60 21 skall
458 303 81 21 kunna
562 303 95 28 betjena
679 303 54 22 hela
763 303 45 22 den
837 304 75 21 länsö-

155 337 77 20 kande
248 336 165 28 allmänheten,
430 337 44 21 och
489 337 40 21 det
544 337 46 21 kan
610 337 89 21 säledes
716 337 21 29 ej
746 338 116 21 undvikas
871 339 42 25 att,

155 372 26 20 sä
196 370 71 29 länge
283 370 114 22 Finlands
412 371 69 21 Bank
496 371 75 21 häller
586 371 52 21 sina
653 373 142 19 räntesatser
809 372 64 28 lägre
883 376 30 17 än

156 404 163 22 medelräntan
334 405 9 20 i
358 405 86 27 landet,
454 405 36 21 för
506 413 29 13 en
552 408 48 18 stor
616 405 38 21 del
669 405 40 22 län
725 413 28 13 en
765 405 71 28 högre
845 408 69 19 ränta

155 439 74 21 mäste
253 439 114 28 erläggas.
397 439 36 21 Dä
456 439 40 21 det
511 439 39 21 väl
573 439 119 22 dessutom
707 439 36 22 fär
759 441 96 27 antagas
871 442 41 25 att,

156 474 9 20 i
181 473 46 21 den
242 473 56 21 män
313 473 269 28 privatbanksväsendet
601 474 124 21 utvecklar
740 474 43 28 sig,
799 475 70 20 äfven
884 475 28 20 de

157 507 108 22 enskilda
288 507 132 22 bankernas
442 508 190 28 utläningsränta
656 508 60 21 skall
739 516 49 14 mer
806 509 43 21 och
865 516 48 13 mer

155 542 138 26 modereras,
301 541 72 22 borde
381 542 39 21 det
429 542 98 21 antörda
543 543 75 20 skälet
635 543 21 28 ej
672 542 120 22 föranleda
799 543 114 21 Finlands

156 576 70 22 Bank
249 578 36 20 att
306 577 88 20 inrätta
408 584 46 20 nya
470 577 93 27 kontor,
580 577 131 21 allraminst
727 585 37 13 om
779 577 134 28 derigenom

155 611 212 28 privatbankernas
397 611 149 21 verksamhet
578 611 44 22 och
651 611 138 28 utveckling
822 612 90 21 komme

157 648 34 19 att
223 645 110 22 hämmas.
370 645 36 28 Ty
429 645 39 22 det
490 646 43 21 bör
556 645 96 28 erinras,
677 647 34 20 att
734 646 67 21 dessa
830 653 83 21 genom

157 680 37 20 sin
217 680 237 28 depositionsrörelse,
478 680 20 21 d.
522 687 22 14 v.
568 687 16 13 s.
608 680 179 28 hopsamlingen
807 680 23 21 af
830 680 85 21 ilan-

157 714 40 21 det
220 714 121 28 befintligt
363 714 74 28 ledigt
459 714 91 28 kapital
573 714 38 21 till
625 714 159 28 jordbrukets,
800 714 114 21 handelns

160 748 45 22 och
231 748 130 22 industrins
387 749 104 27 fromma,
518 749 126 27 tillgodose
668 750 35 20 ett
726 748 187 26 samhällsbehof,

157 790 50 14 som
223 782 115 22 Finlands
353 783 68 21 Bank
435 783 52 21 icke
503 783 42 21 har
561 791 88 13 samma
664 786 74 25 utväg
753 785 36 19 att
803 783 111 21 tillfreds-

158 818 76 20 ställa.
266 817 49 22 Och
339 817 39 21 det
394 818 76 20 skulle
486 818 134 28 säkerligen
635 818 53 20 icke
703 817 72 22 lända
790 818 124 20 allmänhe-

159 854 40 19 ten
222 852 39 21 till
275 852 94 27 båtnad,
387 859 37 14 om
439 859 84 21 genom
538 860 29 13 en
583 852 67 28 dylik
666 852 146 22 konkurrens
827 852 88 28 privat-

157 886 124 22 bankerna
303 886 119 28 nödgades
444 886 99 29 indraga
566 887 79 27 någon
669 886 36 22 del
728 887 26 21 af
767 886 50 22 sina
832 886 83 22 filialer

156 922 8 20 i
181 921 143 26 landsorten,
341 920 97 22 emedan
454 920 44 22 den
514 921 76 21 fördel
608 929 29 13 en
653 921 64 28 lägre
727 921 189 28 utlåningsränta

157 955 104 22 beredde
285 955 249 22 affärsverksamheten
557 956 117 28 knappast
697 956 76 21 skulle
793 959 121 25 uppvägas

156 991 27 20 af
196 990 45 21 den
257 990 79 27 skada,
353 997 49 14 som
418 990 162 21 förorsakades
595 998 84 20 genom
695 998 28 13 en
739 990 121 22 försvårad
874 990 40 21 ka-

155 1024 178 29 pitalbildning.

225 1059 48 21 Det
297 1059 113 28 antyddes
434 1059 72 22 redan
531 1061 34 20 att
582 1059 114 22 Finlands
712 1059 68 21 Bank
795 1059 53 21 med
863 1059 51 21 dess

157 1093 138 22 nuvarande
318 1093 128 29 tillgångar
462 1094 46 21 kan
524 1093 175 22 tillfredsställa
714 1093 83 22 endast
812 1101 29 13 en
855 1093 60 21 min-

157 1128 41 21 dre
216 1127 38 22 del
271 1128 25 21 af
309 1127 177 29 lånebehofven,
504 1128 43 21 och
563 1128 30 21 då
609 1128 40 21 det
665 1129 20 28 ej
701 1128 74 21 heller
785 1127 65 22 torde
859 1135 55 14 vara

160 1164 48 19 rätt
223 1162 114 28 förenligt
352 1163 53 20 med
420 1163 112 21 Bankens
548 1163 161 28 organisation
728 1164 34 19 att
776 1162 45 21 den
837 1162 79 21 alltför

159 1197 95 28 mycket
277 1199 113 26 utgrenar
412 1197 36 21 sin
463 1197 93 26 rörelse,
573 1204 67 14 anser
655 1197 123 22 Utskottet
793 1198 34 19 att
842 1196 72 21 bank-

159 1231 177 28 förvaltningen
359 1231 53 21 med
428 1233 85 20 största
529 1231 135 22 varsamhet
678 1232 41 21 bör
733 1231 30 28 gå
778 1231 38 21 till
830 1234 61 24 väga
906 1230 8 21 i

157 1266 68 27 fråga
241 1273 38 14 om
301 1266 145 21 inrättandet
468 1266 25 21 af
514 1273 46 21 nya
576 1267 85 20 kontor
676 1265 44 22 och
735 1265 130 21 tillsvidare
880 1265 34 20 in-

161 1300 104 21 skränka
288 1300 37 28 sig
347 1300 37 21 till
407 1302 35 19 att
457 1301 107 28 förlägga
580 1301 87 20 sådana
682 1300 39 21 till
737 1302 67 25 orter,
821 1299 40 22 der
875 1306 39 14 an-

159 1334 85 28 tingen
273 1334 72 21 redan
377 1341 28 14 en
428 1336 73 19 större
525 1334 222 22 affärsverksamhet
765 1337 25 17 är
812 1333 102 21 rådande

159 1368 44 21 och
227 1368 77 22 denna
327 1369 21 28 ej
372 1376 68 14 anses
462 1376 56 14 vara
536 1369 38 21 till
590 1368 58 22 fullo
664 1368 111 28 betjenad
791 1368 25 20 af
828 1368 86 27 privat-

156 1402 128 27 bankerna,
315 1403 56 21 eller
400 1403 44 21 ock
473 1402 41 22 der
544 1402 197 28 bankinrättning
771 1405 62 18 ännu
863 1402 51 20 sak-

159 1444 50 20 nas,
233 1444 54 14 men
311 1445 28 13 en
363 1437 79 27 sådan,
466 1445 36 14 om
528 1437 44 22 ock
594 1438 22 28 ej
639 1437 39 21 till
703 1444 27 14 en
755 1436 82 28 början
860 1435 56 21 fullt

225 1477 149 17 Bankutskottets
385 1477 110 18 betänkande
507 1478 35 18 N:o
554 1479 19 17 2.
