1031 1678
387 134 25 21 U.
429 134 24 19 B.
470 146 26 3 —
512 135 114 20 XXXVII.
845 136 12 20 5

129 196 63 27 böra,
201 195 97 22 likasom
307 196 27 21 de
346 195 108 22 enskilda
464 196 271 30 bankinrättningarna
726 191 10 39 i
747 197 86 28 landet,
842 205 45 14 un-

128 231 43 20 der
194 230 45 21 alla
257 229 61 22 tider
339 230 57 21 söka
419 231 109 22 bedrifva
551 231 46 22 den
612 234 87 19 största
714 232 96 29 möjliga
825 232 62 21 utlä-

129 265 59 28 ning
211 265 41 21 och
277 264 135 29 derigenom
435 265 75 22 skaffa
526 266 37 28 sig
578 266 121 29 möjligast
715 268 85 20 största
815 267 70 27 vinst,

129 299 84 22 medan
236 300 50 20 äter
309 299 72 21 andra
404 299 105 22 förmena
524 302 35 19 att
575 300 46 23 den
636 301 8 20 i
660 301 76 20 likhet
750 301 53 21 med
819 303 68 19 stats-

128 334 121 22 bankerna
272 334 7 20 i
303 333 72 21 andra
390 333 82 22 länder
487 334 43 21 allt
552 342 48 14 mer
619 335 45 21 och
679 342 48 14 mer
742 335 42 21 bör
799 335 88 21 sträfva

129 369 38 21 till
183 370 34 19 att
232 368 80 28 intaga
328 375 28 13 en
371 368 266 28 penningemarknaden
645 369 166 22 dominerande
821 369 66 21 ställ-

129 403 65 28 ning,
219 409 47 14 som
289 402 79 27 afsäge
392 402 8 21 i
423 403 97 21 främsta
542 405 99 19 rummet
664 405 35 19 att
721 404 90 28 reglera
829 411 56 20 pen-

129 437 175 28 ningerörelsen
324 436 43 21 och
383 437 110 28 derjemte
510 439 34 19 att
558 437 70 22 äfven
644 438 74 21 under
731 438 61 21 tider
807 438 23 21 af
845 437 41 22 all-

129 474 66 19 mänt
217 471 147 21 ekonomiskt
386 471 101 28 betryck
512 472 44 21 och
580 473 68 20 svåra
673 473 148 26 atfärskriser,
853 472 30 21 dä

130 505 210 31 privatbankernas
363 513 115 14 ressurser
492 506 82 21 blifvit
588 507 133 28 medtagna,
735 507 90 28 utgifva
847 507 40 21 län

130 541 45 22 och
191 540 96 21 sälunda
303 540 119 21 äterställa
438 540 45 21 den
499 541 118 21 allmänna
632 541 108 21 krediten
749 541 43 21 och
801 541 83 28 bringa

130 574 249 23 affärsverksamheten
394 574 38 21 till
448 575 36 21 lif.

199 609 12 22 I
235 609 133 21 hufvudsak
383 609 145 22 omfattande
544 609 45 22 den
605 617 81 14 senare
702 610 98 28 äsigten,
817 617 67 14 anser

130 644 123 23 Utskottet
275 643 60 22 dock
358 644 66 21 såväl
445 644 92 21 landets
556 651 49 14 som
628 644 105 21 bankens
756 651 59 21 egen
838 644 46 21 för-

130 679 38 21 del
190 678 72 28 bjuda
287 680 35 19 att
351 678 75 21 under
448 678 136 22 nuvarande
607 678 163 22 förhällanden
793 678 44 22 och
859 679 26 20 sä

129 714 70 28 länge
214 712 268 30 privatbanksväsendet
496 714 42 20 hos
555 720 37 14 oss
608 713 20 29 ej
640 714 102 28 uppnätt
753 720 86 14 samma
848 715 35 19 ut-

129 748 112 28 veckling
255 754 49 14 som
319 748 8 20 i
343 746 28 22 de
379 749 74 19 större
462 747 203 29 kulturländerna,
674 748 114 21 Finlands
796 747 87 22 Bank
869 742 17 39 i

130 782 54 22 män
199 782 26 21 af
238 782 50 21 sina
303 782 127 29 tillgångar
444 782 146 22 fortfarande
606 790 85 20 genom
707 782 77 22 direkt
795 782 90 21 förbin-

129 816 64 22 delse
209 816 52 22 med
276 816 157 22 allmänheten
448 816 120 22 bedrifver
584 816 36 22 sin
636 817 114 28 utläning.
774 817 55 21 Men
843 816 42 22 Ut-

129 851 90 21 skottet
233 851 73 21 häller
321 850 60 22 dock
395 851 57 25 före,
467 853 35 19 att
517 851 94 21 banken
627 851 83 21 dervid
727 851 40 21 bör
777 851 105 21 undvika

129 888 36 19 att
187 886 142 21 konkurrera
350 886 53 21 med
418 886 200 28 privatbankerna
633 886 31 28 pä
679 886 83 21 sädant
777 888 53 25 sätt,
847 888 35 19 att

128 921 68 21 deras
212 920 147 22 verksamhet
373 920 44 22 och
432 920 82 22 vidare
537 920 139 29 utveckling
691 920 134 28 derigenom
839 920 45 21 för-

126 956 87 21 sväras.
237 955 30 23 Sä
281 954 74 22 skulle
371 954 161 22 förhällandet
548 955 121 21 sannolikt
683 955 82 26 blifva,
782 962 37 14 om
827 954 54 22 Fin-

127 990 68 21 lands
220 989 62 21 bank
304 989 116 22 inrättade
446 990 85 21 kontor
546 990 9 20 i
571 990 29 21 de
621 990 92 21 mindre
730 991 62 19 orter
807 989 8 21 i
832 989 49 21 lan-

127 1024 47 26 det,
197 1023 41 22 der
259 1023 197 29 privatbankerna
479 1023 73 22 redan
574 1031 97 21 operera
687 1023 43 22 och
745 1023 41 21 der
802 1023 80 22 affärs-

127 1058 179 22 verksamheten
332 1061 62 18 ännu
422 1058 53 21 icke
498 1062 25 17 är
546 1059 26 21 sä
592 1058 116 29 betydlig,
731 1060 36 20 att
789 1057 45 22 den
857 1058 24 28 ej

126 1093 48 21 kan
188 1092 168 29 jemförelsevis
375 1092 40 21 väl
437 1093 25 21 af
483 1093 52 22 dem
557 1093 114 28 betjenas.
701 1092 44 22 Väl
760 1095 25 18 är
800 1091 41 22 det
855 1099 29 14 en

126 1127 95 28 mycket
251 1126 173 22 beaktansvärd
452 1127 182 28 omständighet,
661 1134 48 14 som
738 1128 70 27 utgör
831 1126 52 21 huf-

126 1161 125 21 vudskälet
274 1161 8 21 i
305 1161 28 21 de
358 1161 67 21 flesta
446 1161 39 21 till
509 1161 238 29 bankförvaltningen
762 1161 120 28 ingängna

125 1195 160 28 ansökningar
296 1203 37 14 om
347 1195 146 22 inrättandet
502 1196 26 21 af
533 1204 47 21 nya
589 1196 91 27 kontor,
689 1195 119 29 nämligen
816 1195 67 21 tvän-

126 1232 41 26 get
179 1230 37 21 för
227 1230 45 21 den
282 1230 268 29 penningebehöfvande
560 1231 158 21 allmänheten
727 1231 7 20 i
743 1230 67 21 dessa
821 1231 62 20 orter

125 1266 36 19 att
174 1265 39 20 till
223 1265 199 28 privatbankerna
435 1265 97 29 erlägga
540 1273 30 14 en
578 1265 56 22 vida
641 1265 72 28 högre
721 1267 68 19 ränta
797 1268 30 18 än
835 1264 45 21 den

125 1299 28 21 af
163 1299 114 22 Finlands
285 1299 68 22 Bank
361 1299 118 22 noterade.
495 1300 54 21 Men
558 1301 64 20 utom
631 1301 36 20 att
676 1299 152 29 uppgifterna
844 1306 37 14 om

125 1333 70 21 dessa
209 1333 62 29 höga
292 1335 142 19 räntesatser
459 1334 67 21 torde
552 1341 56 14 vara
632 1335 74 27 något
728 1333 151 27 öfverdrifna,

125 1367 37 28 ity
178 1368 41 27 att,
235 1367 74 29 enligt
323 1368 106 21 erhällna
444 1368 180 29 upplysningar,
640 1368 28 22 de
677 1368 97 22 allmänt
782 1366 98 23 anförda

125 1402 109 22 siffrorna
245 1404 12 20 7
267 1402 14 22 å
288 1403 43 27 8"/,
339 1402 160 22 öfverhufvud
507 1402 49 22 lära
564 1402 129 22 inskränka
701 1403 37 28 sig
746 1402 38 22 till
792 1401 88 22 sådana

125 1436 90 27 affärer,
225 1444 48 14 som
281 1439 89 19 ansetts
379 1444 55 15 vara
442 1437 112 22 förenade
559 1438 54 21 med
618 1439 73 20 större
697 1437 48 21 risk
751 1436 44 22 och
800 1435 83 22 hvilka

194 1477 149 19 Bankutskottets
353 1477 111 18 betänkande
476 1477 36 18 N:o
524 1478 19 17 2.
