1031 1678
223 136 42 20 200
547 135 62 21 XXX

269 208 141 31 Relation
434 200 136 47 angäende
593 208 291 39 undsättningsfonden.

264 271 67 18 Denna
345 271 51 21 fond,
408 271 57 18 hvars
478 270 110 23 behällning
600 271 31 18 vid
644 271 94 23 utgängen
751 271 20 17 af
783 270 20 19 är
817 271 44 17 1883
873 271 83 22 uppgick

183 305 40 24 till
241 305 94 22 3,898,934
349 306 54 17 mark
416 307 21 16 71
450 306 62 22 penni,
525 306 35 17 har
572 305 60 18 under
644 306 45 17 åren
704 306 113 17 1884—1886
829 305 42 18 icke
883 305 73 22 päförts

194 340 60 17 andra
266 340 79 22 utgifter
357 342 23 16 än
393 340 60 23 priset
461 340 29 18 för
499 342 68 16 tvenne
576 340 133 22 kontoböcker,
719 340 104 22 utgörande
830 340 126 18 tillsammans

195 375 21 17 14
229 374 60 18 mark.
313 374 88 18 Fondens
413 375 102 23 tillgångar
528 374 86 24 utgjorde
627 375 32 18 vid
671 375 58 17 slutet
741 374 20 18 af
773 374 20 18 år
807 375 52 17 1886:

193 419 106 19 KRM
298 415 15 33 vo
325 434 4 4 i
353 433 4 4 6
382 433 4 4 si
411 433 4 4 m
441 434 4 4 MO
499 433 3 4 n
528 434 3 3 OMM
586 434 4 4 OR
615 434 4 5 RM
645 434 4 4 OM
674 435 4 4 OK
703 434 32 3 MR
760 434 4 3 Rv
789 434 4 3 RF
876 421 38 16 140:
927 420 27 17 93.

193 454 147 18 Räntebärande
353 455 125 22 obligationer
498 467 4 5 .
527 468 4 3 .
556 468 4 4 .
585 468 4 4 .
614 469 4 4 s
643 469 4 4 «
673 469 3 4 »
701 468 4 3 +»
730 468 4 3 »«
759 468 4 4 »
787 468 4 4 «
816 455 98 21 4,504,048:
927 455 27 16 72.

193 489 116 18 Utestående
321 489 37 22 län,
372 489 56 18 säkra
441 503 3 3 .
470 503 4 4 .
500 501 4 4 «
530 502 2 4 «
557 502 33 5 ss
615 502 4 4 s
644 502 120 5 kee
789 503 3 4 L
845 489 69 22 27,809:
928 489 26 17 39.

252 537 9 9 »”
333 538 8 8 »
373 525 69 16 Osäkra
466 524 68 21 39,709:
549 525 26 16 16.

193 557 118 24 Förskjutna
323 559 222 22 inteckningskostnader
558 572 3 3 .
586 572 4 4 .
615 572 4 4 .
644 572 5 3 -
674 572 3 4 «
702 571 34 5 ss
761 571 32 5 «4
898 559 16 16 6:
927 559 27 17 60.

717 599 75 18 Summa
815 599 99 22 4,532,005:
926 599 28 17 64.

263 645 44 18 Med
326 645 88 18 afseende
432 644 12 18 å
462 645 126 18 statsfondens
604 645 91 22 ställning
707 645 35 17 har
754 645 106 22 Kejserliga
873 645 81 18 Senaten

191 679 107 17 tillsvidare
310 680 41 17 icke
364 679 93 23 begagnat
470 680 28 22 sig
510 679 20 18 af
541 679 32 18 det
586 679 81 18 Senaten
679 679 76 23 nådigst
764 679 85 18 lemnade
858 679 95 23 bemyndi-

191 714 62 22 gande
271 716 29 16 att
318 712 42 20 från
373 714 201 23 undsättningsfonden
588 714 28 17 till
630 714 238 18 öfverskottsstatsmedlen
881 714 71 22 årligen

192 748 96 18 öfverföra
300 748 56 23 högst
369 748 35 18 den
418 754 76 16 summa,
508 748 89 18 hvarmed
609 748 201 23 undsättningsfonden
819 748 32 18 vid
859 748 93 23 utgången

191 782 21 18 af
223 783 66 23 hvarje
302 784 21 17 år
336 783 112 23 öfverstiger
460 784 92 21 3,000,000
564 784 58 17 mark.

536 894 72 21 XXXI

224 950 139 31 Relation
386 950 136 39 angäende
544 951 186 31 Statsverkets
753 951 167 31 reservfond.

261 1014 61 17 Sedan
340 1019 65 18 genom
425 1013 65 24 nädigt
507 1014 83 23 reskript
608 1014 20 18 af
646 1014 35 18 den
701 1015 22 16 20
741 1014 103 18 December
864 1015 44 16 1883
920 1013 31 18 be-

190 1049 67 17 stämts
277 1051 28 16 att
319 1049 133 18 reservfonden
464 1049 49 17 skall
526 1039 114 32 uppbringas
653 1049 30 18 till
696 1049 91 21 5,000,000
800 1049 58 21 mark,
873 1048 78 18 sälunda

191 1085 28 16 att
233 1083 48 18 efter
294 1083 50 18 hand
356 1083 62 23 nägon
431 1083 29 18 del
473 1083 20 18 af
504 1083 115 23 disponibelt
631 1083 106 18 öfverskott
749 1083 6 17 i
768 1083 123 21 statsfonden,
904 1083 48 18 efter

189 1117 67 23 hvarje
269 1117 48 24 gång
330 1118 101 17 utverkadt
442 1117 65 23 nådigt
518 1117 91 22 tillstånd,
623 1117 103 18 öfverföres
735 1118 29 17 till
773 1117 134 18 reservfonden
916 1117 35 18 och

190 1155 91 16 räntorna
293 1154 11 17 &
316 1153 78 18 fondens
408 1153 60 18 medel
479 1153 64 23 läggas
556 1153 29 18 till
598 1153 93 23 kapitalet
699 1153 39 18 tills
749 1153 104 18 detsamma
861 1153 53 22 stigit
921 1153 30 17 till

189 1189 127 17 nästnämnda
333 1188 73 23 belopp,
425 1189 35 17 har
478 1189 59 17 under
555 1187 44 19 åren
613 1189 44 18 1883
671 1188 34 17 och
720 1189 43 16 1884
775 1188 29 17 till
817 1187 133 18 reservfonden

190 1222 102 19 öfverförts
305 1224 92 21 3,000,000
409 1223 59 18 mark.

261 1257 64 19 Under
337 1257 44 18 åren
396 1258 44 17 1885
453 1257 35 18 och
502 1258 44 17 1886
558 1257 57 18 hafva
625 1257 42 18 icke
675 1257 59 22 några
742 1257 64 17 vidare
815 1256 135 23 öfverföringar

189 1283 30 28 till
238 1293 134 18 reservfonden
391 1295 31 21 egt
439 1299 49 16 rum;
505 1293 35 17 och
552 1293 94 22 uppgingo
660 1292 79 18 fondens
752 1292 101 23 tillgångar
865 1292 30 17 vid
908 1292 41 18 sist-

189 1328 58 22 sagde
261 1328 30 18 års
305 1328 69 23 utgång
387 1328 37 18 till:

189 1374 88 18 Kontant
291 1370 11 31 «+
320 1388 3 4 «
349 1388 4 4 a
379 1387 2 4 s
408 1387 3 4 a
437 1370 17 31 60
466 1370 32 31 kos
524 1370 32 31 ROR
586 1386 28 6 OS
628 1370 15 31 TR
655 1370 18 31 OM
686 1370 16 31 OK
727 1386 33 5 ja
785 1387 4 4 6
870 1374 39 17 710:
922 1373 28 17 90.

190 1408 130 24 Obligationer
351 1422 3 5 .
379 1422 4 4 .
408 1422 4 4 so
437 1422 4 4 so
465 1422 4 4 e
494 1422 4 4 so
524 1422 205 5 kan
812 1408 97 22 3,258,708:
922 1408 28 17 64.

712 1449 76 18 Summa
811 1449 98 22 3,259,419:
922 1449 27 17 54.
