1031 1678
265 145 69 23 Ständ.
351 146 46 21 Skr.
413 158 26 3 —
456 146 142 27 Längmanska
613 146 107 22 fonderna.

285 461 118 22 Finlands
428 461 120 22 Ständers
569 461 136 22 skrifvelse
725 461 40 22 till

215 496 250 27 Bankfullmäktige,
490 496 108 27 angående
624 496 142 27 Längmanska

213 531 236 22 testamentsfondernas
472 531 123 27 förvaltning
619 531 37 22 och
677 531 88 21 använd-

215 565 74 27 ningen
305 565 20 22 at
341 566 62 21 deras
419 565 117 28 disponibla
551 566 59 21 vinst.

208 663 47 24 Till
272 663 120 23 Finlands
412 663 116 24 Ständers
546 663 225 30 Bankfullmäktige.

178 731 48 21 Med
245 731 128 27 biläggande
394 731 23 21 af
433 731 131 21 summarisk
584 730 102 28 öfversigt
705 730 24 22 af
745 731 124 27 Längman-

109 766 40 21 ska
171 766 246 22 testamentsfondernas
440 765 48 21 Litt.
511 765 23 21 A.
558 765 42 21 och
622 765 22 21 B.
664 765 131 27 förvaltning
815 766 53 21 åren

110 800 139 22 1885—1887
267 800 111 22 äfvensom
395 800 159 27 approximativ
564 800 72 27 kalkyl
646 799 61 22 öfver
717 799 92 22 fondens
819 800 49 20 Litt.

108 836 23 20 B.
146 835 83 21 tillväxt
243 835 53 21 åren
313 836 60 25 1888,
392 836 55 20 1889
464 834 42 22 och
522 835 62 26 1890,
601 834 114 22 utvisande
731 836 32 19 att
778 834 36 22 det
828 834 39 21 be-

107 870 57 27 lopp,
185 876 47 14 som
247 869 68 21 under
331 870 52 20 åren
401 869 143 21 1888—1890
559 869 43 21 kan
618 868 24 22 af
655 868 122 22 Ständerna
793 869 73 27 dispo-

107 910 71 20 neras,
194 905 63 25 utgör
272 904 76 26 39,391
365 904 63 20 mark
444 904 11 20 7
471 903 71 27 penni,
554 903 66 21 hafva
630 903 194 27 Bankfullmäktige
835 903 31 21 uti

106 939 31 21 till
153 938 133 22 Ständernas
301 938 146 21 Bankutskott
462 938 42 20 den
522 938 26 20 12
563 938 57 20 Mars
637 938 54 21 1888
708 938 80 21 aflåten
804 937 62 21 skrif-

106 973 59 21 velse
188 972 103 22 aflemnat
311 972 82 27 förslag
416 972 114 27 angående
550 972 168 28 användningen
733 972 24 21 af
769 972 98 21 nämnda

106 1007 79 27 belopp
201 1006 32 21 för
249 1006 23 21 af
285 1008 92 19 testator
394 1006 89 21 afsedda
499 1007 109 21 ändamål.

175 1041 42 21 Vid
232 1041 159 27 behandlingen
402 1041 23 21 af
434 1041 166 27 ifrågavarande
612 1041 79 22 ärende
702 1041 40 21 har
752 1041 115 26 angående

106 1076 169 27 användningen
298 1075 23 22 af
341 1075 161 22 ofvanberörda
526 1076 123 27 disponibla
670 1076 79 27 belopp
773 1075 93 22 emellan

106 1111 27 21 de
151 1111 68 20 skilda
238 1111 92 20 stånden
349 1110 69 21 sådan
437 1111 195 26 samstämmighet,
650 1117 47 14 som
713 1110 34 21 för
762 1109 103 22 Ständer-

104 1145 71 22 beslut
198 1147 25 19 är
245 1145 130 26 erforderlig,
400 1145 48 21 icke
472 1145 95 27 vunnits,
590 1145 7 20 i
620 1145 51 27 följd
693 1144 80 21 hvaraf
789 1144 76 27 frågan

104 1181 78 20 härom
198 1179 33 22 för
246 1179 71 22 denna
333 1180 58 26 gång
406 1179 94 21 förfallit.

173 1214 137 21 Beträffande
331 1214 90 21 ärendet
440 1214 6 20 i
466 1213 64 28 öfrigt
548 1213 65 22 hafva
632 1213 123 22 Ständerna
769 1213 58 22 velat
843 1213 22 21 åt

104 1248 195 27 Bankfullmäktige
315 1248 124 27 uppdraga:

311 1311 34 21 att
364 1310 34 21 till
418 1312 66 20 nästa
504 1310 105 29 landtdag
629 1311 110 21 inkomma
757 1310 48 21 med
819 1310 45 27 för-

240 1345 47 27 slag
306 1344 95 22 rörande
420 1345 177 27 användningen
612 1345 28 27 af
653 1345 42 21 den
710 1351 93 19 summa,
820 1351 44 14 som

239 1380 68 28 enligt
325 1380 148 21 testamentets
491 1379 143 22 bestämmelse
649 1380 45 21 kan
710 1380 31 27 af
753 1380 111 20 nästsam-

240 1414 162 22 manträdande
422 1414 97 21 Ständer
536 1414 36 28 för
592 1414 67 27 derpä
673 1414 99 28 följande
789 1413 74 21 landt-

239 1448 127 28 dagsperiod
381 1448 140 28 disponeras;
