1031 1678
824 115 41 22 103

494 413 44 22 111.

235 466 128 33 Förslag
385 466 39 25 tili
446 473 150 26 program
617 466 50 26 för
686 468 41 24 ett
745 468 58 24 tre-

433 506 176 26 ständshus.

208 564 77 21 Denna
304 563 101 28 byggnad
426 562 104 28 uppföres
545 562 24 22 af
582 562 58 27 tegel
656 563 28 26 pä
700 562 71 21 sockel
787 562 24 22 af
823 562 73 27 granit

138 598 40 22 och
195 598 40 22 bör
249 597 111 22 innehälla
375 597 99 27 följande
490 597 91 21 lokaler:

211 633 19 27 1)
256 632 87 21 Tvenne
362 631 127 28 plenisalar
509 632 49 20 med
574 638 26 15 en
616 631 82 28 golfyta
714 631 24 22 af
750 631 66 22 minst
833 632 64 25 2,400

137 674 36 20 gv.
189 667 32 21 fot
235 667 35 21 för
285 667 112 21 hvardera.

208 702 21 26 2)
245 701 37 21 En
294 700 98 28 plenisal
407 700 50 21 med
473 706 27 15 en
515 700 82 28 golfyta
612 700 24 21 af
649 700 66 21 minst
731 701 63 25 1,800
809 708 33 20 qv.
856 701 39 21 fot.

206 736 23 25 3)
247 735 41 21 Tre
303 735 93 27 förrum,
414 736 32 20 ett
461 734 33 21 till
510 734 74 28 hvarje
599 734 92 28 plenisal
703 735 39 21 och
753 735 6 20 i
771 735 125 22 omedelbar

136 770 133 21 förbindelse
292 770 48 21 med
363 770 127 20 densamma
513 772 56 18 samt
588 770 48 20 med
653 776 25 14 en
694 769 83 28 golfyta
792 769 25 22 af
829 770 66 22 minst

137 805 44 21 400
197 811 34 20 gv.
248 804 31 21 fot
294 804 34 21 för
343 804 81 27 hvarje.

205 839 24 27 4)
254 838 42 22 Tre
318 838 130 26 kanslirum,
472 840 31 19 ett
525 838 34 22 för
578 838 74 28 hvarje
672 838 92 28 plenisal
779 839 40 21 och
835 839 60 22 invid

137 874 111 20 desamma
271 875 55 19 samt
347 874 50 20 med
420 880 28 14 en
472 872 82 28 golfyta
576 872 24 22 af
621 873 64 21 minst
704 874 43 21 500
765 880 33 20 gv.
813 874 33 21 fot
861 874 34 21 för

137 908 81 27 hvarje.

200 942 61 22 *Anm.
291 942 48 22 Alla
358 942 40 21 här
416 941 65 22 ofvan
502 941 143 28 uppräknade
665 942 82 21 lokaler
765 942 62 22 skola
842 942 53 22 ovil-

137 976 97 28 korligen
250 976 99 28 placeras
364 976 7 21 i
387 976 200 27 hufvudväningen.

205 1011 24 27 5)
245 1010 32 21 En
289 1010 129 28 byggnaden
430 1010 76 27 värdig
516 1009 90 22 vestibul
616 1010 40 21 och
663 1011 154 27 paradirappa
825 1011 69 27 jemte

137 1045 81 27 nödiga
233 1045 116 27 kapprum.

205 1080 22 28 6)
243 1079 41 22 Scr
299 1080 14 20 å
328 1080 47 21 åtta
391 1079 151 27 utskotisrum,
558 1079 58 22 olika
632 1082 63 23 stora,
712 1080 49 21 med
772 1086 27 15 en
809 1079 84 29 golfyta

136 1114 25 21 af
174 1115 65 20 minst
254 1115 42 21 500
311 1115 14 20 3
340 1114 43 22 600
398 1121 35 20 qv.
450 1114 32 21 fot
498 1113 33 22 för
546 1114 81 27 hvarje.

205 1150 22 27 7)
243 1149 62 28 Fyra
326 1156 51 15 rum
400 1150 36 26 för
460 1149 142 28 stenografer,
626 1151 31 19 ett
677 1149 32 20 för
724 1149 74 27 hvarje
815 1149 76 26 Ständ,

136 1185 50 20 med
202 1190 27 15 en
249 1183 82 28 golfyta
346 1183 25 22 af
384 1184 44 21 352
451 1191 34 20 gv.
501 1183 31 22 fot
548 1183 81 27 hvarje,
645 1185 56 19 samt
716 1183 124 22 derutöfver
856 1183 36 22 tvä

135 1225 50 14 rum
201 1219 49 20 med
267 1225 26 14 en
309 1218 82 27 golfyta
407 1217 109 22 hvardera
530 1217 25 22 af
568 1218 42 21 416
626 1225 33 20 qv.
675 1217 36 22 fot.

203 1253 56 21 Anm.
289 1253 9 20 I
317 1252 102 21 afseende
438 1253 14 20 å
468 1252 43 21 alla
527 1253 63 20 dessa
604 1253 69 20 under
689 1259 62 14 mom.
768 1253 12 20 7
796 1253 95 20 nämnda

134 1293 59 14 rums
209 1287 100 20 ändamäl
325 1287 40 20 och
381 1286 115 27 placering
512 1286 38 21 bör
565 1286 110 27 iakttagas
690 1286 108 27 följande:

203 1322 24 26 a)
243 1323 33 19 att
295 1320 241 28 stenografkanslierna
550 1321 68 20 mäste
634 1321 76 21 arbeta
725 1321 68 20 under
809 1327 83 15 samma

133 1354 38 22 tak
187 1356 50 20 med
253 1355 95 21 Ständen
365 1357 57 19 samt
437 1357 35 19 att
488 1356 61 20 desse
565 1354 83 22 lokaler
663 1355 18 27 ej
699 1354 74 22 kunna
783 1354 109 22 beräknas

133 1389 34 21 för
190 1389 86 21 kortare
299 1389 53 21 eller
371 1390 75 26 längre
465 1390 32 20 tid
518 1396 52 14 vara
585 1389 123 27 disponibla
723 1389 34 21 för
772 1390 69 20 andra
856 1390 38 20 än-

133 1424 82 24 damäl
206 1420 11 33 ;
