1031 1678
779 125 28 22 51

76 187 28 27 på
126 187 48 21 skäl
196 193 46 16 som
264 189 105 25 upptagas
385 187 7 21 i
407 187 132 27 protokollet
560 187 34 21 för
612 187 43 22 den
673 189 27 21 24
716 189 121 22 November

78 221 62 26 1885,
163 221 47 22 från
233 221 76 27 början
332 221 23 22 af
375 221 25 21 år
419 221 55 22 1886
493 221 123 22 förordnats
632 223 164 26 Borgmästaren
811 224 25 21 F.

78 255 24 21 0.
126 255 78 22 Möller
227 256 40 21 och
289 256 109 21 Kassören
420 256 20 21 J.
460 256 110 21 Niskanen
592 259 56 20 samt
670 257 32 22 till
724 259 113 26 suppleant

78 289 54 22 efter
147 290 139 21 Rådmannen
302 290 69 21 Oskar
387 290 90 21 Castrén
493 291 199 22 Länebokhållaren
707 292 71 21 Julius
789 292 48 21 Col-

77 324 43 21 lan.
151 325 71 21 Sedan
238 325 41 21 den
293 325 132 20 sistnämnde
440 325 70 26 afsagt
525 325 32 26 sig
572 326 127 26 uppdraget,
711 327 74 26 utsågs
795 327 42 21 den

78 359 27 21 25
123 359 91 21 Januari
234 359 54 21 1886
308 358 142 22 Handlanden
469 359 107 21 Reinhold
595 360 112 27 Lindqvist
729 361 32 21 till
779 361 58 21 leda-

77 393 173 26 motssuppleant
264 393 33 21 uti
311 393 163 26 ifrågavarande
489 394 178 21 diskontkomité.

148 426 10 21 I
177 427 219 21 diskontkomitéerna
414 427 37 21 vid
470 427 26 22 de
511 428 136 27 nyinrättade
663 428 105 23 kontoren
783 429 7 21 i
806 429 31 21 St.

78 461 85 26 Michel,
183 461 118 28 Jyväskylä
319 462 39 21 och
378 461 118 22 Sordavala
515 462 109 21 inkallade
642 463 195 27 Bankfullmäktige

79 496 41 21 den
139 497 26 20 29
184 496 51 21 Juni
256 497 60 25 1887,
333 496 34 21 vid
383 496 101 21 kontoret
502 497 8 20 i
530 497 31 21 St.
578 497 79 21 Michel
672 497 32 21 till
720 498 118 21 ledamöter

78 531 167 26 Borgmästaren
264 531 25 20 G.
304 531 24 21 P.
344 531 101 27 Alopeus
464 531 39 21 och
518 531 193 22 Kommunalrådet
726 533 25 20 A.
766 533 72 27 Kyan-

78 565 38 21 der
139 565 39 21 och
201 565 31 21 till
257 565 137 28 suppleanter
417 565 143 22 Handlanden
583 565 22 22 C.
621 567 24 20 F.
665 567 110 20 Pöndinen
798 567 40 21 och

79 599 210 22 Landskamreraren
306 600 24 21 A.
339 600 105 25 Walldén,
460 602 56 19 samt
532 601 40 20 den
589 601 26 21 27
633 601 89 26 Augusti
739 601 65 26 sagde
815 601 23 21 år

79 634 35 21 vid
133 634 101 21 kontoret
251 634 7 21 i
277 634 115 28 Jyväskylä
411 635 33 20 till
463 635 120 21 ledamöter
601 635 152 27 Kronofogden
770 636 25 21 K.
812 635 25 22 G.

79 668 34 21 W.
129 668 130 26 Rönneberg
278 669 39 21 och
336 669 125 26 Aptekaren
476 669 23 20 F.
516 669 111 27 Kiljander
646 670 39 20 och
705 670 32 21 till
753 671 85 26 supple-

80 704 61 19 anter
155 703 165 26 Borgmästaren
340 703 23 21 F.
380 703 25 21 A.
421 703 136 27 Aejmelaeus
572 704 40 20 och
628 704 143 21 Handlanden
788 704 51 22 Wil-

79 737 56 21 helm
151 738 140 26 Kommonen,
307 738 109 21 äfvensom
431 738 35 20 vid
482 738 116 20 kontoret
588 733 12 36 i
610 738 117 22 Sordavala
737 739 32 21 till
781 739 57 21 leda-

80 773 69 19 möter
163 772 163 26 Borgmästaren
342 772 26 21 K.
381 772 25 21 G.
417 773 55 26 Berg
488 773 40 20 och
544 772 138 22 Tullfiskalen
697 773 23 21 C.
733 774 105 20 Wikstöm

82 806 38 21 och
136 807 33 20 till
184 807 137 26 suppleanter
335 806 106 22 Hofrådet
456 808 25 20 A.
493 807 26 21 N.
531 807 100 21 Hoffman
647 807 39 21 och
697 808 142 20 Handlanden

81 841 210 21 Politierådmannen
307 842 26 20 D.
349 842 96 20 Tiainen.
471 841 114 21 Dessutom
603 842 109 26 uppdrogo
728 841 111 21 Bankfull-

82 876 94 26 mäktige
192 876 22 20 ät
229 876 167 26 Borgmästaren
411 876 115 26 Alopaeus,
543 876 152 26 Kronofogden
711 876 129 26 Rönneberg

82 910 39 20 och
137 910 165 26 Borgmästaren
317 910 56 27 Berg
391 911 32 20 att
438 910 70 21 tillika
524 916 52 15 vara
591 910 156 22 kontrollanter
762 910 36 21 vid
814 910 25 21 de

81 944 122 27 respektive
218 944 113 22 kontoren.

151 979 32 21 Pä
205 981 43 19 sätt
267 980 78 26 jemväl
368 979 139 21 härförinnan
530 980 56 20 varit
604 979 65 26 fallet,
689 979 64 21 hafva
771 980 70 20 under

82 1013 51 21 åren
150 1013 139 21 1885—1887
302 1013 220 21 diskontkomit&erna
533 1013 155 21 sammanträdt
699 1013 73 27 hvarje
782 1013 58 26 helg-

81 1047 27 22 fri
129 1047 41 27 dag
189 1047 12 21 &
218 1048 62 26 tider,
296 1048 88 21 hvarom
400 1047 196 27 Bankfullmäktige
611 1048 7 21 i
634 1048 93 26 enlighet
742 1048 48 20 med
805 1054 36 15 ve-

83 1082 133 21 derbörande
232 1082 248 21 kontorsföreständares
495 1082 183 27 framställningar
688 1084 99 19 närmare
797 1081 44 22 för-

83 1117 84 20 ordnat.

431 1179 11 28 8
458 1180 34 21 22.

152 1221 31 20 På
201 1221 61 26 gjord
282 1220 133 27 underdänig
434 1221 100 20 anmälan
550 1221 73 20 derom
640 1222 31 19 att
686 1220 155 21 Bankdirektö-
849 1219 133 30 Åtgärder
949 1215 35 38 an-

83 1261 37 15 ren
136 1255 99 26 Eneberg
251 1257 78 19 utsetts
345 1255 32 21 till
395 1257 150 24 representant
560 1255 33 20 för
609 1255 169 20 Villmanstrand
795 1255 46 20 stad
848 1247 66 40 gående
923 1246 57 40 direk:

82 1289 36 21 vid
137 1289 112 22 sisthållne
269 1289 108 26 landtdag,
395 1289 54 21 hade
469 1289 25 21 K.
512 1289 92 21 Senaten
624 1289 39 21 den
680 1289 27 21 23
723 1289 119 20 December

84 1323 61 26 1884,
161 1324 68 25 enligt
244 1324 258 26 Finans-Expeditionens
518 1323 113 21 skrifvelse
647 1323 33 21 för
696 1329 81 15 samma
793 1323 48 25 dag,

82 1358 90 26 beviljat
194 1358 184 21 Bankdirektören
402 1358 100 26 Eneberg
520 1358 163 26 tjenstledighet
702 1358 33 20 för
754 1357 41 21 den
811 1357 31 20 tid

82 1392 42 22 han
146 1392 85 21 komme
253 1394 32 19 att
307 1399 51 14 vara
377 1392 24 21 af
419 1392 211 26 landtdagsgöromål
650 1394 114 24 upptagen,
780 1391 63 20 hvar-

80 1427 67 27 jemte
170 1426 100 27 Senaten,
293 1427 27 26 på
343 1426 210 26 Bankfullmäktiges
576 1426 164 26 framställning,
760 1425 83 21 förord-

83 1462 55 20 nade
155 1461 151 21 Sekreteraren
319 1462 5 20 i
336 1460 88 22 Banken
440 1460 85 22 Wallén
541 1462 33 20 att
589 1460 119 22 emellertid
725 1462 32 19 ett
772 1459 71 21 direk-
