1031 1678
433 147 83 21 XXXII
785 148 38 20 201

212 347 150 29 Relation
385 346 137 38 angäende
544 346 191 30 statsskulden.

164 421 31 18 Uti
209 422 62 17 senast
283 420 81 23 afgifven
373 420 81 17 relation
463 419 95 23 angående
568 419 128 18 statsskulden
705 420 35 17 har
749 419 105 18 Ständerna

93 455 101 23 delgifvits,
207 455 56 18 bland
276 457 61 18 annat,
352 455 118 17 densammas
483 455 67 22 belopp
564 455 34 16 den
614 456 7 15 1
635 454 79 18 Januari
728 455 49 17 1884.

162 490 87 18 Derefter
267 490 40 20 har,
318 489 77 22 jemlikt
407 489 116 18 Ständernas
536 489 30 17 vid
580 489 44 17 1885
637 489 30 17 ärs
680 489 90 22 landtdag
782 489 71 18 fattade

92 525 68 21 beslut,
179 530 66 17 genom
261 524 90 17 Finlands
364 524 54 17 Bank
432 523 35 18 och
479 523 129 18 Bankirhuset
620 524 24 17 M.
658 524 22 17 A.
694 529 34 12 von
741 523 113 18 Rothschild

93 559 15 18 &
128 559 62 18 Söhne
209 559 6 17 i
234 559 104 17 Frankfurt
356 563 29 12 am
401 558 58 21 Main,
472 557 60 18 under
545 557 114 18 Ständernas
672 558 73 22 garanti
758 558 95 22 upptagits

93 596 27 16 ett
133 595 41 21 nytt
186 592 155 23 amorteringslän
354 592 11 18 &
379 593 103 21 17,600,000
494 592 62 17 finska
567 592 54 17 mark
634 592 45 17 eller
690 593 102 20 14,256,000
800 592 53 17 mark

93 629 53 22 tyskt
153 628 98 23 riksmynt,
260 627 90 18 hvarmed
359 627 67 18 främst
434 627 110 22 ligviderats
554 625 107 20 återstoden
670 627 20 18 af
698 628 44 16 1862
751 626 30 19 års
790 627 63 22 4'/,9/,

93 661 86 23 statslän,
197 662 78 21 hvilket,
294 661 24 23 p&
337 662 60 22 grund
414 661 20 18 af
446 662 36 17 den
496 662 61 17 finska
569 662 114 17 statsverket
696 661 30 18 vid
739 661 114 18 sistberörda

92 696 42 18 läns
153 696 119 23 upptagande
290 696 120 18 förbehållna
427 696 91 22 rättighet
538 697 28 17 att
578 696 48 18 efter
638 695 93 23 utgången
744 696 20 17 af
775 695 21 18 år
809 696 44 17 1868

93 732 24 22 pä
130 737 22 12 en
165 730 49 24 gång
227 731 17 17 al
257 731 41 22 pari
311 731 83 17 inbetala
406 730 110 18 återstoden
528 730 21 18 af
558 730 35 18 den
602 729 110 19 utestående
720 729 133 22 länesumman,

93 766 63 17 blifvit
168 765 94 23 uppsagdt
273 765 30 18 till
315 765 98 23 betalning
426 765 35 17 den
475 766 11 16 2
498 765 78 17 Januari
591 765 49 17 1887.
661 764 91 18 Vilkoren
764 765 29 17 för
803 765 50 17 detta

93 799 31 18 län
141 800 60 17 finnas
214 801 87 15 närmare
313 799 77 23 angifna
403 799 27 17 uti
443 799 69 23 nådiga
524 800 125 22 kungörelsen
662 799 35 18 den
712 800 21 16 19
745 799 44 17 Juni
803 800 49 17 1886.

94 834 39 18 Här
152 833 30 18 mä
200 834 49 17 blott
266 836 77 15 nämnas
363 836 28 15 att
403 833 11 18 &
426 833 116 23 ofvansagda
554 833 111 23 länebelopp
678 834 93 18 utfärdats
783 834 70 22 obliga-

93 868 66 22 tioner,
173 868 80 23 lydande
266 867 11 18 å
289 867 51 19 såväl
353 868 59 17 finskt
424 874 39 12 som
477 868 53 22 tyskt
542 870 56 20 mynt,
607 868 80 23 löpande
696 868 41 18 med
742 863 9 32 4
761 869 17 22 %,
793 870 59 20 ränta,

94 908 39 12 som
151 903 66 22 hvarje
236 902 48 18 halft
303 901 20 19 år
342 902 35 18 den
396 904 10 16 2
423 902 79 18 Januari
516 903 35 17 och
565 904 8 16 1
586 903 39 17 Juli
638 903 92 23 erlägges;
743 905 28 16 att
783 903 70 23 obliga-

92 937 87 17 tionerna
197 937 70 17 inlösas
285 942 66 18 genom
371 938 82 17 skeende
472 937 125 23 utlottningar
609 938 50 17 inom
671 939 21 15 41
706 936 21 19 år
739 938 42 17 från
793 937 36 18 den
843 939 7 16 1

92 972 80 17 Januari
191 972 44 16 1887
254 974 47 14 samt
320 973 28 16 att
365 972 111 17 annuiteten
495 972 60 17 under
573 972 61 17 denna
650 972 81 22 tidrymd
744 971 54 23 utgår
811 972 41 18 med

93 1007 75 20 712,800
187 1006 55 22 tyska
260 1006 58 20 mark,
337 1006 132 17 motsvarande
482 1007 75 20 880,000
569 1006 61 17 finska
642 1006 59 17 mark.
725 1007 36 17 Vid
773 1006 79 18 utbetal-

92 1041 68 22 ningen
180 1040 21 17 af
217 1040 128 18 lånesumman
363 1040 164 23 tillgodoräknade
546 1041 28 22 sig
592 1040 132 23 långifvarene,
740 1041 7 17 i
759 1041 93 18 öfverens-

93 1075 106 17 stämmelse
218 1075 42 17 med
278 1074 144 24 länefördraget,
441 1076 39 20 0,86
489 1076 23 22 "/,
526 1075 7 18 i
545 1075 135 22 kapitalrabatt
692 1076 11 17 &
716 1076 31 17 det
759 1075 94 18 nominela

92 1108 137 23 länebeloppet.

163 1144 69 17 Genom
245 1144 118 18 tillkomsten
375 1145 21 16 af
408 1145 51 17 detta
471 1144 32 18 län
516 1147 50 15 samt
576 1145 7 17 i
595 1145 47 22 följd
655 1145 20 18 af
686 1145 80 18 nämnda
775 1145 77 18 konver-

93 1178 61 22 tering
173 1178 94 17 äfvensom
287 1177 59 24 ärliga
362 1179 137 22 amorteringar
512 1178 10 18 &
535 1179 22 18 de
570 1179 51 18 äldre
634 1179 103 18 statslänen
750 1180 35 17 har
797 1181 56 16 stats-

93 1213 85 21 skulden,
189 1213 82 22 jemförd
283 1213 42 18 med
339 1213 112 23 ställningen
464 1213 36 18 den
515 1215 7 16 1
536 1213 78 18 Januari
628 1215 49 20 1884,
690 1215 79 22 uppgått
779 1214 30 18 till
817 1214 35 18 föl-

91 1247 58 22 jande
161 1247 68 22 belopp
243 1253 70 12 samma
325 1247 36 24 dag
373 1248 21 17 är
409 1249 47 21 1887,
470 1248 102 23 nemligen:

551 1294 41 17 Den
607 1295 6 16 1
627 1293 41 18 Jan.
721 1294 41 17 Den
777 1295 7 16 1
798 1294 41 17 Jan.

584 1325 49 29 1884.
757 1329 48 16 1887.

93 1361 19 23 a)
125 1361 90 18 Inhemsk
227 1362 110 21 statsskuld,
351 1360 102 20 bestäende
465 1362 28 17 af:

117 1397 34 16 1:0.
163 1395 234 23 Statskassaobligationer
412 1396 12 18 &
435 1397 34 22 3%/,
479 1397 28 22 %.

163 1430 76 22 Kapital
253 1431 35 17 och
300 1432 55 16 ränta
387 1444 4 4 .
416 1444 4 4 .
445 1444 4 4 .
474 1444 4 4 .
504 1444 3 4 .
583 1432 55 20 7,182:
651 1432 28 16 40.
754 1432 56 20 7,182:
823 1432 27 17 40.

404 1471 104 23 Transport
584 1472 56 21 7,182:
653 1473 27 17 40.
755 1473 57 21 7,182:
824 1474 28 16 40.

764 1507 21 17 14
