1031 1678
243 195 48 22 Den
313 195 48 21 med
383 195 77 22 nämde
482 195 33 27 sju
537 196 98 26 experter
649 195 116 22 förstärkta
779 195 154 28 Delegationen

174 229 172 22 sammanträdde
369 229 41 21 den
433 230 26 21 16
482 229 40 22 och
541 230 25 20 17
583 229 97 22 Oktober
696 230 61 21 1886.
787 229 80 22 Därvid
881 235 53 22 upp-

173 263 80 22 stäldes
269 263 22 21 af
305 262 142 23 ordföranden
462 263 32 22 till
509 263 130 22 besvarande
650 263 92 28 följande
753 263 70 27 fråga:
839 263 42 23 kan
892 263 41 22 den

174 297 67 22 eskiss
268 297 33 21 till
329 299 124 20 monument
482 297 58 22 öfver
564 297 253 28 Kejsaren-Storfursten
842 298 92 21 Alexan-

175 331 37 23 der
226 331 28 27 II,
267 337 53 21 som,
335 331 8 21 i
358 331 56 22 vissa
429 331 115 27 väsentliga
560 331 58 22 delar
634 331 125 22 omarbetad
774 331 23 22 af
809 331 123 27 bildhugga-

174 372 37 15 ren
227 365 32 23 W.
275 364 119 28 Runeberg,
406 372 28 14 nu
444 365 68 22 blifvit
522 366 123 21 understäld
656 365 132 27 vederbörlig
797 365 136 28 granskning,

174 405 61 16 anses
258 399 106 27 berättiga
385 399 153 27 Delegationen
561 401 32 20 att
616 399 129 22 öfverlämna
767 399 123 22 utförandet
913 400 21 21 af

174 434 147 21 monumentet
343 434 23 21 åt
387 433 27 21 hr
428 433 127 28 Runeberg?
583 433 72 22 Jämte
670 433 36 22 det
721 433 142 22 ordföranden
878 433 54 24 erin-

173 467 52 22 rade
248 467 81 27 därom,
353 469 32 20 att
407 467 35 22 vid
463 467 86 28 frågans
571 467 131 22 besvarande
724 467 94 22 eskissen
839 467 68 22 borde
926 468 7 21 i

173 501 143 28 konstnärligt
331 501 105 28 afseende,
455 503 25 20 så
494 501 7 22 i
516 502 47 21 dess
578 501 73 22 helhet
666 507 45 16 som
726 501 33 22 till
774 501 48 22 dess
837 502 95 27 detaljer,

173 537 61 26 tagas
256 535 68 22 under
347 535 139 28 ompröfning,
506 537 54 20 samt
575 536 58 21 såväl
649 536 36 21 det
699 535 104 28 plastiska
817 542 46 15 som
879 536 55 21 arki-

173 569 123 22 tektoniska
311 570 127 27 utförandet,
454 570 130 27 piedestalen
600 570 46 22 däri
661 570 130 27 inbegripen,
807 570 61 27 afses,
881 577 53 20 upp-

173 603 55 28 lyste
243 603 48 25 han,
315 606 32 19 att
362 604 26 21 hr
402 604 114 27 Runeberg
530 604 103 27 uppgifvit
649 604 48 22 hela
712 606 156 20 monumentets
883 604 51 27 höjd

173 643 52 16 vara
239 637 110 23 beräknad
364 638 32 21 till
413 639 27 20 10
455 640 72 25 meter,
546 638 115 27 Kejsarens
676 639 56 26 staty
747 637 33 22 till
802 639 6 20 3
823 640 68 20 meter
906 639 28 21 20

175 672 124 22 centimeter
321 672 40 22 och
381 672 79 22 enhvar
475 672 21 22 af
510 672 154 27 sidofigurerna
678 672 33 21 till
727 672 96 27 omkring
838 673 13 20 2
866 674 68 20 meter

175 706 28 21 30
218 706 130 22 centimeter.
360 719 28 3 —
398 706 67 22 Innan
482 706 39 22 den
537 706 107 22 definitiva
660 706 158 27 omröstningen
833 706 100 28 företogs,

174 739 81 22 fattade
278 740 153 27 Delegationen
454 741 28 27 på
495 740 79 27 förslag
590 740 22 22 af
626 740 142 22 ordföranden
783 740 100 22 särskildt
898 740 35 22 be-

174 773 43 23 slut
240 774 81 27 därom,
345 776 38 25 att,
406 774 8 22 i
428 774 37 22 fall
481 776 146 20 monumentet
642 774 85 22 komme
741 776 34 20 att
787 774 23 22 åt
824 774 26 22 hr
864 775 70 21 Rune-

174 807 52 27 berg
241 808 83 22 lämnas
339 808 32 22 till
387 808 117 28 utförande,
520 809 58 21 detta
593 810 7 20 i
615 808 73 28 hvarje
703 808 101 22 händelse
818 808 68 22 skulle
897 809 38 21 ske

175 842 126 28 vilkorligen
323 843 96 27 sålunda,
443 845 32 20 att
496 844 131 21 konstnären
646 842 45 22 före
707 842 36 22 det
759 842 107 22 definitiva
881 842 54 22 utfö-

175 876 76 22 randet
272 879 58 19 ännu
352 877 68 22 skulle
442 877 33 21 till
498 878 39 21 den
560 877 115 22 förstärkta
690 876 165 28 Delegationens
869 876 65 23 bedö-

176 911 76 21 mande
274 910 124 28 hemsända,
421 913 45 20 mot
484 911 68 27 skälig
567 911 124 27 ersättning,
707 916 26 16 en
749 912 150 26 porträttstaty
914 911 21 22 af

175 944 169 28 hufvudfiguren,
360 946 74 27 åtföljd
450 945 22 23 af
485 946 156 27 fotogrammer,
657 944 158 23 framställande
824 945 109 27 sidogrup-

175 984 73 22 perna,
261 979 68 27 jämte
345 980 135 27 beskrifning,
496 980 39 22 där
549 980 65 22 sådan
629 979 34 22 för
676 979 117 27 detaljerna
803 985 51 15 vore
863 979 70 27 nödig,

176 1012 109 22 äfvensom
307 1020 26 15 en
356 1013 33 22 till
412 1013 140 22 dimensioner
573 1019 27 16 m.
616 1019 26 16 m.
660 1013 63 22 exakt
737 1013 100 27 teckning
851 1013 22 22 af
886 1013 50 22 hela

176 1049 148 20 monumentet
345 1047 8 22 i
375 1047 97 28 lämpligt
492 1049 71 20 större
582 1047 60 22 skala
657 1049 27 20 än
699 1047 142 27 föreliggande
856 1047 78 22 utkast.

245 1081 71 22 Sedan
331 1082 97 27 samtliga
443 1082 136 22 medlemmar
594 1081 22 22 af
630 1081 41 22 den
685 1081 116 22 förstärkta
814 1081 120 28 Delegatio-

176 1121 41 16 nen
233 1115 81 28 afgifvit
329 1116 46 22 sina
391 1118 55 25 vota,
462 1116 141 22 antecknades
618 1116 7 21 i
640 1115 130 28 protokollet
785 1116 70 21 såsom
870 1116 66 21 resul-

176 1151 55 20 tatet
247 1149 23 22 af
284 1150 41 21 den
340 1150 148 27 försiggångna
504 1150 164 27 omröstningen,
685 1151 32 20 att
731 1152 156 20 monumentets
902 1152 32 20 ut-

176 1183 88 23 förande
279 1185 70 21 skulle
364 1185 113 22 öfverlåtas
491 1186 23 21 åt
528 1185 26 21 hr
568 1185 119 26 Runeberg.
711 1185 34 21 Då
759 1185 118 21 emellertid
892 1187 44 20 sär-

176 1218 70 22 skilda
269 1219 164 28 anmärkningar
456 1219 39 22 och
518 1219 163 27 önskningsmål,
705 1224 27 15 en
755 1218 34 22 del
805 1219 131 27 väsentligen

175 1251 126 28 ingripande
317 1253 6 21 i
331 1253 150 22 konstvärkets
488 1253 149 28 komposition,
646 1253 123 27 framstälts,
778 1253 78 22 beslöts
867 1253 69 22 tillika

176 1287 33 21 att
223 1287 43 22 alla
281 1287 35 22 vid
331 1287 92 22 tillfället
438 1287 78 28 afgifna
530 1288 113 27 yttranden
659 1287 67 22 skulle
743 1287 128 22 konstnären
886 1287 7 21 i
905 1287 31 22 af-

176 1321 63 21 skrift
253 1321 109 22 meddelas
377 1322 33 21 till
426 1322 36 21 det
477 1322 103 27 afseende,
597 1323 42 21 han
655 1323 34 21 vid
705 1322 48 21 dem
769 1321 48 22 ville
832 1321 61 26 fästa,
906 1322 30 21 äf-

176 1361 87 15 vensom
287 1356 38 26 att,
349 1355 6 21 i
374 1355 37 22 fall
426 1357 27 26 på
468 1356 67 27 grund
551 1356 61 22 häraf
626 1362 58 16 mera
699 1356 180 27 genomgripande
894 1355 40 22 för-

177 1389 114 27 ändringar
313 1390 7 20 i
345 1389 216 23 öfverensstämmelse
576 1390 48 22 med
640 1391 26 21 de
681 1390 23 22 af
717 1391 66 25 några
798 1389 138 23 medlemmar

177 1423 7 21 i
199 1423 42 22 den
256 1423 116 23 förstärkta
387 1424 153 30 Delegationen
555 1424 96 22 uttalade
667 1424 128 28 önskningar
808 1421 85 24 komme
903 1426 33 20 att
