1031 1678
180 121 27 21 38

152 183 34 21 för
202 184 37 21 det
255 185 173 28 medborgerliga
444 187 56 25 mod,
512 187 41 21 den
564 187 134 22 därutinnan
709 186 124 28 ådagalagt.
859 186 53 26 Tal.,

152 225 45 14 som
221 218 7 21 i
246 218 77 28 frågan
344 219 80 28 åsyftat
444 221 55 21 intet
518 224 69 18 annat
605 223 29 19 än
653 224 32 19 att
705 221 27 21 de
746 227 58 21 resp.
821 221 91 21 stånden

151 259 79 20 genom
254 260 27 14 en
300 260 124 21 gemensam
445 255 191 28 ständerbyggnad
655 255 69 22 blefve
740 257 101 20 närmare
857 262 55 14 sam-

152 287 132 26 manslutne,
307 288 81 27 yrkade
409 289 163 28 eftertryckligt,
596 293 33 18 att
647 290 85 27 deleg:n
748 297 30 14 nu
793 290 50 21 ville
858 291 54 20 utan

152 321 74 22 vidare
242 322 57 21 fatta
315 322 69 22 beslut
400 326 38 24 att,
455 325 71 20 såvidt
541 325 29 27 på
586 325 41 20 den
638 325 121 25 ankomme,
771 325 94 26 uppföra
875 325 37 20 det

152 355 111 23 blifvande
283 358 173 22 treståndshuset
477 360 13 20 å
510 360 93 26 sqvären
620 359 91 21 framför
731 358 41 23 och
790 359 7 20 i
813 358 99 28 förening

151 394 49 21 med
215 392 145 21 riddarhuset.

220 433 32 21 Hr
267 433 116 22 Wasenius
391 433 146 28 tillkännagaf
545 434 32 27 sig
589 435 51 26 utgå
651 433 47 22 från
710 441 83 14 samma
801 434 111 27 synpunkt

153 475 44 14 som
207 469 42 20 den
259 467 117 28 nästföreg.
384 468 84 21 talaren
478 468 40 21 och
526 467 103 22 förenade
634 468 33 27 sig
677 475 114 14 jämvälom
797 467 115 28 yrkandet,

151 505 33 18 att
200 502 84 27 deleg:n
301 509 29 14 nu
346 503 67 20 måtte
429 502 73 21 skrida
513 502 32 21 till
556 503 120 26 afgörande
687 502 24 21 af
720 502 77 27 frågan
809 509 48 20 ang.
870 503 42 20 den

151 537 125 27 föreslagna
291 537 85 27 platsen
393 537 90 21 framför
499 537 142 21 riddarhuset.
672 537 73 21 Jämte
761 538 36 20 det
808 537 37 21 tal.
857 537 55 21 erin-

152 573 61 24 rade,
229 572 104 21 hurusom
349 572 56 21 intet
420 571 52 22 land
488 572 6 20 i
509 571 90 22 världen
615 572 40 21 har
665 574 33 19 att
709 572 93 27 uppvisa
813 574 31 19 ett
854 573 59 20 stän-

152 606 86 26 derhus,
259 613 44 14 som
326 606 73 21 kunde
415 613 63 14 anses
493 606 34 21 för
542 606 58 21 ideal
616 606 24 21 af
653 609 31 18 ett
699 607 86 25 sådant,
807 605 52 22 fann
874 606 38 21 tal.

152 641 26 20 de
194 640 149 27 föreliggande
359 640 114 27 projekten
489 642 110 19 motsvara
614 640 75 27 billiga
704 640 129 27 fordringar,
845 640 67 21 ehuru

151 676 27 20 de
193 674 127 27 visserligen
336 674 67 22 borde
418 674 145 22 underkastas
579 676 80 20 smärre
675 674 182 22 modifikationer.

220 721 32 21 Hr
267 720 122 22 Meurman
404 721 50 21 ville
470 721 8 20 i
493 721 43 21 anl.
553 721 24 21 af
593 721 37 21 hrr
644 720 103 22 Alfthans
763 721 40 21 och
819 721 94 21 Wasenii

152 756 117 27 yttranden
293 755 104 27 päminna
419 756 82 24 därom,
524 757 32 19 att
575 755 81 21 Preste-
676 755 40 21 och
739 754 174 22 Bondeständets

155 792 176 25 representanter
346 789 7 21 i
369 790 42 20 den
428 789 60 21 förra
504 789 91 27 deleg:n,
610 790 63 20 ledde
689 789 25 21 af
724 789 47 27 just
787 790 26 21 de
823 789 91 27 angifna

151 824 102 26 motiven,
269 824 76 28 gjorde
361 824 39 21 allt
416 831 46 13 som
479 824 85 27 möjligt
580 831 38 14 var
633 824 34 21 för
681 824 194 21 ästadkommande
891 824 24 21 af

151 860 32 19 ett
199 858 172 28 fyraständshus,
388 858 64 22 alltsä
468 861 31 19 ett
510 858 111 28 värkligen
632 860 135 26 gemensamt
777 858 135 21 ständerhus.

150 892 25 22 R.
194 900 18 14 o.
229 893 40 21 A:n
286 893 64 27 finge,
370 894 52 20 sade
438 893 45 26 tal.,
508 893 53 21 bära
576 896 101 18 ansvaret
694 892 33 22 för
742 895 33 19 att
790 893 60 20 detta
865 892 47 21 icke

151 926 178 28 förvärkligades.

219 967 32 21 Hr
271 967 98 27 Alfthan
389 968 151 27 repliguerade
558 967 26 21 hr
602 968 113 21 Meurman
731 968 40 21 och
787 966 125 22 förklarade

150 1002 101 21 närmare
263 1002 147 21 förhällandet
422 1002 79 21 mellan
513 1001 84 28 deleg:n
609 1002 39 21 och
660 1002 252 21 riddarhusdirektionen

150 1036 7 20 i
175 1036 42 21 den
234 1035 143 22 förevarande
394 1035 196 29 byggnadsfrägan.

221 1076 32 21 Hr
275 1076 111 22 Kihlman
410 1077 68 27 ansåg
501 1079 33 19 att
557 1084 29 14 nu
605 1077 48 21 icke
673 1077 68 21 borde
761 1076 96 21 beslutas
877 1083 36 14 om

150 1110 92 28 platsen,
260 1111 18 27 ej
296 1111 68 21 heller
379 1118 35 14 om
432 1112 60 21 tiden
508 1111 33 22 för
556 1111 129 28 byggandet,
708 1114 52 18 utan
777 1111 69 21 skulle
862 1118 50 14 man

149 1145 78 21 endast
243 1146 96 21 omrösta
353 1153 50 20 ang.
420 1145 118 22 utskottets
554 1145 80 28 förslag
650 1146 7 20 i
672 1145 41 22 afs.
729 1146 14 21 ä
753 1147 26 20 de
790 1145 123 28 uppgjorda

153 1179 130 22 eskisserna.

219 1220 32 21 Hr
267 1220 62 28 Hjelt
345 1221 77 21 trodde
438 1221 48 21 icke
502 1223 32 19 att
550 1221 36 21 det
602 1221 25 21 af
639 1221 28 21 hr
681 1221 90 21 Alfthan
783 1219 130 22 framhällna

150 1254 133 27 ändamälet,
303 1255 69 27 sämja
392 1255 79 21 mellan
492 1255 99 25 ständen,
606 1255 73 22 kunde
695 1255 77 21 vinnas
788 1253 124 28 därigenom

150 1291 39 23 att,
214 1290 71 20 såsom
305 1289 41 22 enl.
367 1289 27 21 hr
409 1289 102 21 Alfthans
527 1289 81 28 förslag
624 1290 70 21 blefve
710 1289 67 26 fallet,
800 1291 33 18 tre
849 1289 63 20 stånd

151 1323 69 21 skulle
236 1323 87 27 tvingas
338 1326 33 19 att
387 1324 61 27 flytta
464 1323 33 21 tili
511 1330 27 14 en
550 1324 64 27 plats,
626 1325 39 20 där
676 1325 27 20 de
713 1324 49 21 icke
772 1323 53 28 vilja
835 1323 77 27 bygga.

149 1357 46 21 Tal.
219 1358 127 21 förkastade
371 1358 207 27 riddarhussgvären
600 1358 39 22 och
660 1358 95 27 föreslog
774 1359 83 20 tomten
877 1357 36 21 vid

151 1392 115 21 skilnaden
288 1392 53 22 eller
359 1395 112 25 gvarteret
487 1392 129 26 ,,Bäfvern'*,
634 1393 55 21 dock
705 1395 33 18 att
753 1392 58 22 valet
827 1392 86 27 gjordes

150 1426 111 22 beroende
280 1427 25 21 af
324 1428 128 21 ständernas
472 1430 48 24 eget
536 1428 118 26 afgörande
669 1427 38 22 vid
723 1428 63 20 nästa
801 1426 111 26 landtdag,
