1031 1678
774 131 25 21 11

72 192 120 27 obehöfliga
215 193 103 26 beloppet
340 193 23 21 af
383 193 133 26 silfvermynt
539 193 75 26 blefve,
637 193 49 20 med
708 193 122 21 beaktande

72 227 57 21 såväl
146 226 23 21 af
181 227 100 21 Bankens
297 227 90 21 intresse
402 233 46 15 som
464 227 37 20 det
515 227 119 21 förhanden
648 227 93 21 varande
756 227 74 21 behof-

72 263 36 19 vet
128 261 23 21 af
167 261 122 26 skiljemynt
307 261 101 26 slutligen
427 261 89 26 ordnad,
532 261 123 21 infordrade
669 261 162 22 Bankfullmäk-

73 295 43 27 tige
135 295 40 22 den
195 295 13 21 8
227 295 121 21 November
368 295 55 21 1886
438 295 101 27 yttrande
554 295 7 21 i
576 297 73 19 ämnet
664 295 22 21 af
699 295 132 21 Bankdirek-

73 329 80 25 tionen,
172 336 45 14 som
237 329 32 21 uti
284 329 110 21 skrifvelse
409 329 34 21 för
458 329 41 21 den
516 329 26 21 18
558 329 7 21 i
580 335 81 15 samma
675 329 78 21 mänad
768 329 63 21 fram-

74 364 51 25 höll,
142 365 32 19 att
189 363 36 21 det
244 363 3 21 i
262 363 89 21 Banken
367 363 39 21 och
423 363 49 21 dess
488 363 78 21 kontor
578 363 111 27 befintliga
701 363 100 27 beloppet
811 362 23 21 af

73 397 120 26 fullhaltigt
215 397 78 26 silfver,
317 398 81 20 hvilket
421 398 41 20 den
484 398 29 21 30
532 398 182 25 derförutgängna
736 397 97 21 Oktober

75 431 93 26 uppgick
191 431 33 21 till
246 431 114 26 4,830,442
382 431 68 26 mark,
470 431 47 21 icke
536 438 38 15 var
593 431 23 22 sä
634 431 112 27 betydligt,
763 433 32 19 att
813 431 19 26 ej

76 465 117 21 detsamma
215 465 58 21 inom
297 472 26 14 en
345 465 117 27 ingalunda
484 465 94 27 aflägsen
597 466 86 21 framtid
702 465 84 21 komme
801 467 33 19 att

76 501 61 25 tagas
161 499 6 21 i
189 499 93 26 anspråk
304 499 33 21 för
359 499 270 27 penningecirkulationen.
663 499 49 22 Med
734 499 100 22 afseende

76 533 54 21 härä
152 533 39 21 och
215 533 26 21 dä
263 533 118 21 kostnaden
405 533 33 22 för
460 534 185 26 nedsmältningen
668 534 23 21 af
712 540 27 15 en
760 533 74 27 miljon

76 567 62 22 mark
163 568 69 21 under
259 568 119 21 dävarande
408 568 202 21 kursförhällanden
640 568 132 21 beräknades
802 567 33 21 till

78 602 92 26 241,871
190 602 61 21 mark
271 602 28 21 82
317 603 69 26 penni,
403 603 60 20 utom
479 602 232 27 transportkostnader,
727 601 108 28 provision

78 636 40 21 och
135 636 67 21 andra
217 636 94 26 utgifter,
322 636 50 21 fann
385 636 198 21 Bankdirektionen
594 636 124 27 önskligast,
730 637 32 20 att
772 637 63 20 stats-

79 670 81 26 verket,
179 671 67 25 enligt
264 671 180 20 Bankutskottets
463 671 86 26 förslag,
564 672 53 19 utan
632 671 73 20 vidare
721 669 115 27 omgängar

80 704 48 21 ville
152 704 45 21 låta
216 704 27 22 19
262 704 11 27 8
292 704 7 21 i
317 704 122 27 myntlagen
462 706 76 25 genast
560 704 62 21 träda
636 704 7 21 i
659 704 97 26 gällande
771 703 64 26 kraft,

80 738 117 27 hvarjemte
212 738 203 26 Bankdirektionen,
431 738 34 21 för
481 739 41 20 den
536 738 103 21 händelse
650 740 32 19 att
692 738 73 26 nädigt
776 737 61 21 bifall

80 772 73 21 härtill
167 772 48 21 icke
229 778 89 20 vunnes,
334 772 93 27 föreslog
443 774 33 19 att
491 772 23 21 ät
529 772 130 21 statsverket
673 772 69 21 skulle
756 771 13 21 ä
781 771 56 21 Ban-

81 807 53 21 kens
156 808 80 25 vägnar
258 807 99 27 erbjudas
380 813 26 14 en
428 807 138 26 godtgörelse
584 806 24 21 af
625 806 90 26 120,935
734 805 60 21 mark
809 805 26 22 91

82 841 71 27 penni,
165 841 118 26 utgörande
295 840 80 22 hälften
388 840 24 21 af
420 840 107 22 förlusten
538 841 28 26 pä
581 840 184 26 nedsmältningen
778 839 23 21 af
811 845 27 15 en

81 876 74 26 miljon
170 875 61 21 mark
247 875 137 27 silfvermynt,
400 878 45 18 mot
461 875 36 21 det
512 877 33 19 att
560 874 129 22 statsverket
704 876 75 25 genast
789 874 49 20 ville

82 910 64 26 ätaga
165 910 32 26 sig
215 910 164 26 ansvarigheten
397 909 33 21 för
449 910 39 21 allt
503 909 99 27 pregladt
619 908 65 22 finskt
701 908 137 26 silfvermynt.

152 944 51 21 Med
221 943 101 21 afseende
341 943 12 21 &
368 943 56 21 hvad
440 944 7 20 i
463 944 65 20 saken
544 943 134 26 framhällits,
695 942 78 26 ansägo
787 942 52 26 jem-

82 978 35 21 väl
131 978 204 26 Bankfullmäktige,
351 978 7 20 i
374 978 222 20 öfverensstämmelse
613 977 48 21 med
678 976 40 21 den
734 976 23 21 af
769 975 71 21 Bank-

84 1012 135 21 direktionen
234 1011 95 21 uttalade
344 1011 62 26 äsigt,
426 1013 32 19 att
473 1011 71 26 någon
559 1011 73 20 vidare
646 1009 158 26 nedsmältning
819 1009 23 20 af

84 1047 37 20 det
142 1046 71 21 finska
235 1046 155 26 silfvermyntet
405 1045 48 21 icke
469 1045 67 21 borde
552 1045 159 26 ifrägakomma,
726 1046 54 18 utan
795 1043 46 21 det-

84 1087 82 16 samma
181 1087 121 14 reserveras
317 1080 33 21 för
365 1080 170 26 tillsodoseende
551 1079 23 21 af
586 1079 35 21 det
631 1078 100 21 framtida
741 1077 101 21 behofvet

84 1116 24 21 af
122 1115 128 26 skiljemynt.
281 1115 128 25 Härigenom
429 1114 71 21 skulle
513 1114 79 26 jemväl
607 1113 41 21 den
664 1112 120 27 betydande
799 1111 42 21 för-

84 1150 50 25 lust,
155 1155 45 15 som
219 1149 151 25 realiseringen
390 1148 23 21 af
428 1148 73 21 härför
516 1147 90 21 afsedda
620 1147 36 21 tvä
670 1147 97 26 miljoner
781 1145 61 21 mark

85 1185 85 20 komme
193 1185 32 19 att
247 1183 95 21 medföra
364 1183 34 20 för
420 1182 90 21 Banken
526 1182 39 21 och
584 1181 134 25 statsverket,
737 1179 106 22 undvikas

86 1219 108 21 äfvensom
209 1217 129 22 statsverket
353 1217 103 26 besparas
472 1216 92 27 utgiften
579 1216 33 21 för
627 1215 122 27 preglingen
765 1214 23 21 af
797 1215 46 25 nytt

86 1253 139 26 silfvermynt,
250 1251 61 22 deraf
332 1251 66 21 behof
418 1251 101 26 möjligen
541 1250 67 21 redan
626 1250 7 20 i
652 1256 25 14 en
693 1255 50 15 snar
757 1247 87 22 framtid

86 1287 70 20 skulle
172 1286 83 27 uppstä,
274 1286 7 20 i
300 1285 102 21 händelse
420 1285 71 26 nägon
511 1284 34 21 del
564 1284 23 20 af
604 1284 36 21 det
657 1282 128 26 förefintliga
800 1281 44 21 silf-

86 1322 121 25 vermyntet
232 1320 70 21 blefve
328 1319 110 27 afyttradt.
477 1319 80 20 Härvid
580 1317 77 22 trodde
679 1317 32 25 sig
734 1315 111 22 Bankfull-

86 1354 95 27 mäktige
194 1354 79 27 jemväl
288 1354 47 20 icke
351 1353 53 21 böra
418 1353 72 20 lemna
505 1351 117 22 obeaktadt
638 1352 38 25 att,
692 1351 6 20 i
713 1350 38 21 fall
766 1355 26 15 en
803 1349 43 21 för-

87 1388 107 26 falskning
217 1388 22 20 af
259 1387 190 21 femmarkssedeln
468 1386 74 27 gjorde
561 1392 25 14 en
602 1385 127 26 indragning
745 1383 22 21 af
781 1382 65 27 sagde

88 1422 119 22 sedelvalör
226 1422 127 26 nödvändig,
373 1420 102 22 behofvet
494 1420 23 21 af
534 1420 155 26 silfvermyntet
704 1417 68 22 skulle
787 1417 8 20 i
810 1416 37 21 be-

88 1458 69 26 tydlig
176 1456 52 27 grad
244 1458 89 24 stegras,
349 1455 24 21 sä
388 1456 32 20 att
436 1454 110 22 sannolikt
561 1454 99 21 Bankens
675 1453 49 21 hela
738 1451 73 21 förräd
826 1450 23 21 af
