1031 1678
202 141 29 22 52

172 204 106 21 insändas
301 204 40 21 och
364 203 93 22 sålunda
476 203 132 27 föredragna
627 202 91 22 friherre
734 203 148 27 Gripenbergs
897 203 39 20 rit-

173 237 154 28 ningsförslag,
349 245 51 14 men
422 239 61 20 detta
504 244 78 15 senare
605 237 47 21 blef
669 237 126 27 därigenom
815 237 121 28 ingalunda

173 272 125 22 förkastadt
313 273 71 21 såsom
402 272 97 27 odugligt
514 272 53 21 eller
582 271 99 28 omöjligt
695 273 33 20 att
743 271 34 22 för
792 272 37 21 det
845 271 91 22 afsedda

172 307 129 22 ändamålet
316 307 124 25 förändras;
456 309 23 26 ty
495 307 75 21 därom
585 306 95 22 fattades
695 306 56 21 intet
767 306 78 26 beslut,
856 306 79 22 ehuru-

174 342 35 20 väl
224 342 115 21 uttalande
355 341 7 21 i
377 342 79 20 sådant
472 340 55 28 syfte
538 341 88 27 gjordes
638 340 25 22 af
671 347 26 14 en
708 340 103 26 ledamot,
823 347 46 14 som
879 339 56 22 dock

173 376 78 21 därvid
274 376 47 21 icke
344 382 58 15 vann
422 376 66 27 något
506 376 125 20 understöd.
662 374 86 26 Därför,
764 374 40 22 och
820 375 29 21 då
865 382 29 14 nu
910 374 25 21 hr

173 409 115 28 Nyströms
303 409 140 22 omarbetade
458 409 108 28 ritningar
581 409 47 22 icke
644 409 115 27 godkänts,
771 408 56 22 hade
838 409 37 21 det
885 409 49 20 bort

174 444 82 25 kunna,
265 444 126 27 isynnerhet
402 451 45 14 som
458 444 50 21 flere
520 444 141 21 medlemmar
670 443 82 28 yrkade
763 444 76 27 därpå,
848 443 86 22 komma

174 479 71 20 under
267 479 141 27 omröstning,
424 479 106 21 huruvida
552 478 48 21 icke
623 478 90 21 friherre
734 477 146 28 Gripenbergs
896 478 38 21 rit-

175 513 85 26 ningar,
277 513 117 27 behörigen
413 513 141 25 förbättrade,
570 519 50 15 vore
636 512 107 28 förtjänta
758 512 25 21 af
795 515 33 18 att
843 512 34 21 till
892 512 42 21 rid-

174 546 232 23 darhusdirektionens
422 547 135 28 granskning
572 547 110 22 insändas.

245 581 31 21 Hr
292 581 152 22 Ordföranden
465 581 39 22 har
524 581 122 22 emellertid
665 583 90 20 motsatt
775 581 33 27 sig
823 588 28 15 en
867 581 67 21 sådan

175 615 136 28 omröstning
327 616 40 21 och
383 617 70 20 såsom
469 616 47 21 skäl
534 616 74 21 därför
618 616 80 25 anfört,
710 617 33 20 att
754 616 68 27 några
832 615 103 22 medlem-

175 656 47 15 mar
237 649 106 22 förklarat
359 650 33 27 sig
407 650 47 21 icke
466 651 74 21 kunna
552 651 87 27 deltaga
650 651 7 20 i
669 650 168 26 omröstningen.
858 649 76 28 Någon

174 684 71 20 sådan
266 684 43 21 rätt
328 686 33 19 att
379 684 113 21 förhindra
510 685 121 21 ärendenas
651 684 132 27 behandling
801 684 62 21 torde
880 683 55 22 dock

173 717 102 22 enskilda
295 718 141 22 medlemmar
455 718 47 22 icke
518 720 48 26 äga.
597 718 83 22 Genom
697 718 134 27 omröstning
846 719 89 21 utrönes

171 751 49 27 just
235 752 37 21 vid
287 752 76 28 hvarje
379 752 62 28 fråga
456 752 96 28 deleg:ns
568 753 65 27 åsigt,
649 753 40 21 och
706 760 35 14 om
756 752 36 21 vid
807 753 71 27 någon
889 760 45 14 om-

173 786 101 27 röstning
292 786 100 22 enskilda
410 787 139 22 medlemmar
568 787 84 21 afhålla
667 788 33 26 sig
715 787 50 21 från
780 789 33 19 att
829 788 65 25 rösta,
911 788 23 20 så

173 820 37 21 må
232 821 27 20 de
283 820 73 22 därför
375 828 63 15 svara
457 822 57 21 inför
528 822 34 26 sig
578 822 78 27 själfva
671 821 41 22 och
728 822 75 20 andra.
834 822 50 21 Men
899 828 35 15 om

172 860 29 15 en
217 854 132 22 ordförande
365 856 142 21 tillerkänner
523 856 49 21 dem
588 857 44 20 rätt
642 858 35 19 att
687 855 93 21 sålunda
790 856 144 27 omintetgöra

173 894 28 16 en
225 888 74 28 frågas
323 889 138 28 behandling,
478 891 23 20 så
524 890 40 22 har
585 890 49 26 han,
652 891 24 20 så
695 890 46 22 vidt
755 890 38 28 jag
809 890 43 21 kan
868 890 65 26 finna,

172 922 141 22 öfverskridit
329 924 33 21 sin
379 924 270 28 ordförandebefogenhet.

243 957 144 29 Helsingfors,
403 960 41 20 den
460 959 14 21 5
489 958 57 22 Mars
564 959 60 21 1887.

687 993 55 21 Vikt.
761 988 103 33 Öhberg.*

529 1056 11 27 8
556 1057 20 20 2.

243 1094 61 21 Ordf.
326 1095 102 27 uppläste
448 1102 26 15 en
495 1095 111 22 skrifvelse
619 1096 70 28 jämte
706 1096 90 27 bilagor,
812 1096 83 27 afgifna
913 1096 23 21 af

173 1129 38 20 det
233 1128 35 21 för
286 1129 67 28 inköp
375 1129 25 22 af
418 1129 110 22 kvarteret
548 1131 121 25 ,Bäfvern*
685 1131 92 21 tillsatta
792 1130 85 22 utskott
893 1131 41 21 och

173 1163 95 21 rörande
283 1163 55 22 aftal
354 1170 36 15 om
405 1163 91 22 berörda
512 1164 74 29 inköp.

530 1229 47 25 83.

242 1265 61 22 Därä
325 1266 101 28 föredrog
449 1267 60 22 Ordf.
534 1270 31 19 ett
588 1268 24 21 af
632 1268 91 21 friherre
747 1268 135 27 Gripenberg
905 1269 29 27 pä

171 1299 98 28 deleg:ns
281 1301 109 21 anmodan
401 1302 118 27 uppgjordt
530 1302 189 27 kostnadsförslag
729 1302 33 21 för
773 1305 30 19 ett
812 1303 120 21 treständs-

171 1333 41 22 hus
228 1335 7 20 i
251 1334 111 22 kvarteret
383 1335 129 28 ,Bäfvern*,
528 1336 83 21 hvilket
626 1336 82 28 förslag
723 1336 103 28 åtföljdes
841 1337 24 21 af
878 1336 54 22 bifo-

170 1369 57 26 gade
244 1368 178 29 eskissritningar
434 1370 68 27 jämte
518 1377 27 15 en
561 1370 138 28 beskrifning
715 1370 59 22 öfver
789 1371 71 21 dessa.

241 1403 9 20 I
267 1403 117 28 anledning
400 1404 24 21 af
438 1405 26 21 de
479 1404 92 22 sälunda
587 1405 127 21 meddelade
729 1404 160 28 handlingarne
901 1406 33 21 öf-

170 1436 141 22 verlemnade
327 1445 29 14 nu
372 1438 54 22 ordf.
444 1439 22 21 åt
482 1438 85 28 deleg:n
583 1442 32 19 att
625 1442 60 25 yttra
696 1439 32 27 sig
738 1440 92 21 rörande
841 1440 92 22 hufvud-
