1031 1678
169 130 20 22 x

140 193 63 28 fiytta
217 193 8 21 i
241 193 40 21 sitt
295 193 47 26 hus,
359 200 35 15 om
405 194 61 21 detta
476 193 41 22 hus
528 193 66 22 ocksä
605 193 34 22 för
651 193 66 28 öfrigt
727 194 25 21 är
761 193 142 22 fullbordadt.

140 227 158 28 Delegationen
313 227 40 22 har
368 227 110 28 nämligen
493 230 79 23 ansett,
584 230 33 19 att
628 228 136 22 Ständernas
775 227 73 28 gamla
858 229 44 20 mö-

142 263 35 20 bel
199 262 109 27 svärligen
328 262 74 27 lämpa
420 263 32 27 sig
470 262 34 21 för
522 263 36 21 det
574 269 44 20 nya
633 262 70 26 huset,
720 265 56 19 samt
791 264 34 20 att
840 263 64 20 dessa

141 296 79 27 möbel,
237 297 29 20 dä
281 296 44 21 alla
340 297 150 25 utskottsrum,
507 296 61 22 arkiv
576 297 41 21 och
633 297 113 25 bibliotek,
757 296 147 21 restauration

143 338 27 13 m.
185 337 28 15 m.
228 330 55 21 böra
295 331 114 25 möbleras,
421 332 38 20 äro
470 331 34 21 för
513 331 126 21 ändamålet
650 331 90 21 alldeles
751 330 152 27 otillräckliga.

141 364 63 22 Efter
224 367 32 19 ett
271 364 130 28 detaljeradt
416 364 194 28 kostnadsförslag,
626 372 47 14 som
689 364 151 28 delegationen
855 364 50 22 lätit

142 400 106 26 uppgöra,
265 398 69 22 skulle
345 400 68 26 priset
423 399 34 21 för
468 400 36 20 det
515 406 42 20 nya
568 399 76 21 husets
655 399 120 27 möblering
785 399 74 27 uppgå
870 398 35 21 till

142 440 27 14 en
185 440 85 14 summa
285 433 25 21 af
323 434 79 25 60,000
417 434 68 21 mark.
515 433 161 28 Delegationen
692 436 45 18 tror
753 433 55 21 dock
825 435 33 19 att
869 439 35 14 om

143 468 72 20 denna
230 467 121 28 möblering
366 467 70 22 hålles
452 468 67 27 något
534 467 98 26 enklare,
648 475 27 14 en
693 474 84 15 summa
793 467 24 21 af
825 467 80 25 50,000

142 503 63 20 mark
220 501 58 21 skall
293 501 34 22 för
342 502 126 22 ändamålet
484 501 72 22 förslå.
587 502 10 21 I
614 503 73 20 denna
697 508 84 15 summa
791 501 62 27 ingår
863 499 40 22 lik-

142 535 36 22 väl
193 535 48 22 icke
257 535 123 22 kostnaden
396 536 34 21 för
444 536 81 21 kronor
547 537 41 20 och
599 536 92 28 lampor,
702 536 34 21 för
746 535 45 28 olja
801 535 52 22 eller
862 535 43 27 lys-

144 577 39 20 gas
199 569 32 22 till
247 569 75 22 husets
337 570 120 28 belysning.
488 571 118 21 Införande
622 571 26 21 af
661 570 104 22 elektrisk
774 569 131 28 belysning
892 565 16 38 i

143 604 64 21 huset
230 605 63 20 torde
317 605 65 21 också
398 612 52 15 vara
465 606 36 20 det
516 606 58 20 enda
589 605 88 27 riktiga,
693 605 69 21 ehuru
777 605 42 20 den
835 603 70 22 skulle

143 641 103 25 medtaga
261 646 27 14 en
303 640 67 27 något
381 641 69 20 större
460 639 94 22 kostnad
564 640 26 21 af
597 639 60 22 cirka
668 640 79 25 30,000
757 639 68 25 mark,
837 639 69 20 under

143 673 159 27 förutsättning
317 674 25 20 af
354 680 54 20 egen
424 674 52 26 ång-
492 674 40 21 och
548 673 228 22 elektricitetsmaskin
792 672 34 22 för
835 672 69 30 huset,

143 714 57 20 egna
215 707 81 21 kronor
311 708 40 21 och
367 708 109 21 brännare
492 716 26 14 m.
534 716 29 13 m.
594 708 81 21 Husets
690 707 121 27 möblering
821 706 40 22 och
872 706 35 22 be-

143 742 88 27 lysning
252 742 111 28 uppginge
383 743 93 21 sålunda
491 743 33 21 till
538 743 22 21 in
576 750 85 14 summa
676 742 79 26 80,000
771 741 68 26 mark,
854 741 52 21 hvil-

143 776 44 21 ken
203 783 85 15 summa
303 776 152 28 delegationen
470 778 110 21 dessutom
595 784 69 20 gerna
679 777 51 27 såge
746 776 58 21 ökad
814 776 49 21 med
873 778 32 24 yt-

144 810 103 28 terligare
271 812 78 25 20,000
374 811 62 21 mark
458 811 34 21 för
510 811 84 22 diverse
616 812 142 20 oförutsedda
778 810 67 22 behof
865 810 41 21 och

144 844 86 22 således
245 845 109 21 afrundad
372 846 74 27 uppgå
460 846 33 20 till
515 847 92 25 100,000
624 846 68 21 mark.
718 845 78 21 Senast
811 845 96 21 nämnda

145 880 80 26 20,000
240 880 64 20 mark
319 887 64 14 anser
392 880 32 27 sig
434 880 153 27 delegationen
598 881 50 20 med
659 881 23 20 så
693 879 85 28 mycket
788 886 60 14 mera
858 878 49 22 skäl

143 914 77 21 kunna
235 914 25 21 af
273 914 125 22 Ständerna
414 914 86 28 begära,
516 922 46 14 som
579 915 42 21 den
637 914 7 21 i
661 914 44 22 alla
715 914 38 21 fall
764 914 63 26 utgör
837 913 69 27 knapt

144 948 84 21 hälften
240 948 25 21 af
274 950 26 20 de
311 950 67 26 något
394 948 59 22 öfver
468 949 79 25 40,000
562 949 70 26 mark,
648 956 46 14 som
709 948 151 27 delegationen
875 954 31 14 re-

144 983 43 20 dan
210 982 58 22 varit
291 986 96 24 tvungen
406 986 32 18 att
457 983 48 21 från
524 983 214 28 byggnadsanslaget
759 982 98 22 utbetala
872 981 34 22 för

144 1016 111 27 åtskilliga
279 1017 201 28 ritningstäflingar,
501 1017 93 22 eskisser
609 1017 42 21 och
667 1017 111 21 definitiva
793 1016 113 27 ritningar,

145 1051 190 28 undersökningar
359 1051 24 22 af
403 1052 144 27 tomtplatser,
570 1051 259 28 granskningsnämnder,
851 1057 56 14 sam-

146 1087 229 25 manträdesarvoden,
398 1086 247 28 tryckningskostnader
664 1093 27 14 m.
711 1093 28 14 m.
768 1085 31 21 På
813 1085 94 21 anförda

145 1121 98 25 grunder
258 1120 35 21 får
308 1121 152 26 delegationen
476 1121 73 21 därför
564 1121 112 21 vördsamt
691 1120 98 21 anhålla:

321 1161 41 21 Att
383 1160 128 23 Ständerna
535 1161 106 28 behagade
656 1161 36 27 för
707 1160 73 22 husets
795 1159 112 28 förseende

285 1195 47 22 med
354 1195 66 22 möbel
440 1195 37 22 och
495 1195 139 22 inventarier
652 1197 58 20 samt
724 1194 100 22 elektrisk
839 1194 68 27 belys-

285 1230 57 27 ning
357 1229 110 28 äfvensom
482 1230 36 27 för
532 1230 83 21 diverse
630 1230 93 28 utgifter
738 1229 77 28 bifalla
832 1229 33 21 till
878 1231 31 19 ett

285 1264 127 28 ytterligare
430 1264 78 28 anslag
526 1265 36 26 för
577 1265 154 21 ständerhuset
745 1263 28 28 af
785 1263 123 22 hundra-

287 1300 81 19 tusen
383 1299 81 22 mark.

215 1378 28 17 De
256 1377 148 23 landtdagsmän,
416 1384 39 12 som
468 1378 58 18 önska
538 1380 44 21 taga
595 1378 22 18 de
630 1378 21 18 af
657 1378 107 18 arkitekten
770 1377 87 23 Nyström
865 1376 43 18 tidi-

146 1411 44 17 gare
209 1406 34 17 och
256 1411 65 13 senare
333 1407 104 22 uppgjorda
449 1407 152 23 eskissritningar
613 1408 6 16 i
632 1406 146 22 skärskådande,
790 1406 118 17 underrättas

146 1436 29 16 att
187 1435 54 17 dessa
253 1435 91 23 ritningar
356 1435 59 18 finnas
428 1436 80 18 utstälda
519 1436 5 17 i
532 1436 94 20 Ateneum,
639 1434 148 19 Presteståndets
800 1434 107 18 kanslirum.
