1031 1678
757 135 25 19 35

51 199 56 20 hvad
122 199 49 21 med
188 199 102 21 valsättet
306 198 39 21 och
363 198 117 27 ordningen
493 197 116 28 åsyftades,
621 200 22 25 ty
655 198 40 21 och
708 204 45 15 som
765 198 50 21 här-

52 233 31 20 till
100 235 56 19 ännu
178 233 84 21 komme
283 234 33 20 att
331 233 122 27 Kejserliga
469 232 93 21 Senaten
579 232 6 21 i
602 232 73 27 utslag
691 232 23 21 af
727 232 41 22 den
787 235 24 19 17

51 267 122 22 November
195 269 53 20 1882
269 267 60 27 gillat
350 267 234 22 Guvernörsembetets
600 267 6 20 i
623 273 82 15 samma
721 267 34 21 län
773 267 41 22 den

54 303 24 20 10
94 301 143 28 förutgångne
252 302 44 21 Juli
312 301 58 28 gifna
385 301 80 27 utslag,
482 301 138 27 hvarigenom
636 301 24 21 åt
671 301 142 22 Handlanden

52 337 22 20 T.
89 337 50 21 med
154 336 51 22 flere
220 337 26 20 N.
267 337 115 21 stadsboer
397 337 93 21 Jemnats
512 338 70 25 öppen
598 337 44 20 rätt
658 338 33 19 att
705 338 51 24 taga
771 336 42 21 frå-

52 377 42 20 gan
111 377 34 15 om
162 370 117 22 valrättens
296 371 146 26 begränsning
452 371 68 21 under
532 370 164 26 öfvervägande,
709 370 105 27 pröfvade

52 405 139 22 Guvernören
212 405 86 21 rättvist
314 405 76 26 ålägga
404 405 143 26 Magistraten
564 406 39 24 att,
620 405 57 20 inom
693 411 27 14 en
735 404 78 21 månad

52 439 53 22 ifrån
122 441 37 20 det
180 439 150 22 Guvernörens
351 440 73 26 utslag
440 440 75 21 vunnit
530 440 50 26 laga
595 439 64 25 kraft,
676 439 55 22 efter
746 439 68 21 utfär-

53 474 42 21 dad
116 475 130 26 kungörelse
265 474 56 21 hålla
341 475 160 21 sammanträde
523 474 49 21 med
591 474 88 21 stadens
695 474 32 21 till
742 473 70 22 landt-

53 509 166 26 dagsmannaval
235 508 136 27 berättigade
386 509 130 21 innevånare
532 508 41 21 och
588 508 72 21 lemna
671 508 48 21 dem
730 507 84 22 tillfälle

52 545 32 18 att
99 543 86 21 besluta
201 549 33 15 om
251 543 26 21 de
292 543 150 26 förändringar
457 543 7 21 i
475 545 67 19 sättet
551 543 40 21 och
602 543 120 26 ordningen
733 542 32 22 för
776 548 36 15 va-

52 577 30 21 let
98 577 22 21 af
134 577 172 27 landtdagsmän,
323 584 46 15 som
385 578 27 21 de
428 578 81 27 ansåge
525 577 85 27 nödiga,
620 577 41 22 och
671 577 6 21 i
689 577 65 26 öfrigt
764 577 49 21 med

52 612 66 21 saken
135 612 93 27 lagligen
243 612 79 21 förfara
337 615 51 18 utan
405 612 79 21 hinder
502 612 24 21 af
540 612 155 26 Magistratens
711 611 64 26 förra,
791 610 24 22 af

52 647 141 21 Guvernören
209 653 28 15 nu
253 647 134 26 undanröjda
404 647 84 26 åtgärd.
513 647 71 21 Sedan
600 647 171 26 Fabriksegaren
787 645 24 22 B.

48 680 67 27 jemte
130 680 143 22 Handlanden
290 681 29 25 S.,
336 681 175 27 Stabskaptenen
524 681 28 21 M.
570 681 41 21 och
622 680 110 22 särskilda
743 680 68 21 andre

52 715 25 21 N.
93 715 115 21 stadsboer
223 714 100 22 häröfver
338 714 70 22 anfört
424 715 150 27 underdäniga
589 715 85 26 besvär,
685 714 128 22 meddelade

50 749 124 27 Kejserliga
190 750 93 20 Senaten
300 749 41 21 den
359 751 24 19 15
400 750 59 20 Mars
473 751 59 19 1884
549 750 72 26 utslag
636 750 7 20 i
655 749 100 25 ärendet;
771 748 41 22 och

52 784 89 21 emedan
165 784 40 21 den
229 784 6 20 i
255 784 248 26 landtdagsordningens
525 785 25 19 12
573 784 9 27 $
599 784 126 21 valmännen
741 783 7 21 i
764 783 49 21 stad

52 818 107 27 medgifna
179 818 105 27 rättighet
305 821 33 18 att
357 818 187 22 öfverenskomma
565 824 34 16 om
618 818 110 26 ändring
715 814 13 35 i
744 819 69 20 sättet

52 852 38 22 och
108 853 117 27 ordningen
241 852 32 22 för
288 853 229 27 landtdagsmannaval
522 848 12 36 i
531 853 51 27 sig
592 852 134 22 innefattade
740 852 71 21 berät-

51 887 88 27 tigande
155 890 39 22 att,
214 888 7 20 i
242 886 101 22 afseende
362 888 12 20 å
390 888 60 20 Hans
467 888 122 26 Kejserliga
603 888 115 26 Majestäts
734 886 79 27 nådiga

50 921 99 27 pröfning
165 922 40 21 och
221 922 144 25 stadfästelse,
382 922 56 21 fatta
453 922 73 21 beslut
542 922 111 26 angående
668 921 145 27 begränsning

51 956 34 21 vid
102 956 68 27 dylikt
190 956 33 21 val
244 956 21 21 af
279 956 139 21 valmännens
440 956 55 22 efter
510 956 113 22 skattören
639 956 124 21 beräknade
778 956 35 20 rö-

51 993 51 21 ster,
118 991 49 20 fann
184 990 119 27 Kejserliga
319 990 95 21 Senaten
429 991 164 21 besvärandene
609 991 47 20 icke
668 990 63 21 hafva
741 989 71 22 anfört

50 1025 47 20 skäl
113 1025 32 20 till
162 1025 89 26 ändring
273 1025 21 20 af
314 1025 36 21 det
366 1025 50 26 slut,
432 1025 61 21 hvari
510 1025 139 21 Guvernören
666 1024 93 23 medelst
774 1024 38 21 det

51 1059 150 26 öfverklagade
217 1059 95 26 utslaget
326 1059 7 20 i
345 1059 66 21 saken
423 1061 97 24 stannat;
536 1059 6 21 i
553 1059 53 27 följd
616 1059 75 21 hvaraf
701 1059 36 21 det
749 1058 63 26 ålåge

50 1093 141 27 Magistraten
207 1093 7 21 i
229 1093 25 22 N.
271 1095 39 24 att,
326 1094 57 21 inom
399 1100 26 15 en
442 1093 78 22 månad
530 1093 55 22 efter
596 1093 123 22 delfåendet
730 1092 22 21 af
760 1093 52 26 Kej-

50 1127 79 27 serliga
146 1127 105 22 Senatens
267 1128 78 27 utslag,
355 1128 31 21 uti
402 1127 166 27 ifrågavarande
584 1127 101 22 afseende
701 1127 58 21 hålla
775 1127 37 21 det

51 1162 159 21 sammanträde
225 1163 49 21 med
291 1163 87 20 stadens
391 1163 33 20 till
434 1162 231 27 landtdagsmannaval
676 1161 135 27 berättigade

50 1197 137 25 innevånare,
203 1197 86 21 hvartill
305 1197 140 21 Guvernören
462 1197 118 25 förordnat,
598 1198 56 19 samt
670 1197 6 21 i
687 1196 65 26 öfrigt
763 1195 49 22 med

50 1232 97 21 ärendet.
155 1231 94 27 lagligen
264 1231 85 22 förfara.

118 1265 110 22 Ehuruväl
243 1265 142 27 Magistraten
401 1265 7 21 i
424 1265 26 21 N.
468 1265 91 22 sålunda
571 1265 88 22 dämera
669 1264 70 22 blifvit
749 1264 63 27 älagd
832 1268 3 2 '

50 1301 33 20 att
98 1300 73 21 skrida
187 1300 33 21 till
236 1299 41 22 den
294 1299 84 27 ätgärd,
395 1299 65 22 hvars
476 1299 131 28 vidtagande
624 1299 142 27 Magistraten
777 1305 37 20 ge-

50 1340 48 15 nom
115 1333 63 21 ofvan
195 1333 140 22 omförmälda
354 1334 73 26 utslag
443 1333 23 21 af
481 1334 41 21 den
538 1336 27 18 26
581 1334 104 21 Februari
703 1335 54 20 1883
774 1339 38 15 un-

50 1368 117 26 dandragit
183 1368 38 27 sig,
241 1368 68 27 ansäg
329 1368 33 27 sig
382 1368 156 26 Prokuratorn,
554 1368 64 21 hvars
634 1368 109 21 särskilda
758 1374 55 20 upp-

49 1402 148 22 märksamhet
214 1403 60 21 detta
290 1402 79 22 ärende
385 1408 79 21 genom
481 1402 33 22 sin
529 1402 146 22 framstäende
691 1402 45 27 vigt
751 1402 61 21 ädra-

50 1437 31 27 git
96 1437 40 27 sig,
152 1437 65 21 likväl
232 1437 48 21 icke
295 1437 72 21 kunna
383 1436 72 22 lemna
472 1437 66 22 saken
551 1436 73 22 dervid
635 1436 115 27 beroende,
761 1438 52 20 utan
