1031 1678
240 135 27 21 66

239 473 45 17 1886

239 577 44 18 1887

778 203 75 24 Litt.
869 204 40 22 B.

211 255 170 27 Förteckning
405 255 55 22 öfver
484 261 39 22 nya
545 255 87 22 stående
654 255 85 28 anslag,
759 256 80 21 hvarom
857 256 113 27 Kejserliga

269 290 89 22 Senaten
382 291 61 20 under
467 291 153 21 nedannämnda
636 291 64 26 dagar
718 291 111 26 hemställt,
845 295 44 16 men
906 290 62 22 hvarå

269 324 74 27 nådiga
357 331 47 15 svar
420 326 51 20 ännu
488 325 18 27 ej
522 325 120 21 meddelats.

297 473 103 17 December
420 474 24 19 14,
464 472 94 23 angående
578 473 103 17 understöd
701 473 24 22 på
738 474 53 16 extra

296 507 150 22 pensionsstaten
464 507 20 18 åt
502 507 99 22 särskilda:
614 513 90 16 personer
717 507 29 18 till
760 507 30 17 be-

296 542 43 22 lopp
353 542 20 17 af
384 542 135 23 sammanlagdt
552 555 4 5 —.
669 555 62 4 «oso

295 577 79 17 Januari
387 578 26 20 19,
426 577 95 22 angående
534 579 26 16 ett
573 577 70 22 anslag,
657 577 132 17 motsvarande

295 613 34 16 600
349 611 69 18 dollars
439 612 5 16 i
462 611 50 23 guld,
524 612 30 17 till
567 611 98 18 aflönande
679 611 20 17 af
711 616 22 12 en
747 611 41 18 tolk

295 645 30 18 för
337 645 61 18 finska
410 646 35 17 och
457 646 80 17 svenska
550 645 81 23 språken
644 645 31 18 vid
688 645 57 22 ryska
754 645 33 18 Ge-

296 680 160 18 neralkonsulatet
474 680 6 17 i
498 680 110 21 New-York,
628 682 28 15 att
672 680 45 22 utgå
729 680 60 17 under

295 714 37 18 fem
353 714 30 18 års
400 714 33 22 tid,
452 714 80 18 räknadt
547 714 42 18 från
602 715 35 17 och
650 714 42 18 med
705 714 21 17 år
740 715 48 20 1887,
809 732 1 3 |

296 749 108 22 förslagsvis
419 745 21 31 os
465 745 17 31 so
494 762 295 5 KN.

295 783 79 17 Januari
387 784 27 20 28,
438 782 94 24 angående
554 783 133 23 öfvertagande
695 783 30 17 för
734 785 53 16 stats-

296 818 75 17 verkets
383 818 78 22 räkning
482 818 20 18 af
516 818 118 18 återstående
646 819 61 22 sjette,
721 818 67 23 sjunde

295 853 36 17 och
343 852 76 18 åttonde
431 853 98 17 klasserna
541 853 20 17 af
572 853 73 22 privata
654 853 62 17 finska
724 853 61 23 lyceet

295 887 6 17 i
321 881 47 27 Åbo,
387 887 120 18 medförande
526 888 58 17 under
597 886 21 19 år
632 888 44 17 1887
689 892 22 13 en
724 888 65 17 tillökt

297 922 56 22 utgift
362 922 19 17 af
393 922 107 22 förslagsvis
525 936 4 4 .
553 936 4 3 .
582 936 4 3 .
611 936 3 3 <
640 936 4 4 <
727 935 61 5 e.

296 956 89 18 Februari
398 958 16 20 4,
427 956 94 23 angående
530 959 68 15 tvänne
607 957 70 21 anslag,
687 957 102 17 hvartdera

295 996 28 12 om
337 992 50 20 5,000
400 991 52 17 mark
464 996 30 12 om
507 990 45 21 året,
565 993 28 16 att
605 990 45 23 utgå
663 991 32 17 det
707 996 35 12 ena
755 996 31 12 an-

295 1025 60 22 slaget
371 1025 6 17 i
390 1028 28 14 tre
430 1025 30 17 års
472 1025 28 18 tid
512 1025 30 18 för
554 1025 109 18 utbildande
677 1025 30 17 vid
721 1025 66 18 Sorda-

295 1060 42 17 vala
352 1060 118 17 seminarium
488 1060 20 17 af
522 1061 147 17 ambulatoriske
682 1060 104 17 skollärare

296 1095 20 17 af
327 1095 141 22 grekisk-ryska
479 1095 167 17 trosbekännelsen
656 1096 49 16 samt
714 1094 31 18 det
755 1100 31 12 an-

295 1129 34 18 dra
345 1129 59 18 under
420 1135 22 12 en
454 1129 28 18 tid
494 1129 20 18 af
525 1129 26 18 tio
564 1128 21 19 år
596 1129 30 18 till
640 1129 147 22 arvodesbidrag

295 1163 20 18 åt
331 1164 73 22 duglige
420 1164 60 17 lärare
492 1164 30 17 vid
535 1164 22 17 de
570 1163 143 24 grekisk-ryska
725 1164 62 17 lands-

294 1199 165 22 församlingarnas
480 1199 6 17 i
505 1199 87 22 Wiborgs
613 1199 35 17 och
667 1199 75 22 Kuopio
755 1199 30 17 län

294 1233 132 23 barnaskolor;
438 1233 109 23 förslagsvis
560 1233 30 18 för
602 1233 21 18 år
637 1234 45 17 1887
695 1247 4 4 .

294 1268 91 18 Februari
403 1269 25 21 16,
444 1269 95 22 angående
556 1268 56 22 årligt
624 1268 66 22 anslag
703 1267 20 18 af
735 1268 52 21 5,000

294 1303 53 18 mark
367 1303 59 17 under
446 1303 26 17 tio
492 1303 30 17 års
543 1303 27 17 tid
582 1303 29 17 till
624 1303 130 22 befrämjande
767 1302 22 17 af

294 1337 177 23 torpanläggningar
484 1338 41 17 med
534 1337 46 18 flera
588 1337 88 23 åtgärder
684 1337 6 17 i
699 1337 88 17 afseende

294 1372 11 17 å
325 1372 164 17 åstadkommande
509 1372 20 17 af
544 1377 22 12 en
579 1372 106 17 förbättrad
698 1372 89 22 ställning

293 1406 30 18 för
341 1407 35 17 den
392 1407 40 18 lösa
447 1406 135 23 befolkningen
594 1407 6 17 i
614 1406 75 23 Kuopio
701 1406 40 23 län;
758 1407 29 17 för

682 1459 103 23 Transport

843 404 60 17 Mark.
936 407 31 20 pl

883 537 80 19 3,894/—

882 748 79 20 3,200/—

881 920 79 18 7,616;67

879 1230 51 21 5,000
937 1240 22 2 —

867 1460 90 22 19,710/67|
