1031 1678
209 125 28 32 22
493 130 21 17 U.
527 130 20 17 B.
561 130 92 18 XXXVII.

191 186 101 28 språket,
315 193 56 14 voro
394 185 171 22 underkastade
588 194 87 14 samma
693 187 180 28 bestämningar,
898 194 49 15 som

192 220 76 28 öfrige
283 220 147 28 tjenstemän.

260 254 37 21 Då
312 255 114 21 Finlands
442 255 63 21 bank
521 256 54 21 1867
591 255 54 21 kom
661 256 73 21 under
750 255 135 22 ständernas
902 255 46 22 för-

191 288 116 28 valtning,
331 288 50 21 blef
402 288 39 21 det
467 289 73 21 ovisst
566 289 117 22 huruvida
705 289 93 22 banken
821 293 62 18 ännu
905 297 43 13 var

191 321 160 22 underkastad
369 323 55 21 1865
443 323 36 21 års
498 323 216 28 språkförordning,
739 323 43 21 och
805 323 88 28 tydligt
916 327 31 23 är,

191 357 36 19 att
242 356 29 20 de
287 363 80 14 senare
383 356 123 22 tillkomna
522 357 196 29 förordningarna
733 357 20 28 ej
766 360 52 18 röra
833 357 115 21 Finlands

191 390 75 21 banks
281 390 147 28 tjenstemän.

260 424 81 21 Under
357 424 82 21 sådant
454 425 146 21 förhållande
615 425 60 21 hade
691 433 53 13 man
759 425 53 21 haft
823 425 56 21 fullt
895 425 51 22 skäl

191 459 35 19 att
241 460 78 24 vänta,
336 460 34 19 att
385 466 53 14 man
454 459 71 21 redan
540 459 67 28 långt
625 459 49 22 före
694 459 64 21 detta
778 459 75 21 skulle
868 459 79 28 dragit

191 492 93 28 försorg
303 499 36 14 om
360 493 216 22 åstadkommandet
595 493 25 21 af
637 493 87 28 nödiga
744 493 145 28 stadganden
911 493 36 22 för

190 526 106 21 bankens
313 527 97 21 embets-
426 527 43 22 och
484 527 140 29 tjenstemän
639 528 36 21 uti
691 528 7 21 i
714 527 67 28 fråga
796 527 102 21 varande
914 527 32 21 af-

191 560 91 21 seende.
313 561 54 21 Men
386 561 60 21 först
464 561 40 21 vid
525 563 55 21 1885
599 562 35 21 års
654 561 113 28 landtdag
783 563 52 26 togs
850 561 9 21 i
874 561 72 21 bank-

190 594 162 29 fullmäktiges
368 595 37 21 till
422 595 129 21 Ständerna
571 595 90 28 afgifna
679 595 125 22 berättelse
819 595 71 21 saken
907 595 38 21 till

190 629 43 20 tals
250 629 53 21 med
319 629 127 28 anledning
456 629 26 21 af
490 630 222 21 bankdirektionens
723 630 143 28 uttryckliga
877 630 69 21 fram-

191 663 114 28 ställning
324 663 43 21 och
386 664 148 27 påminnelse.
570 664 11 20 I
602 664 40 20 det
661 664 128 26 utlåtande,
806 671 48 13 som
871 663 75 21 direk-

190 696 80 22 tionen
289 697 36 21 för
344 698 113 20 Finlands
477 698 62 21 bank
558 698 48 21 före
627 698 55 22 1885
702 698 36 20 års
754 697 113 28 landtdag
883 697 66 28 afgaf

190 730 37 21 till
247 731 217 29 bankfullmäktige,
484 732 52 21 med
556 732 128 28 anledning
703 732 26 20 af
743 739 28 13 en
786 732 30 27 på
831 731 75 28 grund
924 731 24 21 af

191 765 142 28 föregående
349 766 125 28 landtdags
493 766 77 20 beslut
588 766 85 20 tillsatt
690 765 97 21 komités
803 766 89 27 förslag
908 765 37 21 till

190 801 54 26 nytt
259 800 143 27 reglemente
420 800 35 20 för
474 800 113 21 Finlands
606 800 63 21 bank
689 799 43 21 och
751 807 31 20 ny
802 800 143 20 instruktion

191 833 37 21 för
248 833 217 29 bankfullmägtige,
488 834 59 20 fäste
567 834 104 21 bankens
691 833 116 21 direktion
827 833 119 21 bankfull-

191 868 115 27 mägtiges
321 868 205 28 uppmärksamhet
536 869 30 27 på
581 868 7 21 i
604 868 66 28 fråga
686 868 101 20 varande
800 868 47 20 sak.
863 868 83 20 Direk-

190 902 82 21 tionen
287 902 103 27 yttrade:

260 936 130 28 »Slutligen
400 936 87 20 tillåter
497 936 36 28 sig
545 936 146 21 direktionen
709 936 61 21 fästa
781 936 78 20 herrar
873 936 73 20 bank-

189 970 162 28 fullmägtiges
371 970 205 28 uppmärksamhet
595 971 76 27 derpä,
696 972 34 19 att
753 970 39 21 det
815 974 24 17 är
861 970 85 21 tvifvel

190 1004 171 21 underkastadt
376 1004 115 21 huruvida
507 1005 27 20 de
551 1005 37 20 för
603 1004 125 21 befordran
744 1004 37 21 till
797 1006 87 19 statens
900 1011 46 14 em-

190 1039 70 20 beten
277 1038 43 21 och
337 1039 96 28 tjenster
448 1039 8 20 i
476 1039 127 20 allmänhet
622 1038 110 28 gällande
748 1038 144 28 stadganden
910 1045 36 14 om

191 1073 192 28 ädagaläggande
399 1073 26 20 at
439 1073 137 28 erforderlig
586 1073 74 28 insigt
670 1073 9 20 i
689 1072 92 21 landets
792 1072 74 28 begge
877 1072 70 27 språk

191 1111 39 16 äro
247 1107 142 28 tillämpliga
405 1107 29 28 på
450 1107 105 20 embeten
568 1107 43 20 och
622 1107 98 28 tjenster
731 1106 7 21 i
749 1105 112 22 Finlands
878 1106 68 21 bank.

190 1141 36 20 Då
242 1141 52 20 icke
310 1141 73 20 heller
399 1141 102 20 komitén
521 1141 126 27 undanröjt
667 1140 173 21 tvifvelsmålen
860 1140 8 21 i
884 1140 64 21 detta

191 1175 116 26 afseende,
324 1182 52 13 men
393 1175 147 20 direktionen
555 1175 37 20 för
607 1175 36 20 sin
655 1175 37 20 del
704 1181 66 14 anser
781 1173 72 22 sådan
869 1174 78 28 språk-

191 1209 107 28 kunskap
321 1209 8 20 i
352 1209 105 20 bankens
480 1209 72 26 tjenst
578 1209 117 28 svårligen
723 1209 78 20 kunna
824 1207 122 28 undvaras,

191 1245 60 18 samt
274 1243 8 20 i
305 1242 189 21 förekommande
518 1243 147 28 befordrings
693 1243 79 27 frågor
795 1242 69 20 äfven
887 1242 61 28 tagit

190 1277 93 27 hänsyn
300 1277 85 25 dertill,
402 1277 25 20 så
442 1277 37 20 får
494 1277 146 21 direktionen
658 1281 54 16 äran
728 1276 38 21 till
782 1276 79 21 herrar
876 1276 71 21 bank-

190 1311 151 28 fullmäktige
361 1311 129 26 hemställa,
511 1311 116 21 huruvida
646 1311 51 20 icke
718 1310 82 28 åtgärd
819 1310 37 21 till
872 1311 76 20 åstad-

190 1344 140 22 kommande
347 1344 25 21 af
385 1344 89 28 tydligt
489 1344 129 28 stadgande
637 1345 7 20 i
665 1344 64 21 detta
745 1344 110 20 afseende
869 1344 79 21 kunde

191 1378 127 28 vidtagas".

259 1413 38 20 Då
312 1412 211 21 bankdirektionen
540 1412 97 21 sålunda
652 1412 61 21 fäste
724 1411 223 28 bankfullmäktiges

260 1447 139 16 Bankutskottets
411 1447 103 17 betänkande
527 1447 33 16 N:o
574 1448 17 15 3.
