1031 1678
397 127 22 17 U.
431 126 21 18 B.
464 126 94 18 XXXVIL
725 115 4 3 |
822 126 12 17 5

99 185 34 20 att
158 184 91 21 såsnart
275 183 45 21 den
349 183 143 28 utelöpande
518 183 162 21 sedelstocken
708 182 148 21 öfverskrede

98 217 107 22 bankens
223 217 133 21 metalliska
375 217 81 21 valuta
476 217 53 21 med
548 217 27 22 25
590 217 108 28 miljoner
712 216 72 26 mark,
800 216 56 21 ban-

99 252 58 21 kens
179 251 127 29 guldkassa
329 251 75 21 skulle
430 251 38 21 för
493 251 82 28 hvarje
598 251 84 28 belopp
705 250 82 27 sedlar,
807 257 49 14 som

100 286 134 21 derutöfver
248 285 115 28 utgåfves,
380 285 56 21 ökas
454 285 54 21 med
526 293 29 14 en
574 285 113 28 fjerdedel
703 285 26 21 af
743 285 65 20 detta
823 284 33 21 öf-

98 320 113 21 verskott.

169 354 71 20 Detta
255 354 93 27 system,
358 360 48 14 som
416 356 58 18 nära
484 353 105 21 ansluter
599 352 36 28 sig
651 352 36 22 till
703 352 39 21 det
756 352 9 20 i
781 352 76 21 Sveri-

100 395 41 21 ges
160 387 113 21 riksbank
293 400 25 2 —
339 386 40 21 der
398 387 134 20 metalliska
550 387 85 20 kassan
653 387 9 20 i
680 386 80 28 regeln
779 386 20 28 ej
817 386 39 20 be-

100 421 83 22 höfver
207 420 145 22 öfverskrida
373 421 90 20 femton
485 420 109 29 miljoner
612 421 85 20 kronor
713 433 26 2 —
755 419 36 22 för
805 423 52 17 när-

101 455 103 22 varande
223 455 116 28 gällande,
355 455 41 20 har
411 455 123 21 Utskottet
553 454 60 22 dock
631 455 52 20 icke
702 455 91 20 kunnat
811 453 45 22 för-

101 489 62 28 orda,
179 489 97 21 emedan
287 488 102 21 ökandet
400 489 26 20 af
433 489 133 20 metalliska
576 489 85 20 kassan
672 488 19 29 ej
705 492 24 17 är
740 488 25 21 af
775 487 82 22 behof-

100 525 40 19 vet
156 522 116 29 påkallad,
289 522 28 21 dä
329 523 120 27 nämligen
461 522 163 21 erfarenheten
635 522 61 21 visat
711 523 35 20 att
756 521 101 28 guldcir-

102 557 137 21 kulationen
254 556 42 21 hos
314 563 37 14 oss
366 560 25 17 är
406 556 150 28 synnerligen
572 556 74 28 ringa.
678 556 71 21 Stode
766 555 91 22 banken

102 598 29 14 en
154 591 63 28 gång
234 590 62 21 inför
312 590 184 21 eventualiteten
516 592 34 19 att
569 590 90 28 nödgas
681 590 117 21 förstärka
821 589 36 22 sin

102 625 133 28 guldkassa,
252 624 77 21 kunde
346 624 45 21 den
406 624 73 21 hellre
494 625 88 20 riskera
598 632 29 13 en
642 626 117 26 temporär
774 624 84 21 förlust

101 665 85 21 genom
201 658 140 28 försäljning
359 659 30 27 på
408 665 29 14 en
456 659 63 27 gång
538 658 26 21 af
584 659 77 27 någon
681 658 38 21 del
737 657 54 22 utaf
807 657 51 21 sina

102 692 127 21 utländska
249 692 155 28 obligationer
428 695 28 17 än
477 694 35 18 att
531 692 105 28 ständigt
655 692 65 28 ligga
735 692 55 21 inne
805 691 53 21 med

103 727 34 20 ett
152 725 79 21 alltför
247 728 58 19 stort
319 726 85 28 belopp
421 726 63 27 guld.

171 760 42 20 Ett
229 761 71 19 annat
318 760 119 28 spörsmål,
454 767 49 14 som
522 763 56 18 nära
597 760 193 28 sammanhänger
805 760 52 20 med
857 756 12 36 g
891 766 17 18 2.

102 794 84 28 frågan
202 801 36 14 om
253 794 105 20 bankens
378 794 251 28 sedelutgifningsrätt,
646 798 25 17 är
687 794 39 21 det
741 794 26 21 af
779 794 78 20 Bank-

102 828 149 28 fullmäktige
269 828 35 20 uti
325 828 155 28 inledningen
498 828 38 21 till
556 828 66 21 deras
638 828 123 21 berättelse
776 828 9 20 i
800 835 58 13 sam-

102 861 64 22 band
187 861 53 21 med
258 862 82 27 frågan
360 868 37 14 om
417 862 135 28 öppnandet
568 862 26 21 af
606 870 47 20 nya
669 862 189 28 afdelningskon-

103 898 36 19 tor
155 896 120 21 eventuelt
293 895 99 21 berörda
410 895 113 29 förslaget
538 898 35 19 att
588 896 45 21 öka
648 896 104 21 bankens
768 895 89 21 fonder.

104 930 72 21 Detta
190 929 88 28 förslag
292 930 98 20 innebär
406 929 101 29 ändring
522 930 27 21 af
561 932 13 25 &
590 932 12 20 3
618 930 9 21 i
642 930 157 28 reglementet,
809 937 49 14 som

103 963 139 21 bestämmer
264 964 105 20 bankens
388 963 134 29 grundfond
542 964 37 21 till
598 966 12 20 6
630 964 107 28 miljoner
759 963 44 22 och
825 971 33 13 re-

103 997 140 22 servfonden
258 998 36 20 till
310 999 13 20 9
338 998 110 27 miljoner
464 998 72 21 mark.

171 1031 84 28 Enligt
272 1031 133 22 Utskottets
421 1031 62 28 åsigt
502 1035 24 17 är
542 1039 28 14 en
586 1031 160 29 förstärkning
764 1031 26 21 af
803 1031 55 21 ban-

104 1065 56 21 kens
189 1065 91 28 kapital
305 1065 8 21 i
339 1065 44 21 och
412 1065 36 22 för
478 1066 37 28 sig
545 1065 108 29 behöflig,
680 1065 95 22 alldeles
806 1065 52 21 obe-

102 1099 87 22 roende
213 1099 67 22 deraf
298 1099 116 22 huruvida
436 1099 56 22 flere
513 1107 47 21 nya
582 1100 224 28 afdelningskontor,
829 1103 29 17 än

103 1133 28 22 de
153 1141 33 13 nu
209 1133 137 28 bestående,
372 1134 99 21 inrättas
499 1134 56 21 eller
576 1134 59 21 icke.
673 1134 35 28 Ty
731 1134 68 21 äfven
821 1141 37 14 om

103 1167 92 22 banken
220 1167 9 21 i
255 1167 126 22 allmänhet
406 1168 21 28 ej
450 1168 115 21 behöfver
588 1168 87 21 sträfva
697 1168 38 21 till
758 1169 34 20 att
815 1167 44 21 öka

102 1201 36 21 sin
153 1201 115 28 utlåning,
285 1205 25 18 är
325 1201 40 22 det
383 1202 60 21 dock
462 1202 125 28 sjelffallet,
607 1204 41 25 att,
667 1202 52 21 med
739 1209 28 14 en
786 1201 72 21 tillta-

102 1235 76 28 gande
201 1235 157 22 affärsrörelse
381 1236 7 21 i
412 1236 85 27 landet,
517 1236 109 21 Bankens
649 1235 147 22 verksamhet
818 1235 40 21 vid

102 1269 28 21 de
152 1270 86 27 många
257 1270 84 21 kontor
360 1270 99 21 Banken
478 1271 73 20 redan
569 1278 32 13 nu
620 1270 114 21 etablerat
755 1270 103 21 kommer

102 1305 35 19 att
158 1311 49 13 mer
231 1303 42 22 och
292 1311 49 14 mer
358 1304 118 29 utvidgas,
496 1304 95 22 hvarför
609 1304 180 29 försigtigheten
807 1303 51 28 bju-

102 1337 45 27 der,
164 1339 36 19 att
215 1338 70 21 äfven
301 1338 146 28 småningom
463 1339 45 20 öka
522 1339 110 20 Bankens
652 1339 87 21 fonder.
770 1337 88 21 Härtill

100 1371 105 21 kommer
216 1375 62 18 ännu
289 1372 44 21 den
345 1372 211 28 omständigheten,
567 1374 35 20 att
612 1372 109 29 beloppet
731 1372 26 21 af
769 1372 9 20 i
788 1372 70 20 rörel-

101 1413 40 14 sen
156 1406 141 28 utelöpande
311 1406 126 28 guldmynt
449 1410 25 18 är
481 1406 170 29 jemförelsevis
663 1406 138 28 obetydligt.
819 1405 39 21 In-

172 1440 135 18 Bankutskottets
319 1442 105 16 betänkande
436 1442 35 16 N:o
484 1442 17 16 3.
