1031 1678
799 121 28 22 49

98 186 87 26 omfång
201 186 40 21 och
257 187 41 20 den
313 185 53 28 höjd
381 186 40 21 här
437 186 114 25 erfordras,
562 185 98 22 kommer
675 186 33 19 att
723 184 32 21 uti
771 183 86 28 mycket

97 221 107 27 väsentlig
224 221 53 26 grad
297 220 87 27 fördyra
399 220 137 27 byggnaden.
567 219 112 22 Utskottet
695 219 39 21 har
749 219 109 21 beräknat

96 255 122 22 kostnaden
241 255 34 21 för
296 261 27 14 en
347 255 67 20 sådan
435 255 69 27 jemte
527 255 75 21 husets
624 253 176 28 grundläggning
823 252 35 22 till

99 290 90 25 150,000
205 289 68 26 mark,
289 295 49 15 men
354 289 63 21 äfven
434 290 72 21 denna
516 289 126 28 betydande
652 295 84 14 summa
746 288 30 25 är,
788 287 70 26 enligt

96 324 45 20 min
156 323 63 27 äsigt,
235 323 33 21 för
283 323 42 27 låg.
356 323 30 21 Sä
401 324 25 20 är
441 326 15 18 t.
472 330 33 14 ex.
521 323 155 27 utgräfningen
693 322 24 21 af
725 322 64 26 5,400
805 321 53 21 kub.

98 358 59 21 famn
171 358 50 27 jord
236 357 112 21 beräknad
363 357 33 21 till
413 358 11 21 7
442 358 36 21 mk
490 364 38 21 per
539 358 51 21 kub.
602 357 66 21 famn.
699 356 42 21 För
752 355 104 28 uppgräf-

97 392 52 27 ning
172 392 39 21 och
230 392 149 27 uppkastning
400 392 25 21 af
440 392 79 27 jorden
538 392 44 28 (till
600 399 27 14 en
643 392 53 27 höjd
711 390 24 21 af
749 390 58 21 ända
823 389 33 20 till

98 427 28 20 20
145 425 42 28 fot)
207 427 24 20 är
249 425 35 22 väl
304 426 67 27 priset
390 426 134 27 tillräckligt,
539 433 49 14 men
608 426 28 21 då
655 426 77 21 endast
747 431 27 14 en
790 423 67 28 högst

98 460 62 27 ringa
176 460 35 21 del
226 459 25 22 af
263 461 72 20 denna
343 461 123 26 jordmassa
477 461 43 20 kan
532 461 112 21 användas
656 460 28 27 på
696 458 78 26 stället,
787 458 70 21 måste

98 494 74 21 härtill
191 494 76 27 läggas
285 494 122 22 kostnaden
428 495 34 21 för
478 496 48 20 dess
543 494 157 27 bortsläpning,
715 492 88 22 hvilken
819 491 36 21 sti-

98 535 37 21 ger
154 529 33 20 till
205 529 65 20 minst
288 529 45 20 lika
347 529 93 27 mycket,
456 529 110 22 måhända
581 529 35 21 till
632 528 90 21 dubbelt
737 533 66 18 mera,
819 525 36 22 be-

98 564 82 21 roende
195 563 24 21 af
231 563 110 21 afståndet
356 563 33 21 till
405 564 41 21 den
463 564 58 27 plats
537 565 38 20 der
590 564 37 21 det
643 563 44 21 kan
702 562 22 21 få
735 561 121 27 afstjelpas.

99 598 56 21 Utan
174 599 33 20 att
225 599 59 20 ännu
298 597 66 22 hafva
379 598 57 21 varit
452 599 7 20 i
474 598 88 21 tillfälle
578 600 33 19 att
626 597 95 22 anställa
736 596 68 27 några
819 595 37 20 be-

98 632 126 27 räkningar,
241 639 62 20 synes
317 632 44 27 mig
377 632 64 22 äfven
456 635 183 19 terassmurarnes
651 631 124 21 beräknade
786 629 70 28 tjock-

96 667 35 21 lek
147 679 27 3 —
189 667 13 21 3
217 666 32 21 fot
264 666 35 22 vid
315 673 27 15 en
357 667 54 27 höjd
426 667 25 21 af
464 668 58 20 ända
537 667 33 21 till
586 667 28 21 20
625 666 33 21 fot
668 678 29 3 —
707 671 52 15 vara
769 663 88 27 mycket

96 700 33 22 för
144 701 53 21 liten
213 700 34 22 för
261 703 33 19 att
309 702 81 20 motstå
405 701 141 28 sidotrycket,
562 700 64 22 äfven
637 707 34 14 om
683 701 60 20 detta
754 698 101 22 väsendt-

96 735 41 27 ligt
151 735 96 21 minskas
267 742 77 20 genom
363 736 27 20 de
409 736 125 27 föreslagna
548 735 109 22 hvalfven.
687 734 40 22 Om
743 734 27 20 de
786 732 72 26 öfriga

96 770 148 21 kostnaderna
259 770 43 20 kan
315 770 38 27 jag
368 770 48 21 icke
432 774 54 17 utan
502 777 28 14 en
542 770 121 27 detaljerad
673 766 183 24 kostnadsberäk-

96 804 52 26 ning
163 803 53 22 fälla
231 804 66 27 något
312 805 105 27 omdöme,
434 811 49 15 men
499 805 68 20 redan
583 810 26 15 en
622 802 126 29 jemförelse
759 802 49 20 med
819 801 38 21 det

96 838 83 21 hälften
200 838 83 22 mindre
300 838 124 22 bankhuset
442 846 64 20 synes
527 839 44 27 mig
586 838 59 27 gifva
660 838 36 21 vid
711 837 94 25 handen,
822 837 34 19 att

96 875 31 19 ett
143 873 129 21 ständerhus
287 873 40 21 här
342 872 48 22 icke
406 873 43 21 kan
465 873 105 27 uppföras
586 873 50 21 med
652 873 41 20 den
704 871 25 21 af
737 870 118 22 ständerna

95 906 33 22 för
139 907 124 21 ändamålet
273 908 103 21 anvisade
387 915 107 19 summan,
503 908 40 21 och
552 914 34 15 ser
592 908 38 26 jag
639 907 44 27 mig
691 906 33 21 till
732 904 54 28 följd
794 904 64 21 deraf

95 942 123 21 föranlåten
229 942 39 20 hos
279 942 217 27 ständerhusdeleg:n
508 941 98 28 afstyrka
614 940 166 28 ifrågavarande
789 938 64 28 plats.

166 976 134 27 Helsingfors
316 977 41 20 den
375 977 27 21 12
419 984 58 14 mars
494 977 62 21 1886.

584 1010 21 21 C.
622 1009 25 22 G.
664 1007 130 24 Sanmark.*

166 1056 188 27 »Approximativt
362 1056 188 27 kostnadsförslag
559 1056 33 21 till
598 1055 167 29 jordgräfning-,
774 1055 79 26 grund-

94 1090 73 28 nings-
183 1091 40 21 och
239 1091 167 25 terassarbeten,
422 1091 109 27 behöfliga
546 1091 34 21 för
597 1090 112 28 placering
724 1089 24 22 af
757 1089 98 21 ständer-

94 1125 63 21 huset
173 1125 7 21 i
196 1127 109 25 gvarteret
320 1124 95 22 Bäfvern
431 1125 37 21 vid
483 1125 162 27 Nikolaigatan.

93 1159 58 22 5400
166 1159 48 22 kab.
230 1159 61 21 famn
303 1159 153 28 jordgräfning
482 1159 3 22 a
508 1161 4 20 7
528 1167 29 13 m.
582 1177 3 4 .
617 1176 4 4 .
652 1176 4 4 .
689 1175 4 4 .
724 1174 5 5 .
759 1157 80 25 37,800

94 1194 57 21 1000
165 1193 51 22 kub.
232 1193 59 22 famn
306 1195 147 26 grundmurar
464 1193 14 22 &
492 1195 28 21 50
535 1201 27 14 m.
578 1209 4 6 .
614 1210 5 4 .
651 1210 4 5 .
687 1209 4 4 .
723 1209 4 4 .
759 1193 81 24 50,000

95 1229 77 25 10,100
190 1235 33 20 qv.
244 1228 32 21 fot
294 1230 119 19 terassmur
427 1229 7 20 i
451 1228 142 27 kanthuggen
604 1230 48 19 sten
664 1227 13 22 å
688 1228 43 21 250
760 1226 80 25 25,250

94 1261 119 28 Hvälfning
229 1263 47 21 med
289 1262 137 27 jerubrända
440 1263 59 27 tegel
514 1263 7 20 i
534 1265 84 19 cement
628 1261 79 22 bakom
719 1264 30 19 te-

93 1303 76 14 rassen
190 1297 36 27 (en
243 1296 34 22 del
292 1297 25 21 af
329 1297 66 21 södra
410 1297 41 21 och
467 1304 66 15 norra
549 1297 63 21 delen
629 1299 56 19 samt
701 1295 50 22 hela

92 1331 60 20 Östra
167 1331 72 27 delen)
256 1333 55 19 samt
323 1331 145 27 jordfyllning
484 1331 95 27 ofvanpä
617 1348 4 4 .
653 1347 5 5 .
690 1348 3 4 .
726 1346 5 4 .
760 1330 80 24 31,950

91 1364 136 22 Jernstakett
243 1365 99 27 omkring
357 1367 98 20 terassen
472 1382 4 4 .
508 1383 4 4 .
543 1382 5 6 .
580 1381 4 5 .
615 1381 5 5 .
651 1382 5 4 .
688 1381 4 5 .
723 1381 5 5 +»
774 1364 65 23 5.000

578 1406 89 21 Summa
682 1406 46 21 Fm.
747 1405 106 25 150,000*
