1031 1678
231 138 27 20 82

202 202 141 22 merberörda
364 203 130 21 testamente
514 209 46 15 som
582 203 40 21 ock
643 203 42 20 den
703 204 24 19 11
747 201 90 22 Januari
855 203 54 20 1886
925 201 43 22 för-

201 237 80 21 ordnat
304 237 33 21 till
352 236 65 22 skifte
433 236 23 22 af
471 237 34 21 W.
522 237 35 21 C:s
574 237 177 27 gvarlätenskap,
761 235 40 23 för
815 236 56 22 hvad
887 236 27 22 de
930 242 36 15 en-

204 271 54 21 hvar
280 271 7 21 i
311 270 63 22 ofvan
398 271 96 27 antyddaä
514 271 118 22 afseenden
651 271 52 21 låtit
718 271 87 21 komma
821 271 34 26 sig
870 271 32 21 till
918 271 49 25 last,

201 305 64 22 fällas
281 305 34 22 till
331 311 79 16 ansvar
422 305 85 28 jemlikt
524 307 25 20 12
566 305 11 28 $
594 308 10 19 1
622 306 49 27 kap.
689 306 25 21 R.
727 305 32 26 B.,
773 305 113 22 hvarutom
896 305 70 21 Advo-

203 339 132 22 katfiskalen
353 340 79 26 pästod
452 339 222 22 Justitierädmannen
691 339 42 26 S:s,
751 338 215 22 Vicehäradshöfdin-

203 380 41 22 gen
263 374 46 21 W:s
330 374 40 21 och
390 373 209 22 Politierädmannen
620 373 39 22 G:s
677 373 146 27 förpligtande
838 375 33 20 att
886 373 32 21 till
936 373 31 21 W.

204 407 35 22 C:s
262 407 27 22 bo
311 408 101 21 äterbära
433 407 92 22 derifrän
545 408 7 21 i
567 407 156 22 ofvanberördt
744 407 124 22 hänseende
885 406 81 27 utgifna

203 443 42 20 312
261 442 62 21 mark
338 444 26 19 73
381 442 64 27 penni
464 441 109 22 äfvensom
589 441 107 22 förbehöll
713 442 33 21 W.
763 441 35 22 C:s
813 440 153 23 rättsinnehaf-

203 483 52 15 vare
278 477 70 26 öppen
370 478 44 19 rätt
432 479 40 24 att,
493 477 7 20 i
518 476 37 21 fall
571 476 25 28 af:
612 476 43 27 fog,
672 476 106 22 särskildt
791 477 7 20 i
813 476 49 27 laga
878 475 89 26 ordning

203 511 54 22 söka
279 510 46 22 utfä
345 510 23 22 af
382 511 29 26 S.,
430 511 34 21 W.
480 511 40 21 och
537 511 25 21 G.
579 511 123 26 ersättning
717 510 34 22 för
767 511 45 26 allt,
829 517 46 15 som
891 515 76 22 genom

203 545 156 26 Magistratens
375 545 113 21 anmärkta
508 544 153 27 försumlighet
677 544 144 28 tilläfventyrs
837 544 69 23 blifvit
920 544 48 21 frän

203 579 34 21 W.
253 579 36 22 C:s
306 579 154 22 efterlemnade
480 579 28 22 bo
528 579 153 27 förskingradt.

273 613 68 22 Mälet
361 613 108 27 afgjordes
491 613 23 22 af
526 613 122 28 Kejserlige
663 613 118 22 Hofrätten
796 619 76 21 genom
887 613 80 26 utslag,

205 654 46 15 som
268 647 55 22 efter
338 647 76 26 anslag
430 647 72 26 utgafs
518 648 41 21 den
576 649 26 20 30
619 648 60 26 April
697 649 66 24 1887;
780 648 40 21 och
835 647 55 21 hade
901 647 34 21 väl
947 646 24 22 af

203 681 192 22 Advokatfiskalen
412 682 118 25 anmärkts,
547 684 32 19 att
594 682 143 26 Magistraten
754 682 56 21 ända
825 682 32 20 till
869 681 67 21 slutet
947 680 23 22 af

203 716 91 22 Januari
309 716 79 21 mänad
406 718 54 19 1886
476 716 114 21 uraktlätit
606 718 32 19 att
655 716 123 27 ombesörja
789 715 147 28 uppteckning
947 714 23 22 af

203 750 33 22 W.
261 750 35 22 C:s
318 750 154 22 efterlemnade
492 750 46 22 lösa
560 750 105 27 egendom
682 750 41 22 och
739 750 86 27 vidtaga
841 750 79 26 nödiga
935 749 33 21 ät-

204 785 79 26 gärder
306 784 33 22 till
357 784 176 22 förekommande
554 784 22 22 af
596 785 139 21 densammas
751 784 145 27 förskingring
912 786 56 19 samt

205 819 73 21 derom
307 818 40 22 hos
371 818 140 22 Guvernören
536 819 90 26 anmäla,
646 818 111 22 äfvensom
784 820 33 20 att
838 818 131 22 Rädstufvu-

204 855 71 19 rätten
293 853 18 27 ej
328 853 49 21 bort
393 853 99 21 meddela
512 852 145 22 förordnande
672 853 34 21 till
721 853 178 27 bouppteckning
915 852 55 22 efter

203 888 34 21 W.
254 887 23 21 C.
298 887 40 22 och
358 886 47 22 från
421 887 53 21 hans
491 887 153 22 efterlemnade
660 888 28 20 bo
706 888 98 26 uppbära
819 887 33 21 för
867 887 49 26 laga
930 887 39 21 bo-

203 922 173 27 uppteckningar
392 921 54 22 efter
462 921 78 22 aflidne
556 922 117 21 faststälda
689 923 116 25 procenter
821 922 39 21 och
871 921 98 27 afgifter
961 917 12 36 ;

203 963 48 15 men
268 957 90 21 emedan
374 956 66 27 nägot
456 956 120 26 stadgande
592 957 18 27 ej
626 956 87 26 funnes,
730 957 27 26 pä
768 956 69 27 grund
845 956 77 21 hvaraf
931 956 38 21 det

204 991 73 26 älegat
291 991 143 26 Magistraten
450 992 32 19 att
497 991 87 26 vidtaga
598 991 26 21 de
636 990 22 21 af
668 990 193 22 Advokatfiskalen
873 990 95 27 antydda

205 1025 102 26 åtgärder
330 1025 40 21 och
396 1026 8 19 1
426 1025 12 26 $
454 1026 12 19 9
483 1025 48 26 kap.
547 1020 24 25 Ä.
591 1025 33 26 B.,
639 1025 80 21 sådant
735 1025 60 20 detta
810 1025 83 26 lagrum
908 1024 60 27 lyder

206 1059 69 26 enligt
294 1059 121 27 Kejserliga
434 1058 151 27 förordningen
607 1059 40 21 den
669 1061 28 19 27
718 1059 51 21 Juni
788 1059 60 26 1878,
865 1061 57 19 samt
936 1058 33 22 fö-

204 1093 119 22 renämnda
345 1093 121 26 Kejserliga
486 1092 123 27 förordning
630 1093 23 21 af
676 1093 41 22 den
739 1095 11 19 6
771 1093 122 21 November
912 1094 57 20 1843

203 1127 140 26 föreskrefve,
359 1129 33 19 att
407 1127 148 26 borgmästare
571 1127 40 22 och
626 1127 40 22 räd
678 1127 62 27 egde,
753 1127 40 22 der
804 1127 17 27 ej
835 1127 133 21 annorlunda

204 1162 104 26 stadgadt
323 1167 57 20 vore,
398 1161 99 22 meddela
512 1161 143 22 förordnande
672 1162 33 21 till
721 1161 160 22 verkställande
898 1161 22 21 af
929 1161 38 21 bo-

204 1196 147 27 uppteckning
370 1195 6 21 i
396 1196 56 25 stad,
472 1195 40 22 och
528 1195 193 22 Advokatfiskalen
738 1196 18 27 ej
774 1202 37 15 ens
827 1195 92 27 pästätt,
936 1197 32 19 att

203 1230 36 22 W.
256 1231 36 21 C:s
309 1230 27 21 bo
353 1229 81 28 päförts
451 1230 67 27 högre
534 1230 85 27 afgifter
634 1232 27 19 än
679 1230 27 21 de
723 1230 33 21 för
767 1230 202 27 bouppteckningar

203 1265 114 27 stadgade,
337 1266 56 19 samt
408 1264 52 22 boet
480 1264 66 27 enligt
562 1265 93 21 särskild
672 1263 127 28 förordning
814 1265 19 26 ej
850 1264 55 21 varit
920 1263 48 22 frän

203 1300 94 21 berörda
317 1298 85 27 afgifter
422 1299 99 26 befriadt,
542 1301 22 25 ty
585 1299 40 21 och
642 1299 28 21 dä
687 1299 35 21 vid
739 1299 78 21 sådant
832 1298 136 22 förhållande

203 1333 72 27 någon
293 1332 163 22 uraktlätenhet
475 1333 53 21 eller
546 1333 100 26 felaktigt
665 1333 125 21 förfarande
808 1333 7 21 i
831 1332 137 22 omförmäldt

202 1368 103 22 afseende
320 1366 48 22 icke
384 1366 106 22 stannade
505 1366 142 28 Magistraten
661 1367 55 21 eller
726 1366 195 23 Rädstufvurätten
934 1366 32 22 till

201 1402 51 26 last,
272 1400 52 23 blef.
335 1400 203 23 Advokatfiskalens
556 1401 97 27 yrkande
674 1407 35 16 om
729 1407 77 16 ansvar
821 1401 7 21 i
845 1401 70 23 denna
931 1401 36 21 del
