1031 1678
187 123 28 22 62

231 187 43 27 1:0)
290 187 48 21 Den
354 185 128 28 beräkning,
494 186 67 27 enligt
571 186 88 22 hvilken
671 186 85 28 deleg:n
767 193 50 16 vore
827 187 8 21 i
845 187 75 22 besitt-

160 220 52 27 ning
230 220 25 22 af
275 221 11 21 1
302 221 76 28 miljon
396 221 92 25 100,000
502 220 37 21 mk
554 222 32 20 att
602 221 118 27 disponera
735 221 33 21 till
783 221 137 22 ständerhus-

159 254 127 28 bygnadens
301 255 123 26 utförande,
439 255 25 21 är
478 255 100 27 grundad
594 255 29 27 på
632 255 69 22 sådan
711 255 164 28 förutsättning,
886 258 33 19 att

161 288 32 22 för
213 288 127 28 bygnadens
360 289 68 21 behof
443 289 69 21 skulle
532 289 110 22 erfordras
660 290 78 21 endast
753 290 66 27 något
835 290 85 22 utöfver

159 323 84 21 hälften
259 323 24 21 af
293 324 36 20 det
340 323 35 21 för
385 323 124 21 ändamålet
519 323 93 28 inköpta
622 325 111 26 gvarteret
744 340 11 10 ,,
757 324 110 22 Bäfvern''
879 324 40 22 och

159 359 32 20 att
207 357 93 22 sålunda
315 364 27 15 en
359 359 46 20 stor
420 357 34 22 del
470 357 70 22 blefve
552 357 55 27 öfrig
618 358 33 21 till
669 358 103 22 bildande
783 358 24 22 af
823 365 27 15 en
861 358 58 28 själf-

158 392 87 27 ständig
260 394 62 23 tomt,
337 392 89 21 hvilken
440 392 80 26 kunde,
536 398 35 15 om
586 392 125 22 Ständerna
726 393 24 20 så
760 392 104 28 önskade,
875 392 43 22 för-

156 428 71 26 yttras
243 426 34 21 till
293 428 31 19 ett
339 425 138 28 kalkyleradt
492 426 44 27 pris
552 426 25 21 af
591 427 92 25 100,000
699 427 41 20 mk.

227 471 70 22 Dessa
321 473 92 28 100,000
434 471 60 22 mark
514 473 38 20 äro
572 472 64 22 alltså
655 472 148 22 inberäknade
822 472 7 21 i
845 472 73 22 ofvan-

158 506 90 27 angifna
269 506 147 22 totalsumma.
453 506 49 22 Men
523 513 41 19 om,
580 507 72 21 såsom
667 507 25 21 H.
708 507 39 21 H:s
762 506 80 28 förslag
857 507 61 22 inne-

157 541 76 27 håller,
249 541 116 28 bygnaden
380 541 109 28 förlägges
504 541 64 28 djupt
582 541 22 21 in
620 542 30 27 på
665 543 116 26 qvarteret,
793 541 92 22 återstår
896 541 25 22 af

159 576 60 21 detta
231 582 26 15 en
274 576 25 21 så
309 575 109 28 obetydlig
429 575 41 27 del,
481 577 33 20 att
527 576 126 21 densamma
663 575 48 22 icke
722 576 43 21 kan
767 571 12 36 i
794 575 38 22 fall
843 575 24 22 af
875 575 42 22 för-

160 609 97 28 säljning
272 609 89 28 betinga
377 609 32 28 sig
425 611 37 20 det
477 610 99 28 åsyftade
592 610 67 27 priset
675 610 52 21 eller
743 616 38 15 ens
796 609 40 22 har
851 611 67 26 något

157 651 46 14 som
219 644 57 21 helst
291 645 183 27 penningevärde,
489 644 79 22 hvaraf
581 644 41 21 blir
637 651 27 15 en
679 644 55 28 följd
745 646 32 19 att
788 645 41 21 den
840 644 76 22 beräk-

158 679 57 21 nade
230 678 156 22 totalsumman
402 679 68 21 måste
486 680 115 20 reduceras
616 678 34 22 till
665 686 27 14 en
708 678 75 28 miljon
799 678 67 22 mark.
889 678 31 22 Af

157 713 68 21 sådan
241 712 119 28 anledning
375 713 69 21 finner
458 714 33 26 sig
506 713 152 27 delegationen
673 716 96 24 tvungen
785 715 32 19 att
828 713 89 21 anhålla

157 748 37 20 det
209 746 50 22 ville
275 746 27 22 H.
318 747 26 21 H.
361 747 18 27 ej
392 747 84 22 mindre
490 750 58 26 yttra
564 748 38 27 sig,
618 748 107 22 huruvida
736 748 47 21 icke
793 747 122 28 bygnaden,

156 782 74 28 sådan,
246 782 42 20 den
304 782 25 20 af
343 782 27 20 H.
387 782 27 20 H.
428 782 129 28 föreslagits,
580 782 73 22 kunde
668 782 108 28 förflyttas
791 783 24 20 så
831 782 85 28 mycket

157 816 101 21 närmare
274 816 160 27 Nikolaigatan,
452 818 32 20 att
495 823 27 15 en
534 818 54 20 tomt
598 816 25 22 af
632 824 50 20 nyss
693 817 97 27 antydda
801 816 114 22 dimensio-

157 856 38 15 ner
213 850 72 21 skulle
303 850 81 28 uppstå
402 850 25 22 af
446 853 121 25 qvarterets
584 853 44 19 mot
644 851 162 27 Riddaregatan
823 851 93 27 belägna

156 884 41 26 del,
214 885 28 20 än
259 884 42 22 ock
316 884 55 28 ånyo
382 885 95 27 granska
487 886 36 20 det
534 892 29 14 nu
574 885 149 28 föreliggande
735 885 179 22 kostnadsförsla-

155 920 37 26 get
207 920 58 20 samt
280 919 126 22 alternativt
421 919 81 27 afgifva
512 922 32 19 ett
554 922 48 26 nytt
612 920 85 25 sådant,
709 921 47 20 däri
768 920 147 21 kostnaderna

156 959 79 21 genom
251 953 142 27 aflägsnande
409 954 24 21 af
446 956 31 19 ett
492 954 62 22 antal
569 954 7 21 i
592 954 75 22 husets
682 955 47 21 inre
745 954 124 27 föreslagna
879 955 36 21 de-

155 987 127 21 korationer
301 989 57 20 samt
377 988 90 21 medelst
482 989 69 20 andra
566 988 104 28 lämpliga
685 989 231 27 besparingsåtgärder

154 1021 105 28 möjligen
275 1021 72 22 kunde
363 1023 115 21 reduceras
493 1022 33 21 till
542 1023 36 21 det
593 1023 95 28 värkligt
704 1023 123 28 disponibla
842 1023 73 28 belop-

154 1057 38 26 pet
207 1055 25 22 af
245 1055 93 28 ungefär
355 1058 9 19 1
382 1056 75 28 miljon
472 1057 66 21 mark.

224 1102 45 27 2:0)
287 1102 10 21 I
313 1102 157 28 sammanhang
485 1103 49 21 med
549 1103 138 22 förestående
703 1103 163 27 önskningsmål
882 1103 34 22 får

155 1135 85 28 deleg:n
263 1136 122 22 framställa
404 1137 64 22 äfven
486 1138 42 26 det,
550 1139 33 20 att
602 1139 42 20 den
663 1137 124 28 föreslagna
807 1140 108 19 terrassen

154 1171 75 26 måtte,
246 1172 29 26 på
291 1172 43 20 sätt
347 1171 83 28 jämväl
445 1172 254 27 granskningsutskottet
713 1175 79 25 ansett,
803 1173 7 21 i
821 1172 95 28 betydlig

154 1205 54 27 grad
219 1205 88 26 sänkas,
318 1205 82 22 hvilket
410 1206 7 21 i
428 1207 32 21 sin
472 1207 49 20 mån
532 1207 69 21 skulle
611 1207 68 22 värka
689 1207 74 28 någon
775 1207 141 28 nedsättning

153 1239 8 21 i
180 1239 155 22 kostnaderna.
373 1240 79 22 Vidare
467 1247 65 16 anser
547 1241 85 28 deleg:n
647 1241 32 28 sig
696 1241 54 22 böra
764 1243 71 20 såsom
851 1241 64 22 önsk-

153 1273 110 28 ningsmål
279 1274 127 27 framhålla;

223 1320 46 26 3:0)
289 1322 33 19 att
341 1321 8 20 i
364 1320 42 22 den
421 1321 33 22 för
468 1321 163 22 Presteståndet
646 1321 98 26 afsedda,
768 1322 67 27 något
849 1322 66 27 långa

152 1353 41 21 och
209 1354 70 21 smala
295 1354 120 28 plenisalen
430 1357 31 19 ett
477 1355 70 22 bättre
557 1355 138 23 förhållande
707 1356 79 22 mellan
797 1356 66 28 längd
874 1356 40 22 och

153 1387 69 22 bredd
239 1388 70 22 skulle
325 1389 170 28 åstadkommas;

222 1429 46 28 4:0)
285 1431 32 20 att
332 1429 108 28 kapprum
458 1431 133 27 nödvändigt
607 1432 67 22 måtte
690 1433 119 25 anordnas;
