1031 1678
257 203 47 21 Den
319 203 70 26 lägsta
404 203 95 22 insatsen
514 203 39 21 har
568 203 56 21 varit
640 203 41 20 den
697 203 69 21 såsom
777 203 108 22 minimum
897 203 51 22 fast-

187 238 77 26 stälda,
289 238 52 21 eller
363 240 9 19 1
394 238 67 26 mark,
486 238 38 21 och
540 238 40 21 den
595 238 78 27 högsta
691 240 60 24 1,000
767 238 67 21 mark.
871 239 77 20 Insätt-

186 273 114 27 ningarnes
316 273 153 21 medelstorlek
487 274 67 25 19,14;
571 273 69 26 lägsta
655 273 139 26 uttagningen
811 275 10 19 1
839 273 60 21 mark
910 273 38 21 och

187 307 41 22 den
243 308 78 27 högsta
338 310 62 24 1,000
416 308 68 26 mark,
501 307 131 22 oberäknadt
649 307 107 27 upplupen
772 309 66 20 ränta.

256 342 173 27 Insättningarne
452 344 38 19 äro
512 342 75 26 gjorda
605 341 28 27 pä
651 343 62 25 9,418
730 342 124 21 motböcker
869 341 23 22 af
905 342 44 20 lika

187 376 78 27 många
288 377 110 21 insättare.
435 376 29 22 Af
486 376 130 21 insättarene
636 376 63 21 hafva
719 376 74 21 inalles
810 378 47 23 706,
873 382 75 21 genom

186 411 113 27 uttagning
322 411 23 21 af
361 411 50 21 hela
429 411 37 21 sitt
484 410 202 27 tillsoodohafvande,
706 410 46 21 från
767 411 182 26 postsparbanken

187 445 77 27 afgätt.
294 445 32 21 De
342 445 151 27 gvarstäendes
508 445 58 22 antal
582 447 63 25 utgör
661 445 134 27 följaktligen
810 447 69 24 8,712.

258 480 56 21 Hela
336 480 100 27 beloppet
460 479 23 22 af
504 480 74 25 medel,
596 486 45 15 som
657 479 71 22 blifvit
743 479 23 21 af
779 480 102 21 insättare
896 487 52 20 upp-

189 514 62 27 sagdt
275 515 39 20 och
336 515 34 20 till
394 515 47 20 dem
464 514 150 27 utanordnadt,
638 514 68 21 ehuru
725 521 25 14 en
769 514 33 21 del
821 514 61 21 deraf
895 514 54 21 först

187 555 76 14 senare
283 549 96 21 förfaller
395 549 33 21 till
444 549 138 27 utbetalning,
607 549 82 26 uppgär
704 549 34 20 till
755 551 89 24 114,206
860 549 60 21 mark
936 551 12 19 9

188 583 70 27 penni,
276 583 61 22 deraf
353 585 90 23 113,507
460 583 61 21 mark
538 585 26 20 24
580 583 62 27 penni
658 584 6 20 i
680 583 82 27 kapital
778 583 38 21 och
832 585 40 20 698
888 583 61 21 mark

187 619 27 20 85
231 619 63 26 penni
310 619 6 20 i
332 620 68 24 ränta,
417 625 45 14 som
479 618 12 21 ä
506 618 78 21 insatta
600 618 69 21 medel
685 618 114 27 godtgöres
814 617 48 22 med
879 620 10 19 3
901 625 48 19 pro-

188 654 47 19 cent
259 653 39 20 och
321 653 106 20 beräknas
450 652 55 21 ifrän
524 652 68 21 första
608 652 68 27 dagen
691 653 7 20 i
714 652 103 21 mänaden
832 654 47 19 näst
895 652 55 21 efter

189 686 46 26 den,
256 686 27 21 dä
301 687 143 26 insättningen
460 686 54 27 sker,
530 687 34 21 till
580 686 68 22 första
663 687 68 26 dagen
746 687 7 20 i
769 686 40 21 den
824 686 81 27 mänad,
923 686 26 21 dä

188 721 85 21 medlen
289 720 22 22 få
327 720 71 27 lyftas.

259 756 33 20 De
310 756 61 20 festa
391 756 103 21 insättare
512 757 87 25 utgöras
618 755 22 21 af
654 756 53 20 barn
723 756 66 20 under
807 757 24 20 15
848 755 29 21 år.
907 756 42 21 An-

189 790 53 20 talet
258 790 23 20 af
296 790 54 26 dem,
368 790 132 21 oberäknadt
515 790 147 27 skolungdom,
679 790 65 27 stiger
760 790 33 21 till
817 808 4 3 .
851 807 4 4 .
880 792 69 25 3,895.

258 824 93 21 Dernäst
366 824 62 28 följa:

189 858 134 22 Studerande
339 858 39 22 och
394 859 140 27 skolungdom
562 876 4 4 .
598 876 3 4 .
633 876 4 4 .
669 876 4 4 .
689 859 124 27 uppgående
825 860 32 20 till
881 862 68 24 1,188.

189 893 139 27 Tjenstehjon
343 893 40 21 och
399 893 89 21 statfolk
598 910 4 4 s
634 910 4 4 i
749 911 12 9 n
835 911 11 9 5
901 896 49 19 824.

188 928 106 20 Arbetare
309 927 35 21 vid
360 927 70 21 fabrik
446 928 39 21 och
500 928 66 21 andra
576 911 99 39 tekniska

232 962 138 27 inrättningar
385 979 3 4 .
750 980 11 10 -
835 980 11 9 i
901 964 49 21 459.

189 993 75 31 Öfriga
279 997 98 20 arbetare
671 1015 3 4 a
749 1014 12 11 v
835 1015 12 9 »
901 999 48 20 368.

188 1031 171 26 Handtverkare,
375 1032 92 26 gesäller
483 1014 47 39 sen.
536 1014 102 45 lärlingar
670 1049 3 4 i
749 1049 11 10 N
835 1049 10 9 =
901 1033 49 20 436.

188 1066 143 27 Tjenstemän,
347 1066 63 21 civila
426 1066 38 21 och
481 1067 93 20 militära
600 1083 4 4 .
752 1083 11 10 &
837 1083 12 10 ”
902 1068 48 20 276.

188 1100 128 21 Handlande
332 1100 39 21 och
387 1100 181 27 handelsbetjente
751 1118 11 9 5
835 1118 12 9 5
902 1102 48 20 214.

189 1135 132 21 Underbefäl
337 1135 39 21 och
392 1135 102 27 manskap
514 1135 35 21 vid
567 1114 108 51 militären
749 1153 12 9 »”
835 1153 11 8 ”
902 1137 48 20 229.

188 1165 135 35 Jordbrukare
338 1176 13 14 .
751 1187 11 9 a
836 1187 11 9 ”
903 1171 47 20 183.

188 1204 75 21 Enkor
279 1204 38 21 och
333 1204 88 21 hustrur
749 1221 12 10 NA
836 1221 11 10 5
903 1207 47 19 178.

188 1239 95 26 Prester,
300 1239 69 20 lärare
385 1239 39 20 och
440 1217 126 52 lärärifingr
750 1256 11 9 ”
836 1256 11 9 »”
903 1241 47 19 173.

188 1273 153 21 Embetsverks
357 1273 108 27 betjening
563 1291 39 4 sr
634 1291 41 4 er
749 1291 12 9 »”
835 1290 11 10 ”
902 1276 49 19 110.

189 1307 176 28 Sytningstagare
382 1308 39 21 och
436 1308 122 27 inhysingar
599 1325 4 4 =.
635 1325 4 4 .
671 1325 4 4 .
750 1325 12 10 ää
836 1325 11 10 sä
916 1311 34 18 49.

190 1341 127 27 Sjöfarande
418 1358 4 4 E
748 1360 12 9 A
835 1360 11 8 5
918 1344 33 20 16.

189 1376 107 21 Personer
314 1378 51 19 utan
384 1359 110 45 uppgifvet
509 1359 101 39 särskildt
625 1359 52 45 yrke
838 1394 10 9 4
903 1378 48 20 820.

259 1411 75 21 Denna
354 1410 134 28 förteckning
506 1412 110 20 bekräftar
632 1411 88 21 tiilfullo
736 1394 41 38 hva
779 1411 12 21 d
807 1418 44 14 som
867 1411 27 27 pä
910 1411 42 21 för-

188 1445 57 21 hand
269 1445 70 22 kunde
361 1447 96 26 antagas,
476 1446 106 27 nemligen
602 1448 32 19 att
652 1446 189 27 postsparbanken,
863 1446 38 21 hos
918 1451 34 15 oss
