1031 1678
353 126 19 23 U.
388 125 20 24 B.
424 138 28 3 —
468 125 124 24 111—XXXVI.
801 128 29 20 37

382 188 176 29 Statsskulden.

168 257 42 21 Vid
225 256 132 28 granskning
371 255 25 22 af
409 257 120 21 relationen
540 257 110 28 angående
661 257 147 22 statsskulden
816 257 39 21 har

96 291 113 22 Utskottet
231 291 47 21 icke
293 290 71 22 funnit
379 291 48 20 skäl
441 291 34 21 till
490 291 68 28 några
573 291 172 27 anmärkningar.
775 291 35 22 Då
824 291 32 22 uti

98 325 41 21 den
155 325 24 21 af
191 325 80 21 Finans
286 325 168 26 Expeditionens
470 325 79 27 första;
557 325 108 27 afdelning
682 325 33 21 till
726 331 28 15 nu
765 325 91 21 försam-

96 359 49 21 lade
171 359 91 21 Ständer
289 358 82 28 afgifna
398 358 117 22 berättelse
538 365 27 15 en
587 358 90 28 utförlig
699 358 159 28 framställning

96 393 24 20 af
149 393 26 21 de
204 392 149 27 förändringar
383 393 148 21 statsskulden
561 393 116 27 undergätt
705 394 66 20 sedan
803 395 54 19 1884

96 427 58 21 intill
177 427 108 27 utgängen
307 426 24 21 af
352 426 24 21 är
401 428 60 25 1887,
485 427 83 21 tilläter
583 427 33 27 sig
631 427 112 22 Utskottet
758 429 33 20 att
805 427 53 21 hän-

96 461 48 21 visa
173 461 34 21 till
236 461 67 27 sagda
331 461 123 21 berättelse.
491 461 59 21 Från
576 461 40 21 den
643 463 10 19 1
680 461 89 22 Januari
796 462 61 25 1885,

98 495 28 22 dä
149 495 146 22 statsskulden
317 495 99 27 utgjorde
438 496 128 26 67,256.352
590 495 62 22 mark
672 496 27 21 59
721 495 64 28 penni
800 495 58 21 intill

98 530 43 21 den
157 531 10 19 1
184 529 89 22 Januari
291 531 60 24 1888,
368 529 28 21 dä
406 529 41 21 den
457 529 47 21 äter
512 529 99 28 utgjorde
620 531 128 25 70,087,034
755 529 63 22 mark
827 530 26 21 75

98 563 65 28 penni
179 563 56 22 hade
250 564 123 21 densamma
389 563 91 22 sälunda
494 564 64 21 ökats
576 564 49 21 med
638 565 111 25 2,830,682
758 564 63 21 mark
831 565 25 20 16

98 598 71 27 penni.
202 598 38 21 Uti
263 597 137 22 förestående
423 603 95 16 summor
540 597 52 28 ingå
614 598 139 21 statsverkets
772 597 86 22 andel
844 593 18 36 i

101 633 54 21 1859
171 632 36 21 års
221 632 37 21 län
273 632 34 21 till
322 632 95 21 nominel
433 632 57 21 kurs.

174 742 11 20 I
207 741 95 27 enlighet
323 740 49 22 med
394 740 57 22 hvad
466 740 36 22 vid
518 740 129 28 föregående
662 740 128 27 landtdagar
804 740 57 21 varit

101 776 64 21 fallet
180 775 39 22 och
235 775 28 27 pä
278 775 36 21 det
329 776 32 20 att
376 774 124 22 Utskottets
511 774 155 22 ofvanstäende
676 774 185 27 framställningar

101 810 68 21 mätte
191 810 8 20 i
220 809 106 21 särskilda
341 809 59 21 delar
415 808 68 22 blifva
498 808 25 21 af
536 808 161 22 vederbörande
711 808 150 27 myndigheter

102 844 147 26 observerade,
265 843 81 21 tilläter
361 843 33 27 sig
409 843 113 21 Utskottet
537 843 111 21 vördsamt
663 842 89 22 föreslä:

312 902 31 19 att
358 900 124 21 Ständerna
498 900 50 21 ville
559 900 67 27 jemte
640 900 140 27 underdänig
790 898 72 28 skrif-

240 936 53 20 velse
308 935 96 21 insända
420 934 59 22 detta
495 934 136 21 betänkande
646 934 35 21 till
695 933 66 21 Hans
771 933 91 27 Kejser-

239 970 46 27 liga
303 969 105 27 Majestät
422 968 49 21 med
486 968 109 22 anhållan
610 970 32 19 att
658 968 118 21 detsamma
792 967 69 27 blefve

239 1004 36 20 till
289 1003 126 27 Kejserliga
431 1002 95 21 Senaten
542 1002 159 27 öfverlemnadt
715 1002 9 21 i
734 1002 103 27 afseende
848 1002 14 20 å

240 1037 131 28 vidtagande
387 1037 31 27 af
425 1037 26 20 de
467 1037 111 28 åtgärder,
594 1036 35 21 till
637 1036 73 21 hvilka
721 1036 26 21 de
755 1035 32 28 af
791 1035 72 21 Stats-

241 1071 100 22 utskottet
361 1071 82 28 gjorda
465 1071 128 28 erinringar
614 1070 40 22 och
672 1071 91 27 förslag
785 1069 77 22 kunna

239 1105 64 29 gifva
318 1105 126 28 anledning.

176 1213 10 21 I
209 1213 157 28 behandlingen
390 1213 24 21 af
428 1213 60 22 detta
503 1213 80 21 ärende
597 1212 66 22 hafva
679 1211 90 28 deltagit
785 1210 78 22 Ordfö-

103 1247 82 22 randen
208 1247 90 25 friherre
319 1247 60 28 Boije
407 1249 56 20 samt
486 1247 148 22 ledamöterna
657 1246 90 22 friherre
764 1245 27 21 K.
808 1245 56 21 Lan-

103 1281 119 27 genskiöld,
238 1282 26 21 K.
280 1282 79 26 Antell,
375 1281 119 27 Hackman,
510 1281 110 27 Kihlman,
636 1281 94 26 Donner,
739 1279 124 27 Danielson,

103 1315 136 28 Nordström,
268 1316 83 27 Elving,
377 1315 84 27 Heikel,
481 1315 122 27 Lindblom,
629 1310 90 31 Öhman,
744 1313 119 27 Meurman,

103 1350 71 26 Värri,
189 1350 73 21 Klami
278 1350 39 21 och
332 1350 88 26 Kiipula
436 1351 56 20 samt
508 1349 68 22 delvis
590 1349 140 27 suppleanten
740 1347 117 27 Rautajoki

172 1394 137 28 Helsingfors
325 1396 40 20 den
382 1397 24 19 11
423 1395 63 27 April
502 1396 63 20 1888.

174 1492 152 18 Statsutskotteis
339 1491 117 18 betänkande
468 1493 36 16 N:o
513 1491 21 19 8.
