1031 1678
195 128 14 21 2
332 127 65 24 Ständ.
412 127 44 24 $kr.
471 127 32 23 N:o
518 127 15 23 1.
548 139 28 4 —
592 127 145 24 Ständerhuset.

161 193 84 22 samhet
260 193 70 22 under
344 194 60 21 tiden
418 193 48 22 från
481 194 130 27 landtdagen
628 193 56 22 1885
704 193 123 27 framhållit,
852 193 66 22 erfor-

159 227 56 27 dras,
231 227 86 22 utöfver
331 228 56 22 hvad
404 228 119 22 Ständerna
541 228 33 21 till
593 228 162 28 ifrågavarande
763 228 98 27 byggnad
869 228 49 21 här-

161 262 98 22 förinnan
278 264 90 26 anvisat,
385 264 31 21 ett
429 263 178 28 tillskottsanslag
620 263 23 22 af
657 263 92 27 200,000
764 264 67 26 mark,
842 263 78 22 hvaraf

161 297 92 27 100,000
273 297 62 22 mark
354 297 116 22 beräknats
492 298 33 21 för
546 297 162 22 ständerhusets
729 297 132 28 uppförande
877 298 40 21 och

159 331 126 22 återstoden
300 332 34 21 för
349 332 129 22 detsammas
494 332 118 27 möblering
628 332 40 21 och
683 333 118 26 inredning.

230 366 51 22 Med
295 366 62 22 bifall
367 366 34 22 till
411 366 164 28 Delegationens
590 366 157 22 ofvanberörda
753 366 164 28 framställning,

159 400 65 21 hafva
246 400 128 28 Ständerna,
394 400 28 28 på
439 402 43 20 sätt
502 400 23 22 af
543 400 130 22 Ständernas
689 401 144 27 underdåniga
848 407 69 16 svars-

161 434 112 23 skrifvelse
288 441 35 15 om
339 435 26 21 de
383 435 36 21 vid
439 435 69 22 denna
528 435 103 27 landtdag
646 435 80 21 äskade
741 435 74 27 anslag
829 435 40 22 och
884 437 33 20 ut-

161 471 93 26 vägarne
269 469 34 22 till
319 470 61 21 deras
395 469 137 22 bestridande
548 469 100 28 framgår,
663 470 66 21 bland
744 470 26 21 de
785 469 47 22 från
843 470 74 21 bevill-

159 504 148 27 ningsmedlen
323 505 70 20 under
409 504 50 22 åren
476 504 139 22 1889—1891
632 504 105 27 utgående
753 504 74 28 anslag
842 506 75 25 uppta-

159 538 32 27 git
207 540 32 19 ett
253 538 79 28 belopp
347 539 23 21 af
383 539 95 27 200,000
492 539 61 21 mark
566 539 34 21 för
615 539 122 22 änberörda
750 539 105 21 ändamål.

228 573 31 22 På
274 574 69 27 grund
358 573 64 22 häraf
435 573 22 22 få
472 573 120 23 Ständerna
607 573 153 28 underdånigst
774 573 95 22 anhålla:

368 615 35 21 det
418 615 78 21 täcktes
512 614 70 22 Eders
596 614 118 27 Kejserliga
729 614 104 27 Majestät
849 613 25 28 af
886 613 31 27 de,

299 649 64 27 enligt
391 649 150 27 ofvanberörda
568 649 149 26 underdäniga
743 648 174 27 svarsskrifvelse,

300 683 32 21 till
350 683 142 28 Regeringens
512 684 127 26 disposition
660 683 71 21 stälda
747 682 65 22 medel
827 682 44 22 låta
887 682 32 22 till

302 718 283 28 Ständerhusdelegationen,
598 719 32 26 pä
646 718 106 27 anmälan,
767 717 91 22 utbetala
874 724 42 14 om-

301 753 107 27 förmälda
424 753 174 27 tillskottsanslag
614 753 27 27 af
651 753 103 27 200,000
768 751 66 23 mark.

230 792 103 24 Finlands
349 794 93 22 Ständer
456 794 123 21 framhärda
599 796 39 19 etc.

230 834 134 28 Helsingfors
379 834 41 22 den
436 834 28 22 23
480 834 43 28 Maj
540 834 62 22 1888.

305 1454 99 16 Holsingfors,
414 1454 54 13 Finska
477 1444 182 24 Littoratur-sällskapots
667 1451 70 17 tryckeri,
748 1450 38 14 1888.
