1031 1678
228 135 26 21 18

197 197 124 27 ytterligare
339 197 33 20 för
392 197 25 21 de
434 197 114 21 utländska
563 199 192 24 papperssorterna
769 197 84 21 komme
868 197 86 21 kostna-

197 231 41 21 den
253 231 33 21 för
301 231 40 20 tull
357 231 39 20 och
411 231 63 21 frakt.
498 231 49 20 Med
558 231 101 20 afseende
669 231 13 20 å
693 231 95 26 antydda
799 231 153 26 förhållanden,

196 265 155 26 bemyndigade
369 265 196 26 Bankfullmäktige
584 265 40 20 den
640 265 29 20 20
684 265 89 20 Januari
790 265 53 20 1887
860 265 93 20 Bankdi-

195 299 114 20 rektionen
325 300 31 19 att
371 298 46 21 från
433 298 131 21 Tervakoski
579 299 56 20 bruk
651 299 90 20 beställa
755 301 104 24 papperet
869 299 32 20 till
912 299 41 20 den

195 333 110 20 blifvande
324 333 106 25 upplagan
450 332 22 21 af
486 332 40 21 fem
545 333 72 20 marks
633 333 74 20 sedeln
722 333 7 20 i
744 333 94 25 enlighet
853 332 47 20 med
916 332 36 20 det

195 366 23 21 af
231 366 80 21 bruket
325 365 122 21 levererade
461 366 83 26 profvet
560 366 39 21 och
614 366 33 21 till
663 366 152 26 ofvanangifna
829 366 50 27 pris,
895 368 57 18 emot

195 400 23 20 af
231 400 80 20 bruket
326 400 104 20 aflemnad
445 400 91 25 skriftlig
550 400 131 21 förbindelse
692 401 33 20 att
735 400 96 20 anordna
841 405 110 20 noggrann

194 434 95 21 kontroll
312 433 59 21 öfver
394 433 162 26 tillverkningen
579 435 55 19 samt
658 435 33 19 att
714 435 79 19 ersätta
815 433 88 21 Banken
922 433 29 21 all

194 474 76 20 genom
286 467 108 21 missbruk
410 467 23 21 af
446 467 168 27 sedelpapperet,
634 467 23 22 så
674 468 61 26 länge
751 467 118 21 detsamma
884 467 66 21 befin-

193 507 39 15 ner
251 501 32 26 sig
301 501 6 20 i
326 501 89 20 brukets
434 501 65 27 värjo,
515 501 102 21 äsamkad
633 501 76 22 skada.
739 502 108 26 Derjemte
861 502 89 20 berätti-

193 536 66 25 gades
274 535 198 21 Bankdirektionen
492 537 31 19 att
538 535 33 21 för
586 535 54 21 form
656 536 49 20 med
719 536 168 26 vattenstämpel,
904 541 46 15 som

193 569 79 21 bruket
288 569 67 26 åtagit
371 569 32 26 sig
418 569 101 26 anskaffa,
535 569 97 21 utbetala
648 570 43 21 500
706 569 67 21 mark.

262 603 61 21 Efter
339 603 36 20 det
392 603 40 20 100
446 603 83 26 lispund
544 603 24 21 af
580 603 142 21 förenämnda
732 603 140 27 sedelpapper
882 603 67 21 redan

192 637 77 20 hunnit
289 637 110 21 tillverkas
418 637 38 20 och
476 637 67 20 under
560 637 45 21 Juli
624 637 78 21 månad
719 637 54 21 1887
789 637 159 27 proftryckning

192 671 23 20 af
227 671 43 20 fem
286 671 72 20 marks
374 671 72 20 sedeln
462 671 6 20 i
479 671 99 21 Bankens
589 671 153 27 sedeltryckeri
753 671 70 21 blifvit
833 671 114 25 verkstäld,

190 705 75 20 visade
281 705 36 20 det
333 705 31 25 sig
383 704 118 21 emellertid
516 707 32 19 att
563 706 181 26 vattenstämpeln
760 705 13 20 å
787 707 102 24 papperet
904 705 46 21 blef

190 738 109 27 knappast
321 739 102 26 skönjbar
445 739 33 21 till
500 739 52 27 följd
574 739 23 21 af
614 740 37 20 det
669 740 8 19 i
695 739 109 21 sedlarnas
819 739 129 26 midtelparti

191 773 106 25 anbragta
313 773 74 20 mörka
403 773 171 27 koppartrycket.
605 773 50 21 Men
673 774 89 20 emedan
777 774 109 25 papperet,
902 772 46 22 ifall

190 807 106 26 stämpeln
312 807 85 27 gjordes
412 807 107 27 skarpare,
536 808 121 25 derigenom
673 808 69 20 skulle
755 807 124 26 försvagats,
894 810 52 18 utan

190 842 33 19 att
238 841 124 21 densamma
377 841 84 21 komme
477 843 31 19 att
526 842 66 20 blifva
607 842 6 20 i
629 842 102 20 märkbar
747 841 48 21 mån
811 848 57 14 mera
883 841 63 21 fram-

190 875 113 25 trädande,
318 875 118 21 hemstälde
452 876 197 20 Bankdirektionen
662 876 105 21 huruvida
782 876 46 20 icke
843 878 103 24 papperet

189 908 135 21 fortfarande
344 909 71 21 kunde
434 909 21 21 få
470 910 127 26 förfärdigas
613 910 6 20 i
635 910 94 26 enlighet
745 910 49 21 med
809 910 36 20 det
860 910 22 20 af
896 910 50 20 Ter-

189 942 91 22 vakoski
296 942 55 21 bruk
367 943 121 21 levererade
504 944 88 25 profvet,
609 944 56 20 helst
681 944 87 20 Banken
784 944 6 20 i
806 944 72 26 hvarje
894 944 52 20 hän-

189 976 58 21 delse
266 983 51 15 vore
337 977 83 27 skyldig
439 979 79 19 ersätta
536 978 78 20 bruket
629 978 34 20 för
678 978 36 20 det
729 978 124 20 förberörda
867 978 79 26 partiet

189 1010 141 27 sedelpapper
356 1013 56 18 samt
438 1011 121 26 Litografen
586 1011 112 26 Tilgmann
721 1012 100 26 uppgjort
843 1011 103 21 kontrakt

188 1043 49 21 från
260 1044 41 21 den
326 1045 9 20 1
361 1044 124 27 September
508 1045 48 20 med
580 1046 40 20 den
642 1051 78 21 person
744 1051 45 15 som
811 1045 83 21 komme
914 1046 32 20 att

188 1077 82 21 förestå
285 1078 123 27 tryckeriet,
424 1085 47 14 men
485 1079 56 20 tiden
558 1081 38 19 när
607 1080 139 26 tryckningen
758 1080 71 21 kunde
841 1079 103 27 begynna,

187 1111 7 20 i
211 1111 102 21 händelse
328 1114 103 25 papperet
446 1113 64 20 borde
529 1115 98 24 omgöras
646 1114 40 20 och
702 1113 54 21 form
772 1114 32 20 till
820 1120 26 21 ny
861 1115 84 19 vatten-

187 1145 92 26 stämpel
301 1145 127 27 förfärdigas
446 1147 6 20 i
471 1147 102 26 utlandet,
594 1147 84 21 komme
698 1149 33 19 att
745 1147 136 27 framskjutas
897 1147 48 21 med

187 1179 51 20 flere
254 1180 109 21 månader.
394 1181 47 20 Med
462 1181 98 21 afseende
576 1182 12 20 å
604 1182 89 21 anförda
709 1182 180 25 omständigheter
905 1181 39 21 och

187 1213 28 20 då
233 1215 181 25 vattenstämpeln
435 1215 83 20 komme
537 1218 32 18 att
588 1216 106 26 tydligare
709 1216 72 20 kunna
796 1216 98 25 urskiljas
910 1221 35 20 ge-

186 1253 50 15 nom
247 1249 33 19 att
291 1248 71 21 sedeln
374 1249 35 20 vid
419 1249 139 26 tryckningen
569 1250 124 25 placerades
702 1249 27 26 på
737 1252 102 24 papperet
848 1249 96 26 sålunda,

186 1282 32 19 att
238 1283 105 25 stämpeln
362 1282 85 21 komme
466 1285 32 18 att
517 1283 85 21 befinna
621 1284 32 25 sig
669 1284 27 26 på
711 1284 66 25 högra
793 1283 115 21 framsidan
924 1283 23 21 af

185 1315 80 26 sedeln,
289 1316 79 26 ansågo
392 1317 194 26 Bankfullmäktige
609 1318 114 26 anledning
745 1317 47 21 icke
814 1317 131 21 förekomma

185 1348 33 21 till
241 1349 138 21 anskaffande
403 1350 23 21 af
446 1352 46 25 nytt
514 1351 139 27 sedelpapper
676 1352 33 20 för
732 1351 121 21 erhållande
875 1352 24 20 af
918 1358 26 14 en

184 1383 103 27 skarpare
310 1385 169 26 vattenstämpel,
503 1385 87 21 hvarom
613 1386 143 26 Fullmäktige
779 1386 31 20 uti
833 1386 110 21 skrifvelse

183 1416 34 21 för
233 1418 41 20 den
291 1418 28 20 20
333 1418 44 20 Juli
394 1418 54 21 1887
465 1419 152 21 underrättade
632 1419 204 22 Bankdirektionen.
