1031 1678
226 125 27 20 92

194 189 49 22 föra
267 189 40 22 hus
331 189 6 21 i
362 190 67 26 sagde
451 190 27 27 by
498 189 90 22 såframt
607 191 67 20 annat
692 190 50 27 laga
755 189 34 28 jäf
803 190 97 22 deremot
915 190 49 22 icke

196 225 76 20 mötte.

267 258 34 21 Då
317 258 140 22 Guvernören
473 258 60 22 öfver
550 259 26 21 N.
592 259 36 21 län
645 259 92 21 sälunda
752 265 77 20 genom
846 259 63 22 ofvan
924 259 38 21 be-

196 293 66 21 rörda
277 293 120 21 resolution
413 293 22 21 af
449 293 41 21 den
506 295 26 20 25
548 293 52 22 Juni
618 295 54 20 1883
689 293 33 22 för
736 293 26 21 Y.
778 293 27 28 by
819 293 22 22 af
852 293 27 22 U.
889 293 73 27 kapell

195 327 100 21 faststält
310 333 86 15 normer
411 328 92 20 rörande
518 327 141 22 lösdrifvares
675 327 138 27 behandling,
825 328 71 21 hvilka
907 328 6 20 i
924 327 37 21 nä-

197 367 42 21 gon
256 367 49 15 mon
321 361 77 22 afveko
419 361 47 22 frän
481 362 57 21 hvad
558 362 6 20 i
582 362 60 21 detta
658 364 63 19 ämne
737 368 38 15 var
791 368 75 20 genom
883 362 80 20 allmän

196 396 37 26 lag
248 395 144 25 föreskrifvet,
407 398 56 19 samt
478 396 6 21 i
500 396 148 21 resolutionen
664 396 23 21 af
701 396 42 21 den
760 398 25 19 19
801 396 89 21 Januari
908 398 53 19 1884

197 429 106 22 förklarat
323 429 232 28 byastämmobeslutet
573 429 23 22 af
614 430 40 21 den
673 432 24 19 17
715 430 58 21 Mars
792 432 53 19 1883
862 429 98 26 sälunda,

197 466 34 19 att
253 464 50 22 med
323 464 33 21 lös
379 471 79 20 person
478 464 85 28 afsäges
580 465 42 21 alla
642 465 123 25 obesuttne,
783 471 76 20 genom
875 464 89 21 hvilken:

198 499 99 26 tolkning
311 499 95 22 nämnda
422 499 72 21 beslut
505 499 69 21 blifvit
584 499 123 27 uppenbart
718 499 112 21 stridande
841 501 45 19 mot
894 499 67 26 nägra

198 533 22 21 af
244 533 27 22 de
291 533 116 27 vigtigaste
431 533 141 27 grundsatser
596 534 6 20 i
626 533 61 27 fräga
709 539 35 16 om
764 533 141 22 hemortsrätt
921 533 40 21 och

198 567 101 28 flyttning
314 567 47 22 frän
382 569 34 20 ort
432 568 32 21 till
481 574 68 21 annan
566 568 58 21 inom
639 568 81 25 landet,
738 573 46 16 som
800 568 69 21 under
885 574 81 15 senare

198 603 31 20 tid
245 603 58 26 gjort
317 603 34 24 sig
362 603 6 20 i
379 602 160 27 lagstiftningen
552 603 107 26 gällande,
672 602 39 22 och
722 603 104 20 särskildt
835 604 57 20 emot
903 602 59 21 stad-

199 637 81 26 gandet
294 637 7 20 i
317 637 13 26 $
346 638 27 19 24
390 637 22 20 af
426 637 78 26 nådiga
519 636 154 27 förordningen
689 637 42 21 den
749 638 26 20 17
788 637 57 21 Mars
859 638 54 19 1879
925 643 37 14 an-

198 671 85 26 gäende
299 671 109 21 allmänna
423 671 150 26 fattigvärden,
586 671 121 21 anmodade
719 671 168 25 Prokuratorn,
876 666 13 35 i
899 670 63 22 skrif-

198 705 59 21 velse
273 705 23 21 af
310 705 41 21 den
370 707 24 19 19
410 705 50 21 Juni
479 706 60 25 1885,
556 704 193 22 Advokatfiskalen
764 705 7 21 i
786 705 26 21 X.
828 704 88 22 Hofrätt
930 706 32 20 att

199 742 58 20 emot
273 740 41 21 den
331 740 52 21 eller
402 740 26 21 de
448 740 92 21 embets-
560 740 52 20 eller
629 740 131 26 tjenstemän
775 740 35 21 vid
826 739 137 27 Länestyrel-

199 781 38 15 sen
253 774 6 21 i
275 774 33 26 N.,
325 780 46 16 som
385 774 67 27 jemte
468 774 88 21 dämera
574 774 77 21 aflidne
669 774 141 22 Guvernören
826 774 23 21 T.
865 774 98 22 medver-

199 809 39 21 kat
253 809 33 21 till
303 809 26 21 de
345 809 69 26 begge
432 808 92 27 olagliga
538 808 180 27 resolutionerna,
735 808 71 22 utföra
821 808 49 28 laga
884 809 50 21 ätal.

270 844 50 20 Med
336 844 140 26 upprepande
492 842 22 22 af
528 842 62 22 ofvan
605 842 130 22 frambhällna
745 843 48 21 skäl
803 844 81 26 yrkade
895 844 68 26 derpä

200 877 273 22 Advokatfiskalsembetet
490 878 32 20 uti
543 880 32 19 ett
594 878 41 20 den
651 879 26 19 25
695 877 44 21 Juli
757 879 54 19 1885
827 878 33 21 till
876 878 86 26 Kejser-

200 913 42 27 lige
258 912 115 22 Hofrätten
389 912 88 26 ingifvet
497 912 202 25 embetsmemorial,
716 913 53 20 enär
785 912 139 21 Guvernören
940 912 23 21 T.

201 947 74 26 aflidit,
297 949 32 19 att
349 946 223 22 Landssekreteraren
588 947 7 21 i
610 947 26 21 N.
652 947 36 21 län
709 946 34 26 H.,
761 952 46 16 som
822 946 94 27 bidragit
931 946 33 22 till

201 982 26 21 de
243 982 71 26 begge
330 981 146 26 förenämnda,
492 981 92 27 olagliga
599 981 180 25 resolutionerna,
797 981 68 21 mätte
880 981 33 21 för
928 981 36 21 sä-

199 1016 68 21 lunda
281 1016 111 26 begänget
406 1015 28 21 fel
450 1015 7 21 i
474 1015 106 22 embetets
596 1015 99 27 utöfning
710 1015 63 21 fällas
791 1015 32 21 till
839 1021 77 15 ansvar
928 1022 37 15 en-

199 1051 40 26 ligt
257 1051 26 20 12
299 1051 13 25 &
329 1051 9 20 1
355 1050 49 26 kap.
420 1050 26 21 R.
466 1049 23 22 B.

271 1084 68 21 Mälet
358 1083 108 28 afgjordes
487 1083 23 22 af
522 1084 121 27 Kejserlige
660 1083 116 22 Hofrätten
791 1090 77 21 genom
884 1084 79 27 utslag,

200 1125 46 16 som
263 1119 42 21 den
322 1121 11 18 8
350 1119 121 21 December
483 1120 53 19 1885
546 1118 56 21 efter
612 1118 78 27 anslag
701 1118 82 27 utgafs;
801 1118 38 21 och
851 1117 50 22 fann
913 1119 51 26 Kej-

201 1154 79 26 serlige
295 1153 116 22 Hofrätten
430 1153 55 21 hvad
502 1153 12 20 å
530 1152 284 22 Advokatfiskalsembetets
830 1154 81 25 vägnar
927 1159 37 14 an-

200 1188 84 21 märkts
300 1189 78 20 stanna
393 1187 223 22 Landssekreteraren
632 1187 35 26 H.,
684 1193 46 15 som
745 1187 7 20 i
768 1187 108 21 fattandet
891 1186 23 22 af
922 1186 44 22 för-

200 1223 95 21 berörda
309 1222 145 21 resolutioner
470 1221 22 22 af
506 1221 40 22 den
562 1223 27 20 25
605 1221 52 22 Juni
669 1223 55 20 1883
734 1221 40 21 och
786 1221 40 22 den
840 1223 24 20 19
875 1221 91 22 Januari

202 1259 55 19 1884
280 1256 97 27 deltagit,
395 1256 32 21 till
445 1256 43 21 last
503 1255 72 22 säsom
591 1255 111 28 tjenstefel
719 1257 56 20 samt
790 1255 102 28 pröfvade
908 1255 56 27 förty

200 1291 95 26 rättvist,
311 1290 49 21 med
377 1290 49 21 stöd
444 1290 22 21 af
481 1291 25 20 12
522 1290 11 25 $
552 1292 8 19 1
578 1290 50 27 kap.
643 1290 27 21 R.
687 1290 33 25 B.,
737 1290 64 21 döma
817 1290 147 21 Landssekre-

201 1327 86 19 teraren
303 1325 26 20 H.
346 1326 34 19 att
396 1324 74 21 derför
485 1325 51 20 böta
551 1325 28 19 40
596 1324 60 21 daler
672 1324 50 21 med
739 1325 26 19 76
781 1325 61 20 mark
855 1326 27 19 80
892 1325 73 26 penni,

201 1359 32 21 till
249 1361 72 19 utsatt
335 1358 128 27 fördelning.

270 1390 97 29 Ändring
383 1393 7 21 i
406 1392 61 22 detta
482 1392 70 27 utslag
569 1392 75 22 söktes
661 1392 23 22 af
697 1392 225 23 Landssekreteraren
937 1392 30 22 H.

201 1428 94 21 medelst
311 1427 147 27 underdäniga
473 1428 87 26 besvär;
576 1433 48 15 men
638 1427 36 21 vid
685 1427 118 22 besvärens
814 1427 154 27 föredragning
