1031 1678
59 1019 125 17 Revisionerna

69 1042 7 16 i
92 1042 79 17 Banken.

227 140 28 20 30

197 201 102 21 framtida
321 201 50 21 kraf
390 201 34 20 för
445 201 54 20 hans
522 199 136 22 återstående
676 200 50 26 gäld
742 200 31 20 till
788 200 95 25 Banken,
899 201 55 19 samt

198 234 156 26 Fullmäktiges
375 234 40 21 den
432 234 26 20 13
473 233 45 20 Juli
534 233 54 21 1887
604 233 127 20 meddelade
746 233 144 21 förordnande
905 233 49 20 med

198 268 115 26 anledning
331 268 23 21 af
371 267 167 27 ifrågakommen
558 267 75 26 åtgärd
647 267 34 20 för
696 267 127 26 afbrytande
839 267 22 20 af
874 267 29 20 tio
920 266 34 21 års

198 302 189 26 preskriptionstid
410 301 129 21 beträffande
561 301 100 20 Bankens
684 301 121 26 fordringar
823 301 38 20 hos
877 307 26 14 en
918 307 36 14 en-

199 335 62 26 skild,
277 336 33 20 till
324 335 99 21 utlandet
438 335 85 21 afviken
538 335 108 25 gäldenär.

268 369 73 21 Under
369 370 39 20 den
432 369 28 21 20
482 369 89 21 Januari
594 369 55 21 1887
673 368 64 21 hafva
758 368 196 26 Bankfullmäktige

198 404 79 20 bifallit
296 403 32 20 till
345 403 152 26 försäljningen
516 402 22 21 af
552 403 40 20 den
608 403 33 20 för
656 402 100 21 Bankens
771 402 86 21 fordran
872 402 81 21 inteck-

199 438 62 25 nade,
277 437 97 21 Konsuln
390 437 24 20 O.
427 437 22 20 E.
462 437 86 26 Inbergs
564 437 39 20 och
618 435 166 22 handelsfirman
801 436 88 21 Charles
900 436 53 21 Her-

198 471 82 20 lofsons
295 471 167 20 konkursmassa
477 471 107 25 tillhöriga
598 470 81 26 gården
695 470 40 21 N:o
751 470 27 21 68
793 471 7 20 i
815 470 67 21 första
893 477 59 20 qvar-

198 507 56 19 teret
269 505 7 20 i
291 505 115 25 Uleåborg.

268 539 68 20 Sedan
360 538 194 26 Bankfullmäktige
578 538 40 21 den
635 539 10 19 1
667 537 42 28 Maj
738 538 93 21 bestämt
855 539 37 20 det
917 538 36 21 be-

198 573 56 26 lopp,
278 573 32 20 till
332 573 82 20 hvilket
436 573 70 20 anbud
530 572 12 21 å
563 571 147 22 Handlanden
733 572 92 21 William
848 573 106 20 Antmans

197 607 169 21 konkursmassa
388 606 113 27 tillhöriga,
524 606 33 21 för
575 606 100 20 Bankens
691 605 120 27 fordringar
826 606 128 21 intecknade

197 641 82 26 gården
297 641 40 21 N:o
357 641 13 20 6
386 641 7 20 i
412 641 61 20 19:de
492 641 106 25 qvarteret
613 640 23 21 af
649 639 120 27 Uleåborgs
785 640 47 20 stad
847 639 56 26 finge
918 640 35 20 vid

197 674 94 21 skeende
313 674 94 26 offentlig
430 674 87 21 auktion
540 674 32 20 för
594 674 101 20 Bankens
718 674 90 26 räkning
826 676 69 24 göras,
914 674 39 20 har

197 708 90 21 Banken
302 708 35 20 vid
352 708 92 20 nämnda
460 708 94 24 auktion,
570 714 44 14 som
630 708 115 26 försiggick
761 708 41 20 den
817 708 27 21 25
854 708 7 20 i
872 714 80 14 samma

198 742 84 26 månad,
298 743 86 20 stannat
398 742 34 21 för
447 742 76 26 högsta
538 742 94 20 anbudet
647 742 49 20 med
713 742 91 26 102,700
814 742 66 26 mark,
891 742 62 20 hvar-

197 776 85 26 igenom
300 776 163 26 ifrågavarande
481 776 58 26 gård,
559 776 45 20 deri
620 776 79 26 jemväl
719 775 99 21 Bankens
833 776 77 20 kontor
925 775 27 27 på

197 810 84 26 platsen
301 812 23 18 är
339 810 99 27 inrymdt,
455 810 105 26 öfvergått
574 810 7 20 i
596 810 99 20 Bankens
711 815 46 20 ego.
788 809 49 21 Med
853 809 100 21 afseende

198 844 13 20 å
229 844 26 20 de
275 844 49 26 låga
342 844 50 26 pris,
408 844 124 26 fastigheter
550 843 13 21 å
582 845 62 19 orten
667 844 33 20 för
719 844 132 20 närvarande
866 843 87 26 betinga

197 878 38 26 sig,
251 878 40 21 har
313 878 71 26 någon
407 878 171 26 återförsäljning
600 878 24 20 af
645 878 93 20 nämnda
759 877 53 26 gård
831 879 56 19 ännu
905 877 49 21 icke

197 912 84 21 kunnat
295 912 159 26 ifrågakomma.

546 974 11 27 $
574 974 33 21 10.

267 1014 32 21 De
318 1014 7 20 i
343 1013 100 27 gällande
458 1014 129 26 reglemente
602 1013 33 21 för
650 1013 102 21 Finlands
767 1013 61 21 Bank
843 1012 111 27 påbjudna

197 1048 117 21 revisioner
331 1047 65 22 hafva
415 1047 13 21 å
446 1047 126 21 föreskrifna
586 1047 56 22 tider
656 1048 112 21 förrättats
785 1047 22 21 af
821 1047 131 21 Ständernas

197 1082 167 21 Bankrevisorer
376 1082 52 20 eller
438 1081 160 22 vederbörande
614 1082 143 26 suppleanter,
773 1081 72 20 hvilka
860 1081 92 23 derefter

197 1116 33 20 till
245 1116 195 25 Bankfullmäktige
456 1116 100 20 aflemnat
571 1116 127 21 berättelser
717 1115 58 21 öfver
790 1115 61 21 dessa
865 1115 87 20 förrätt-

197 1151 77 25 ningar
297 1150 39 21 och
352 1150 25 21 de
394 1150 73 21 dervid
486 1149 61 21 förda
562 1150 114 26 protokoll.
707 1149 72 27 Några
794 1149 105 26 egentliga
915 1155 37 14 an-

197 1185 137 26 märkningar
349 1186 45 19 mot
408 1184 155 26 förvaltningen
578 1184 64 21 hafva
657 1184 23 21 af
689 1184 133 21 revisorerna
831 1183 47 21 icke
888 1183 64 20 fram-

197 1219 63 20 stälts
282 1224 48 15 men
351 1219 35 20 väl
409 1217 67 27 några
498 1218 118 26 erinringar
639 1218 40 21 och
699 1217 165 27 önskningsmål,
879 1217 73 20 hvilka

196 1251 71 22 blifvit
283 1252 140 21 Direktionen
438 1251 99 27 delgifna.
560 1252 10 20 I
584 1252 93 26 enlighet
688 1252 48 20 med
747 1251 205 21 Bankrevisorernes

197 1286 122 27 tillstyrkan
335 1286 39 20 och
389 1286 7 20 i
412 1286 48 20 stöd
475 1285 23 22 af
512 1286 11 26 $
540 1286 39 21 117
595 1286 7 20 i
617 1286 204 25 bankreglementet,
832 1285 62 21 hafva
905 1285 47 20 der-

197 1320 54 21 efter
266 1320 196 26 Bankfullmäktige
477 1319 27 27 pä
519 1320 102 21 Finlands
638 1319 102 22 Ständers
756 1321 79 24 vägnar
845 1319 107 21 meddelat

197 1354 196 21 Bankdirektionen
417 1354 104 26 decharge
542 1354 33 20 för
597 1353 24 21 är
645 1354 56 20 1884
724 1353 40 21 den
784 1353 25 21 11
830 1352 42 27 Maj
890 1352 62 25 1885,

196 1388 33 20 för
249 1388 56 22 1885
323 1388 42 20 den
383 1388 28 20 22
430 1388 60 26 April
509 1388 54 20 1886
579 1387 39 21 och
634 1387 33 21 för
683 1387 24 21 är
723 1387 55 21 1886
793 1387 41 20 den
851 1386 26 21 18
892 1386 64 26 April

198 1422 63 20 1887.
