1031 1678
56 1051 16 20 e)
91 1050 29 18 vid
144 1051 45 17 kon-

68 1075 50 16 toret
134 1074 6 16 i
158 1074 24 17 St.

68 1096 120 23 Petersburg.

228 139 28 20 32

268 201 35 20 vid
326 200 102 21 kontoret
450 201 6 21 i
480 201 30 21 St.
530 201 77 21 Michel
626 202 41 21 den
685 202 57 21 4—5
758 202 90 26 Augusti
864 202 54 21 1887
934 201 23 21 af

199 234 186 21 Bankdirektören
401 235 108 26 Eneberg;

269 269 35 20 vid
319 268 101 21 kontoret
435 269 7 20 i
457 269 83 26 Kuopio
562 269 40 21 den
618 270 70 21 9—12
705 269 58 21 Mars
779 269 54 22 1885
850 269 23 22 af
886 269 69 21 Bank-

200 303 123 20 direktören
343 303 146 26 Charpentier,
509 303 40 20 den
565 303 27 21 28
608 303 95 21 Juni—2
718 304 46 21 Juli
780 303 54 21 1886
850 303 23 21 af
887 303 68 20 Bank-

201 336 122 21 direktören
347 337 97 25 Eneberg
466 337 40 21 och
528 337 40 20 den
587 337 57 21 5—8
663 337 91 26 Augusti
771 337 53 21 1887
841 337 22 21 af
876 337 78 20 under-

200 370 94 20 tecknad
311 370 122 27 Stjernvall;

269 404 36 20 vid
320 404 101 21 kontoret
435 405 7 20 i
457 404 95 21 Joensuu
568 404 39 21 den
626 405 25 20 14
667 405 39 20 —16
720 405 57 20 Mars
788 405 55 20 1885
854 405 23 20 af
885 404 71 21 Bank-

201 437 123 21 direktören
347 437 140 27 Charpentier
509 439 39 20 och
572 439 40 20 den
632 439 55 20 6—7
707 439 45 20 Juli
772 439 54 20 1886
845 439 23 20 af
886 439 69 20 Bank-

201 471 123 21 direktören
340 472 108 25 Eneberg;

269 505 36 20 vid
323 505 101 21 kontoret
442 506 7 20 i
468 506 134 21 Nikolaistad
618 506 41 21 den
676 507 11 20 7
705 506 51 21 Juni
773 507 53 20 1886
843 507 22 20 af
877 507 78 20 under-

201 539 92 20 tecknad
308 539 98 21 Lindelöf
420 540 39 21 och
476 540 182 21 Bankdirektören
675 540 141 26 Charpentier
826 542 130 24 gemensamt

201 573 39 20 och
256 573 40 20 den
314 573 83 21 15—18
413 574 90 25 Augusti
519 574 53 20 1887
590 574 22 20 af
620 574 163 21 undertecknad
793 573 107 25 Lindelöf;
916 574 40 21 och

270 607 35 20 vid
324 607 100 21 kontoret
442 607 7 20 i
468 607 107 26 Uleäborg
595 608 39 20 den
655 609 68 20 9—11
743 608 51 21 Juni
813 608 54 21 1886
882 608 23 20 af
918 614 38 14 un-

201 641 130 20 dertecknad
357 641 100 21 Lindelöf
482 642 38 20 och
546 641 186 22 Bankdirektören
759 642 140 26 Charpentier
920 648 36 20 ge-

201 675 111 20 mensamt.

270 708 34 20 Dä
327 708 136 22 förenämnde
486 709 152 26 inspektioner,
661 710 60 20 öfver
740 710 72 20 hvilka
830 710 126 20 berättelser

202 742 45 20 dels
263 742 33 20 till
311 742 193 27 Bankfullmäktige
520 742 111 22 aflemnats
647 743 39 21 och
703 743 107 26 delgifvits
825 743 129 21 Bankdirek-

201 776 80 25 tionen,
305 776 44 20 dels
372 776 24 21 af
416 776 139 22 Direktionen
572 777 6 20 i
594 776 85 22 afskrift
695 777 96 20 tillstälts
807 776 148 26 Fullmäktige,

201 809 62 26 gifvit
285 810 113 26 anledning
420 810 33 21 till
475 810 171 26 anmärkningar,
674 810 63 21 hafva
762 810 194 26 Bankfullmäktige

203 843 101 21 anmodat
322 844 194 21 Bankdirektionen
535 846 31 19 att
582 844 86 26 vidtaga
684 844 62 21 deraf
759 844 112 26 päkallade
885 844 71 26 ätgär-

203 877 42 20 der.
269 877 81 21 Härvid
365 878 61 20 torde
442 878 99 21 särskildt
556 878 22 20 fä
592 878 124 21 framhällas
732 878 26 20 de
774 878 182 26 öfverläggningar

202 911 40 21 och
257 912 78 26 beslut,
351 918 45 14 som
412 914 104 25 upptagas
530 913 7 19 i
552 912 130 27 protokollet
692 912 33 21 för
735 918 156 20 gemensamma
902 918 54 14 sam-

203 946 122 20 manträdet
346 946 48 20 med
417 946 194 21 Bankdirektionen
630 946 41 20 den
692 946 11 20 1
725 946 59 26 April
804 946 59 25 1885,
879 946 77 20 samt
942 942 19 35 i

202 979 135 26 protokollen
357 980 39 20 och
416 980 148 20 skrifvelserna
579 980 33 20 till
627 980 198 20 Bankdirektionen
839 980 33 20 för
886 980 42 20 den
943 980 13 21 9

202 1013 93 26 Augusti
311 1013 61 26 1886,
388 1013 40 21 den
444 1014 27 21 26
486 1013 104 22 Februari
606 1013 40 22 och
662 1014 11 20 1
690 1013 97 21 Oktober
803 1013 62 21 1887.

272 1047 21 26 e)
308 1047 188 26 Inventeringarne
518 1047 35 20 vid
576 1047 100 21 Bankens
698 1047 78 21 kontor
796 1047 7 20 i
823 1047 29 20 St.
873 1047 83 21 Peters-

202 1080 54 27 burg
275 1081 69 25 hafva,
364 1081 7 20 i
390 1081 94 26 enlighet
498 1081 47 21 med
561 1081 119 26 Kejserliga
695 1081 104 20 Senatens
813 1081 143 20 förordnande

202 1114 23 21 af
242 1115 41 20 den
302 1115 14 20 4
335 1115 59 26 April
414 1115 60 26 1882,
493 1115 69 21 blifvit
577 1115 123 20 verkstälda
715 1115 22 20 af
751 1115 130 20 Ledamoten
896 1115 7 20 i
918 1115 38 20 ko-

201 1148 66 21 miten
293 1148 33 21 för
351 1148 69 21 finska
446 1149 106 20 ärendena
578 1148 166 21 Geheimerädet
768 1155 42 14 von
832 1148 123 26 Haartman,

201 1182 114 20 hvarutom
340 1182 184 21 Bankdirektören
550 1183 141 26 Charpentier
718 1183 41 20 den
785 1182 12 21 8
821 1182 57 21 Mars
901 1182 54 21 1886

201 1216 120 21 inventerat
336 1216 110 21 kontorets
462 1217 62 20 kassa
540 1218 56 19 samt
610 1216 97 26 delgifvit
721 1216 194 26 Bankfullmäktige
930 1222 26 14 en

201 1250 86 21 afskrift
302 1250 23 21 af
338 1250 151 21 instrumentet
504 1251 58 20 öfver
578 1251 92 20 berörda
685 1250 140 26 inventering.

270 1283 75 21 Ehuru
367 1284 117 21 kontorens
506 1284 129 26 förvaltning
658 1284 67 20 under
747 1290 30 14 nu
794 1283 162 26 ifrägavarande

201 1317 74 26 period
291 1317 90 27 fortgätt
397 1319 51 19 utan
464 1318 65 26 nägra
544 1318 107 26 egentliga
667 1318 115 25 störingar,
797 1317 123 22 föranledda
935 1317 23 21 af

201 1351 118 21 kontorens
334 1352 133 25 tjenstemän,
484 1352 38 20 har
537 1354 31 18 ett
583 1352 112 25 undantag
709 1352 130 20 härutinnan
853 1351 55 21 dock
921 1353 35 24 egt

200 1391 47 14 rum
263 1385 132 21 beträffande
411 1385 99 21 kontoret
525 1386 6 20 i
548 1385 30 21 St.
594 1385 132 26 Petersburg
741 1386 55 20 samt
809 1384 60 26 gifvit
883 1385 73 21 anled-

200 1418 51 26 ning
270 1419 33 20 till
321 1419 106 26 ätgärder,
447 1425 44 15 som
510 1419 136 21 omförmälas
664 1419 7 21 i
686 1418 206 26 Bankfullmäktiges
907 1425 49 20 pro-

200 1452 69 21 tokoll
289 1453 39 20 och
346 1452 49 21 bref
411 1453 32 20 till
461 1453 196 21 Bankdirektionen
677 1452 34 21 för
729 1453 42 20 den
789 1453 14 21 5
821 1453 57 21 Mars
894 1452 61 21 1887.
