1031 1678
762 141 27 20 97

128 205 59 22 Ense
208 206 50 21 med
277 205 43 22 min
341 205 136 22 företrädare
500 211 34 15 om
551 205 37 22 det
603 206 80 27 ytterst
697 205 126 27 betänkliga

57 239 35 22 uti
108 240 206 27 dispensationerna,
331 240 75 21 såvida
422 240 27 21 de
464 239 134 22 förekomma
613 239 6 22 i
635 239 25 22 så
675 241 47 20 stor
736 240 86 27 mängd,

60 276 34 19 att
108 275 63 21 deras
187 275 104 21 karaktär
307 274 22 21 af
343 274 112 27 undantag
475 274 125 27 derigenom
615 274 39 27 går
669 273 99 27 förlorad,
784 275 40 21 har

58 309 39 27 jag
119 310 73 21 ansett
214 311 85 19 ämnets
315 309 46 26 vigt
380 308 79 26 fordra,
481 309 33 20 att
530 315 77 20 genom
623 309 164 26 uppsamlandet
803 309 22 22 af

59 342 104 22 fortsatta
178 342 141 28 iakttagelser
334 342 54 22 söka
404 342 128 27 ytterligare
547 342 75 28 belysa
636 342 83 27 trägan.

131 377 34 22 De
179 378 31 20 uti
226 377 133 22 berättelsen
374 376 34 22 till
424 378 56 20 1885
497 377 35 21 års
549 376 104 27 landtdag
667 377 7 21 i
685 379 72 20 ämnet
764 377 61 22 med-

59 411 81 22 «delade
160 411 196 28 sifferuppgifterna
376 411 92 21 omfatta
484 411 172 27 tioårsperioden
676 413 149 21 1874—1883.

61 445 107 29 Följande
183 446 113 21 enahanda
314 445 156 28 uppställning,
492 451 46 16 som
559 445 74 22 dervid
649 446 118 27 iakttagits,
785 446 40 22 och

63 481 50 21 med
133 481 94 26 benäget
247 480 84 21 biträde
350 479 22 22 af
387 486 83 15 samma
485 479 155 28 myndigheter,
657 480 72 22 hvilka
745 481 81 21 lemnat

62 515 125 22 materialet
201 515 33 21 till
250 515 26 20 de
291 514 132 27 föregående
439 514 145 27 uppgifterna,
601 517 23 18 är
636 515 39 27 jag
685 521 29 15 nui
743 515 83 21 tillfälle

62 552 36 19 att
117 549 99 22 meddela
236 549 129 27 upplysning
385 555 36 15 om
441 549 57 21 huru
513 549 163 27 ifrågavarande
691 549 135 22 förhållande

62 584 108 27 gestaltat
185 584 35 26 sig
231 583 71 30 under
317 583 26 22 de
360 585 96 20 närmast
471 583 96 28 följande
577 585 33 20 tre
622 584 51 21 åren
685 585 140 20 1884—1886

66 619 52 21 eller
140 618 27 21 de
190 617 29 26 är,
241 618 70 21 denna
331 617 43 22 min
394 617 120 22 berättelse
534 617 63 22 äfven
613 618 7 21 i
639 618 64 27 öfrigt
719 618 107 22 omfattar.

64 653 85 26 (Bilaga
163 653 26 20 A.
204 651 19 22 &
237 652 34 26 B.)

135 687 42 21 Vid
197 693 26 15 en
242 686 121 27 jemförelse
383 686 79 22 mellan
482 686 26 22 de
524 686 92 26 tidigare
631 687 126 22 meddelade
773 693 54 21 upp-

66 721 93 27 gifterna
174 720 33 23 för
223 721 51 21 ären
291 723 141 19 1874—1883
450 721 41 21 och
507 721 27 21 de
550 720 22 22 af
584 721 44 27 mig
642 728 29 14 nu
687 722 97 21 lemnade
794 722 34 21 för

64 756 177 27 treärsperioden
259 757 141 19 1884—1886
420 755 96 27 framgår
530 756 7 20 i
553 756 41 20 alla
610 755 166 28 hufvudsakliga
792 756 37 21 de-

65 790 35 22 lar
116 790 25 21 sä
155 790 107 22 likartade
277 790 100 26 resultat,
394 792 33 19 att
443 790 27 21 de
486 790 83 21 mindre
584 790 120 27 afvikelser,
716 797 45 15 som
773 790 56 22 före-

68 825 93 26 komma,
178 831 87 15 snarare
276 831 64 21 synas
351 831 52 15 vara
414 824 117 27 betingade
543 824 22 22 af
575 824 41 22 den
627 825 133 27 väsentligen
771 825 58 21 olika

67 859 118 27 tidslängd,
196 859 105 21 hvardera
312 864 97 22 gruppen
424 859 22 21 af
456 859 109 27 uppgifter
576 859 107 25 omfattar,
695 862 27 18 än
733 860 22 20 af
763 860 67 26 nägra

68 894 130 22 förändrade
209 894 147 21 förhällanden
367 894 7 21 i
385 894 71 26 öfrigt.
474 894 96 21 Sälunda
578 894 177 26 vidhandengifva
765 894 66 21 Dom-

69 928 108 27 kapitlens
186 928 108 27 uppgifter
302 928 60 21 såväl
370 928 34 21 för
412 928 51 21 åren
475 930 141 19 1874—1883
626 934 46 16 som
683 930 147 24 1884—1886,

67 965 37 19 att
120 963 57 26 (med
193 963 137 21 uteslutande
347 962 22 22 af
383 962 27 22 de
426 962 44 26 fall,
483 963 28 21 dä
522 963 120 27 äktenskap
654 962 114 22 förklarats
779 963 54 21 böra

72 998 85 26 ätergä)
173 998 68 20 under
255 997 107 21 hvardera
378 997 23 21 af
415 998 95 20 nämnda
526 997 143 27 tidsperioder
679 997 112 27 skiljobref
801 1000 32 18 ut-

70 1032 83 21 färdats
171 1031 22 21 ät
207 1033 28 20 48
251 1031 62 27 vigda
328 1038 39 20 par
382 1031 7 21 i
405 1031 103 22 medeltal
524 1031 32 21 för
572 1031 30 26 är,
619 1031 83 22 hvilkas
713 1031 120 28 äktenskap

72 1072 79 21 genom
169 1066 104 21 domstols
293 1066 73 27 utslag
385 1065 111 28 upphäfts,
518 1067 56 20 samt
590 1065 22 22 ät
630 1068 9 19 1
656 1072 39 21 par
710 1066 6 21 i
732 1066 103 21 medeltal

72 1100 34 21 för
124 1100 31 26 är,
175 1100 64 21 hvars
259 1100 268 27 äktenskapsförbindelse
546 1100 47 21 icke
614 1100 127 21 fullbordats
757 1107 78 20 genom

70 1134 78 27 vigsel.
179 1135 96 20 Emellan
295 1135 153 26 Domkapitlen
469 1134 84 21 fördela
572 1134 33 27 sig
623 1134 72 27 fallen,
711 1134 124 22 äfvenledes

74 1169 121 22 beräknadt
210 1169 7 21 i
232 1169 102 22 medeltal
349 1169 33 21 för
399 1169 29 26 år,
445 1169 29 26 på
490 1169 78 21 sådant
583 1171 51 25 sätt,
651 1171 32 19 att
699 1169 68 21 under
782 1169 54 22 tids-

71 1203 107 28 perioden
195 1205 140 20 1874—1883
353 1205 26 20 28
396 1203 115 27 skiljobref
525 1209 34 15 om
576 1203 47 22 året
638 1203 96 27 utgifvits
751 1203 24 21 af
782 1198 54 32 Åbo,

76 1240 27 19 12
124 1237 22 22 af
159 1237 72 28 Borgå
247 1238 40 21 och
308 1240 11 19 9
337 1237 22 22 af
375 1238 86 27 Kuopio
477 1237 139 28 Domkapitel
631 1239 57 20 samt
703 1237 68 22 under
786 1238 51 21 åren

76 1274 143 20 1884—1886
235 1274 26 19 27
273 1272 22 21 af
304 1267 53 32 Åbo,
372 1274 25 19 13
409 1272 23 21 af
440 1272 74 27 Borgå
525 1272 39 21 och
576 1274 12 19 9
600 1271 22 22 af
629 1272 84 28 Kuopio
721 1272 118 28 Domkapi-

75 1307 37 21 tel.
128 1306 29 21 Af
170 1306 140 22 förenämnda
325 1309 27 18 48
364 1307 122 26 äktenskap
498 1313 52 15 voro
559 1307 68 21 under
636 1307 51 20 åren
697 1308 140 21 1874—1883

78 1343 26 19 14
124 1341 41 21 och
183 1341 69 21 under
267 1341 51 21 åren
341 1342 142 20 1884--1886
501 1342 27 20 20
545 1341 88 25 sådana,
649 1341 7 20 i
672 1341 71 21 hvilka
758 1341 81 27 begån-

77 1377 37 25 get
129 1375 40 21 hor
184 1375 100 27 utgjorde
299 1375 203 27 skilnadsorsaken,
521 1375 74 21 dervid
607 1375 69 21 under
685 1375 40 21 den
735 1374 58 23 förra
803 1382 38 20 pe-

76 1410 76 22 rioden
167 1410 7 21 i
189 1412 27 19 29
232 1412 90 25 procent
337 1410 23 22 af
373 1410 66 22 fallen
454 1416 94 16 mannen
566 1411 40 21 och
625 1410 7 21 i
649 1412 24 19 71
686 1412 90 25 procent
789 1411 52 21 hus-

75 1447 51 19 trun
141 1444 116 22 förklarats
273 1444 86 28 skyldig
374 1444 33 22 till
423 1444 81 22 sådant
518 1445 60 21 brott
594 1446 57 20 samt
667 1444 68 22 under
750 1445 41 22 den
808 1452 34 16 se-

761 1486 10 16 7
