1031 1678
83 376 33 17 Att

48 410 127 22 uppförandet

145 376 126 18 kostnaderna
295 376 29 18 för

202 410 20 17 af

48 445 108 22 byggnader
165 445 92 22 betydligt
265 445 59 17 öfver-

249 411 75 17 kasern-

49 479 53 22 stigit
122 479 22 16 de
163 478 107 18 beräknade
290 479 34 17 och

48 513 29 17 för

48 547 98 23 beloppen,
160 548 5 17 i
177 548 31 17 det
217 548 30 17 vid
259 549 63 16 1877—

49 583 21 16 78
84 581 29 18 års
125 582 90 22 landtdag
224 582 101 17 beräknats

48 616 30 18 för

49 651 11 17 a
72 652 75 20 700,000
165 651 52 18 mark
229 651 29 17 för
271 651 54 17 hvar-

47 685 20 22 je
86 685 93 22 komplex,
201 686 124 17 tillsammans

49 720 92 20 5,600,000
154 720 58 17 mark.
235 722 48 15 samt
295 720 30 17 vid

51 754 43 17 1882
113 754 30 18 års
159 754 89 22 landtdag
261 754 29 18 för
303 754 32 18 de:

50 788 65 22 dyrare
141 789 156 17 stenkasernerna
320 789 5 17 i

50 822 119 23 Helsingfors
191 823 29 17 för
241 823 84 22 Nylands

51 857 83 23 bataljon
159 860 26 15 ett
205 858 82 17 tillskott

52 893 90 20 1,000,060
155 893 58 21 mark,

50 927 130 21 verkligheten
193 927 132 21 kostnaderna,

133 962 73 16 rättade

50 994 41 18 från
105 996 68 17 Militie
182 996 142 21 Expeditionen.

307 857 20 17 af

241 892 65 18 medan
321 893 4 16 i

51 961 58 21 enligt
232 961 94 23 uppgifter

51 1029 79 22 uppgått
142 1029 29 18 för
184 1030 67 22 sjelfva
263 1030 62 17 kaser-

50 1069 58 12 nerna
134 1064 29 17 till
191 1064 136 22 sammanlagdt

50 1099 91 20 7,104,322
161 1099 52 17 mark
230 1099 21 17 73
264 1099 61 22 penni,
334 1108 1 21 i
344 1097 106 18 faststälda.

334 1134 1 12 :
344 1131 56 18 faltes
425 1132 5 17 i

334 1159 1 11 '
345 1167 59 16 skildt
415 1167 81 17 tillsatta
508 1167 64 17 lokala
583 1167 210 22 byggnadsbestyrelser
803 1167 4 17 i
817 1167 84 17 Nikolai-

50 1133 75 17 hvartill
143 1133 82 17 kommer
237 1133 30 17 för
279 1133 46 17 inlö-

50 1172 32 12 sen
103 1167 20 18 af
141 1167 184 23 byggnadsomräden

50 1202 34 17 och
108 1201 217 23 mälskjutningsplatser

50 1237 74 20 343,265
147 1237 54 17 mark
221 1237 22 16 90
263 1237 61 22 penni.

49 1270 47 17 eller
114 1271 18 16 in
150 1276 71 12 summa
233 1272 92 20 8,047,588

50 1305 53 17 mark
116 1306 22 16 63
151 1305 66 22 penni;
230 1305 94 18 äfvensom

49 1341 27 15 att
89 1339 29 17 för
130 1339 133 22 byggnaderna
275 1339 11 17 å
297 1345 28 12 re-

49 1378 75 13 servens
142 1374 131 22 mötesplatser
285 1373 49 18 kal-;

48 1408 83 22 kylerats
139 1408 31 17 vid
179 1409 42 17 1882
227 1407 30 19 ärs
264 1408 60 18 landt-

48 1441 35 23 dag
98 1444 90 20 1,600,000
205 1443 58 21 mark,
282 1448 41 12 men

48 1476 102 22 utgifterna
162 1477 30 17 för
205 1477 54 18 dessa
267 1477 56 23 bygg-

106 513 105 18 ändamålet
236 514 89 21 anslasna

118 617 207 22 kasernbyggnaderna,
334 622 1 3 :

432 137 91 21 XXXVI
832 140 40 21 245

344 207 58 15 sättet
420 205 29 18 för
468 205 116 22 uppbörden,
605 211 38 12 som
662 212 25 11 nu
705 207 44 17 sker
762 213 65 16 genom
841 207 63 18 skilda

343 239 141 22 forstkassörer,
498 240 20 17 af
538 246 21 11 en
581 240 29 17 del
627 241 104 18 inkomster
745 241 40 18 frän
799 242 105 17 kronosko-

343 279 63 16 garna,
420 275 120 22 hvarigenom
555 275 54 17 äfven
622 275 61 22 någon
697 275 122 23 inbesparing
832 277 5 16 i
847 276 56 22 utgif-

343 311 54 15 terna
410 309 54 18 torde
477 310 65 17 kunna
555 310 141 22 ävägabringas.

367 372 61 17 Sedan
447 372 172 22 värnepligtslagen
639 373 35 17 den
692 374 22 16 27
735 370 102 20 December
859 374 44 16 1878

344 406 99 21 utfärdats,
453 406 64 22 vidtog
526 406 106 22 Kejserliga
642 407 81 17 Senaten
730 407 57 18 redan
796 407 5 16 i
810 407 66 22 början
883 407 21 17 af

344 439 21 18 år
377 441 43 17 1879
431 439 10 18 &

344 475 102 17 tieverkets

481 441 39 16 rder
532 441 30 16 för
571 439 176 20 äterbekommande
757 441 20 18 af
785 441 61 18 finska
855 441 47 17 mili-

478 475 32 17 dre
526 475 177 22 kasernbyggnader
712 476 5 16 i
727 475 124 23 Helsingfors,
861 470 41 23 Åbo

345 509 34 17 och
389 509 122 21 Tavastehus,
519 509 65 17 hvilka
592 509 89 22 upplätits
693 510 28 17 till
731 511 58 21 ryska
798 510 104 17 militärens

345 544 125 22 begagnande,
484 545 95 16 äfvensom
595 544 28 17 för
636 544 117 22 uppförande
765 545 20 17 af
793 551 36 16 nya
839 545 63 17 kaser-

345 584 32 11 ner
391 579 25 17 uti
431 579 175 17 residensstäderna
617 579 2 17 i
629 579 62 21 Wasa,
702 579 110 22 Uleäborgs,
822 580 79 22 Kuopio,

345 613 28 18 8:t
385 614 79 17 Michels
473 614 35 17 och
518 613 88 22 Wiborgs
618 614 37 17 län.
680 614 142 17 Gemensamma
835 615 66 16 ritnin-

345 653 32 16 gar
391 649 34 16 och
440 648 163 22 kostnadsförslag
617 648 61 17 blefvo
691 649 30 16 för
735 648 66 18 sädant
815 648 86 18 ändamäl

345 682 117 22 upprättade,
483 682 96 18 hvarefter
600 683 34 17 och
656 682 57 18 sedan
734 683 87 21 Senaten,
843 683 60 22 enligt

345 716 195 18 Statssekretariatets
554 717 99 17 skrifvelse
663 717 19 17 af
691 717 34 17 den
738 718 19 16 18
767 718 27 22 (6)
802 717 39 17 Juli
852 718 49 21 1879,

345 752 5 16 i
367 750 57 18 näder
444 752 129 22 bemyndigats
587 754 27 15 att
627 752 5 16 i
646 751 73 18 samräd
732 752 41 17 med
787 752 114 22 Generalgu-

345 788 91 15 vernören
456 786 65 22 afgöra
534 786 38 17 alla
585 786 64 22 frägor
661 786 79 17 rörande
754 786 57 22 sagda
825 787 76 17 kasern-

345 821 107 22 byggnader
471 821 34 17 och
526 821 83 17 anordna
628 821 117 22 utbetalning
763 821 20 17 af
795 821 61 17 dertill
871 821 30 17 be-

345 856 69 22 höfliga
432 856 65 17 medel,
520 856 54 17 äfven
592 856 4 17 i
614 856 35 17 den
662 856 89 17 händelse
765 858 28 15 att
807 856 94 17 desamma

345 891 73 17 komme
438 892 26 16 att
484 891 4 16 i
508 890 61 22 nägon
588 890 42 18 män
648 891 101 22 öfverstiga
765 890 34 18 den
813 890 87 22 kostnad,

345 925 106 17 Ständerna
472 925 63 18 derför
556 926 97 18 beräknat,
675 926 58 22 sagda
753 926 94 21 ritningar
865 925 36 17 och

344 960 168 22 kostnadsförslag,
532 960 87 17 slutande
638 960 27 22 sig
684 959 11 18 å
713 961 75 19 755,000
805 960 53 17 mark
871 959 30 17 för

344 994 66 21 hvarje
424 994 162 22 kasernkomplex,
601 994 50 21 eller,
659 994 41 17 med
714 994 66 21 afdrag
793 994 20 17 af
824 994 76 17 kostna-

345 1028 34 17 den
399 1028 29 17 för
448 1028 82 23 manegc,
549 1034 39 11 som
606 1030 71 16 ansetts
690 1029 98 21 umbärlig,
803 1027 10 18 ä
826 1029 75 20 723,500

345 1063 58 20 mark,
426 1063 62 17 blefvo
507 1063 20 17 af
545 1063 81 17 Senaten
646 1063 34 17 och
700 1063 200 22 Generalguvernören

487 1097 145 22 Ifrågavarande
652 1097 174 23 byggnadsarbeten
845 1097 56 18 anbe-

592 1133 43 16 1879
660 1132 28 18 till

456 1132 110 22 September
713 1132 100 18 utförande
834 1137 66 18 genom

345 1201 46 20 stad,
405 1201 99 23 Uleåborg,
520 1202 75 21 Kuopio
609 1202 35 17 och
658 1202 26 17 S:t
697 1202 74 17 Michel.
797 1202 104 22 Angående

344 1237 213 22 kasernbyggnadernas
574 1237 117 22 uppförande
707 1237 5 16 i
729 1236 84 22 Wiborg,
830 1235 11 18 å
853 1236 48 17 hvil-

343 1271 37 17 ken
394 1273 30 15 ort
436 1271 96 22 svårighet
545 1273 67 20 yppats
624 1273 29 16 att
661 1271 72 18 erhålla
741 1271 30 17 för
781 1271 54 17 dessa
844 1271 57 22 bygg-

344 1305 58 17 nader
415 1305 77 22 lämplig
504 1306 56 21 plats,
580 1305 119 18 meddelades
713 1305 127 18 förordnande
853 1305 49 18 först

333 1340 16 17 i
362 1339 92 18 Februari
472 1340 68 17 månad
555 1341 49 16 1880.
618 1350 21 2 —
653 1340 97 22 Uppförda
763 1340 20 17 af
795 1342 34 18 trä,
843 1340 58 22 enligt

343 1374 203 23 paviljongssystemet,
559 1374 55 18 torde
634 1375 53 17 dessa
706 1375 90 17 kaserner
815 1374 86 22 skäligen

343 1408 29 17 väl
385 1411 95 15 motsvara
493 1409 23 17 de
529 1408 112 23 fordringar,
661 1414 38 12 som
718 1414 22 12 ur
752 1409 100 22 praktiska
865 1409 36 17 och

342 1443 112 23 hygieniska
474 1444 117 22 synpunkter
612 1444 63 17 kunna
694 1444 35 17 och
749 1444 46 16 böra
812 1443 64 17 ställas
890 1443 11 17 å

343 1478 65 22 dylika
416 1478 117 22 byggnader;
547 1484 41 12 men
602 1480 28 16 att
642 1478 33 22 lyx
688 1478 35 18 och
737 1478 100 17 öfverdrift
849 1478 6 16 i
869 1483 31 11 an-
