1031 1678
215 135 11 18 2
483 135 24 19 U.
520 134 23 19 B.
556 145 21 3 —
590 134 38 19 N:o
640 134 16 19 1.

191 192 84 18 utbetala
293 192 22 18 de
331 192 42 18 dem
385 192 7 18 i
404 191 120 19 förestäende
536 192 57 17 mätto
605 192 117 17 tillerkända
734 191 108 22 understöd,
855 193 44 17 äran
912 197 34 13 an-

191 221 54 22 mäla,
257 222 28 17 att
295 221 131 22 Längmanska
440 220 78 18 fondens
532 220 114 23 förvaltning
658 220 101 18 handhafts
771 220 21 18 af
802 220 143 19 Bankdirektio-

191 254 37 13 nen
246 251 53 20 samt,
317 249 24 23 pä
358 249 180 23 Bankfullmäktiges
555 249 94 22 anhållan,
666 249 62 18 blifvit
740 249 29 18 för
781 249 45 18 åren
839 249 49 21 1884,
901 249 46 18 1885

191 278 34 18 och
243 278 46 18 1886
307 277 20 18 af
343 277 113 18 Ständernas
472 278 146 17 Bankrevisorer
630 277 95 23 granskad
737 278 7 17 i
757 277 134 23 sammanhang
903 278 42 18 med

191 306 106 19 revisionen
309 305 20 19 af
339 306 187 23 bankförvaliningen
539 306 59 18 under
611 305 124 19 nästnämnde
749 307 25 17 år.

260 335 26 17 Af
302 335 98 17 närslutna
418 334 122 18 summariska
553 334 90 23 öfversigt
655 334 20 18 af
686 335 129 22 Längmanska
827 336 119 16 testaments-

191 362 79 19 fondens
281 364 44 17 Litt.
337 363 21 17 A.
371 363 35 17 och
418 363 20 17 B.
451 362 113 23 förvaltning
576 363 45 17 åren
633 362 114 19 1885—1887
761 362 94 18 äfvensom
867 362 79 18 fondens

191 392 43 17 Litt.
251 392 21 17 B.
291 391 117 23 ungefärliga
424 391 73 18 tillväxt
509 392 45 16 åren
567 391 50 21 1888,
635 392 46 17 1889
694 392 36 17 och
743 391 45 18 1890
799 391 86 22 framgår,
898 393 27 16 att
937 392 7 17 i

190 420 123 18 nästnämnda
325 419 45 18 fond
383 420 65 17 ultimo
460 420 104 17 December
576 419 44 18 1887
632 419 101 18 innestodo
743 420 24 22 pä
775 419 60 23 grund
841 419 20 18 af
866 419 80 18 bestäm-

190 449 93 22 ningarna
301 449 7 16 i
322 450 120 16 testamentet
454 448 105 23 disponibla
570 448 62 18 medel
644 448 57 21 1,170:
713 449 24 17 43
749 448 57 17 mark.
830 448 29 17 Då
871 448 74 18 tillväx-

190 479 32 16 ten
239 477 8 18 i
264 477 81 18 berörda
363 477 61 18 medel
442 477 60 18 under
514 477 45 18 ären
572 477 50 21 1888,
640 476 45 19 1889
698 477 35 18 och
745 477 45 18 1890
802 477 101 18 beräknats
915 477 30 17 till

190 506 68 22 38,220:
277 506 22 18 64
311 505 58 23 mark,
387 507 56 22 utgör
461 505 72 18 således
546 505 31 18 det
589 505 73 23 belopp,
681 511 40 12 som
734 505 29 18 för
775 505 44 18 åren
832 505 114 18 1888—1890

190 534 37 18 kan
241 534 20 18 af
272 534 105 18 Ständerna
389 534 108 23 disponeras
510 534 68 22 39,391:
590 534 21 18 07
624 534 59 17 mark.

259 563 66 18 Ehuru
337 563 34 18 hos
383 563 171 22 Bankfullmäktige
562 563 52 18 olika
620 563 141 22 önskningsmäl
768 563 75 17 uttalats
849 563 96 22 angående

190 591 119 23 lämpligaste
328 591 142 22 änvändningen
488 591 20 18 af
524 591 81 18 nämnda
623 591 68 23 belopp
708 591 29 18 för
749 591 20 18 af
779 593 78 16 testator
869 591 77 18 afsedda

191 620 92 22 ändamål,
295 620 34 17 har
342 620 53 21 dock,
408 619 47 19 efter
470 619 160 24 tillmötesgående
641 620 100 22 jemkning
754 619 21 18 af
784 619 160 23 meningsskiljak-

189 649 109 22 tigheterna
309 649 7 17 i
329 648 52 19 detta
393 648 112 22 hänseende,
524 648 56 18 sädan
596 648 160 23 samstämmighet
767 648 76 18 vunnits
855 649 26 16 att
894 648 51 17 Full-

190 676 93 23 mäktiges
301 676 60 18 flertal
373 678 62 16 ansett
446 679 33 19 att,
496 676 41 18 med
550 676 95 23 undantag
657 676 20 18 af
687 676 72 18 Finska
770 676 176 22 Vetenskapssocie-

190 706 59 21 teten,
267 706 55 17 hvars
341 705 86 23 &tnjutna
442 706 63 22 anslag
520 705 47 19 varit
580 705 20 17 af
610 707 27 16 ett
649 704 93 24 tillfälligt
754 710 77 12 numera
842 704 42 18 icke
897 704 49 18 före-

190 733 69 23 fintligt
271 733 58 18 behof
338 733 100 23 påkalladt,
450 734 86 22 samtliga
548 734 22 18 de
584 733 90 22 samfund,
684 738 39 13 som
731 733 60 18 under
800 733 81 18 sistlidet
886 733 60 18 trien-

191 762 52 18 nium
255 762 42 18 från
309 762 69 18 fonden
391 762 126 22 understödts,
536 762 94 18 äfvensom
642 762 95 18 dessutom
751 762 31 18 det
793 762 82 18 Svenska
886 762 60 18 Litte-

190 791 155 23 ratursällskapet
362 790 58 18 borde
438 790 29 19 för
484 791 152 18 nästkommande
651 792 28 16 tre
693 791 31 17 års
737 790 65 24 period
815 790 86 23 tilläggas
914 796 32 12 an-

191 819 46 23 slag,
255 820 64 17 hvilka
337 819 48 18 dock
403 820 30 17 till
450 819 46 23 följd
514 819 20 18 af
551 820 36 17 den
603 825 26 12 nu
641 819 107 23 disponibla
760 819 71 18 mindre
844 819 102 23 tillgången

191 848 60 18 måste
263 850 81 16 utmätas
356 848 56 23 något
424 848 94 23 knappare
531 850 23 16 än
566 848 101 18 tillförene.
687 848 95 23 Derjemte
794 848 35 17 har
840 848 33 17 hos
885 848 61 17 Bank-

191 876 120 24 fullmäktige
331 876 36 18 den
379 877 49 22 åsigt
439 877 49 23 gjort
498 877 28 22 sig
538 876 88 23 gällande
638 878 28 16 att
678 876 89 23 anslagen
780 876 111 18 hädanefter
902 876 44 18 icke

191 905 65 22 borde,
275 906 24 22 på
318 907 37 16 sätt
370 905 94 18 härintills
480 906 54 20 skett,
552 905 111 18 bestämmas
675 905 30 17 för
717 905 22 17 år
751 907 44 16 utan
807 905 8 17 i
827 906 27 16 ett
866 904 29 18 för
907 904 41 22 allt,

192 934 21 18 så
230 936 28 16 att
275 934 94 18 desamma
381 934 42 18 icke
436 934 55 18 måtte
504 934 72 18 erhålla
587 934 113 18 karakteren
713 933 22 18 af
745 935 120 21 permanenta
877 933 71 17 under-

192 962 48 22 stöd,
258 962 72 18 hvilket
348 962 17 23 ej
383 962 60 18 heller
460 963 7 17 i
485 963 119 17 testamentet
620 968 54 17 synes
690 962 56 18 hafva
758 962 82 23 åsyftats.
865 961 84 18 Sålunda

192 990 56 18 hafva
259 990 179 23 Bankfullmäktige,
446 991 142 18 vidkommande
598 991 69 17 Finska
675 990 170 23 Konstföreningen
851 990 34 18 och
891 990 57 18 Folk-

192 1019 232 23 upplysningssällskapet,
436 1019 64 18 hvilka
512 1021 62 16 senast
586 1019 35 18 fått
629 1019 85 23 uppbära
721 1019 92 18 hvardera
821 1019 63 21 12,000
890 1018 58 22 mark,

193 1049 48 16 trott
253 1048 29 23 sig
293 1047 46 18 böra
351 1047 69 19 föreslå
432 1048 19 17 åt
463 1047 133 22 förstnämnda,
611 1047 21 18 af
642 1047 92 24 styrelsen
747 1047 58 18 redan
818 1047 130 18 subventione-

192 1076 46 18 rade
259 1076 88 23 förening
365 1076 65 18 endast
444 1077 52 21 5,000
510 1076 58 22 mark,
586 1076 29 18 till
627 1076 76 18 hvilken
715 1076 120 22 nedsättning
847 1075 28 18 för
887 1075 63 18 denna

192 1105 49 23 gång
257 1105 70 22 jemväl
343 1105 22 18 de
379 1104 21 18 af
410 1105 111 18 statsverket
533 1105 19 17 åt
565 1105 23 17 de
600 1105 89 18 bildande
701 1105 112 18 konsternas
825 1104 65 17 idkare
903 1104 45 17 &rli-

193 1139 36 17 gen
248 1133 75 23 utgifna
338 1133 137 23 jemförelsevis
493 1133 68 23 rikliga
573 1133 171 18 reseunderstöden
757 1138 54 18 synes
823 1132 50 23 gifva
885 1133 64 18 anled-

193 1163 52 22 ning,
258 1161 24 18 dä
294 1162 84 18 deremot
390 1162 275 23 Folkupplysningssällskapet,
679 1162 43 18 med
734 1161 89 18 afseende
836 1162 11 17 &
859 1161 42 18 dess
909 1161 41 18 lan-

195 1190 42 19 dets
255 1190 50 18 båda
322 1191 140 18 nationaliteter
474 1190 118 22 omfattande,
607 1191 33 17 allt
655 1196 52 13 mera
719 1190 99 23 utvidgade
831 1190 120 18 verksamhet

194 1218 30 19 för
243 1218 161 23 folkbildningens
422 1219 85 23 höjande,
525 1219 53 18 torde
597 1219 45 18 böra
653 1219 88 23 tilläggas
753 1221 28 16 ett
793 1219 55 22 något
860 1219 90 22 rikligare

194 1247 103 18 understöd
316 1247 20 18 af
352 1248 52 21 7,000
422 1248 56 17 mark.
502 1247 94 24 Anslagen
614 1247 29 18 för
661 1248 84 17 Societas
757 1253 34 17 pro
804 1247 57 18 fauna
873 1249 18 16 et
903 1246 48 19 flora

193 1275 81 22 fennica,
293 1276 108 18 Historiska
419 1276 109 22 samfundet,
546 1276 151 23 Finsk-Ugriska
715 1276 104 23 sällskapet
833 1275 34 18 och
879 1275 71 19 Finska

194 1304 244 23 Fornminnesföreningen,
450 1305 63 18 hvilka
524 1305 29 18 för
565 1304 124 19 sistförflutna
701 1305 66 22 period
780 1305 60 22 utgått
848 1303 42 18 med
899 1305 52 22 6,000

194 1333 53 17 mark
266 1333 21 17 åt
299 1339 23 12 en
334 1333 51 21 hvar,
404 1333 55 18 hafva
470 1333 170 23 Bankfullmäktige
650 1333 71 22 jemväl
733 1333 78 22 nödgats
823 1332 85 18 nedsätta
919 1333 30 17 till

194 1362 52 21 5,000
258 1362 53 17 mark
323 1361 28 18 för
363 1362 64 22 hvarje
440 1362 20 18 af
472 1362 22 18 de
506 1364 28 16 tre
546 1361 127 19 förstnämnda
685 1361 116 21 samfunden,
809 1361 36 17 och
853 1360 24 18 då
885 1361 65 17 arkeo-

194 1390 63 23 logins
275 1390 94 18 intressen
387 1396 77 12 numera
481 1390 110 23 tillgodoses
606 1395 67 17 genom
686 1390 37 18 den
736 1388 117 25 nyinrättade
865 1389 86 19 arkeolo-

195 1419 56 23 giska
263 1419 152 22 kommissionen,
433 1419 29 18 till
474 1420 52 21 4,000
537 1419 52 17 mark
601 1418 29 18 för
642 1418 242 22 Fornminnesföreningen,
896 1418 56 18 hvar-

264 1448 140 17 Bankutskottets
415 1448 103 18 betänkande
530 1448 34 16 N:o
577 1448 16 16 1.
