1031 1678
169 131 27 21 76

412 471 219 34 Bilagor.

513 528 17 23 1

321 580 40 31 Till
384 580 341 39 Ständerhusdelegationen.

212 638 73 22 Sedan
301 638 153 27 delegationen
469 645 77 21 genom
562 639 70 21 beslut
649 639 24 21 af
687 640 42 20 den
747 640 9 20 1
774 639 52 21 Juni
843 641 61 20 inne-

141 673 97 21 varande
253 673 26 21 är
294 674 68 20 utsett
377 679 28 15 en
420 672 25 22 af
457 672 41 22 fem
515 672 142 22 medlemmar
671 673 118 21 bestäende
801 673 100 21 kommis-

141 707 47 21 sion
204 706 35 22 för
254 707 143 21 anskatfande
413 706 24 22 af
450 707 66 27 nödig
531 708 117 26 utredning
664 708 113 26 angäende
788 708 18 27 ej
818 708 86 20 mindre

142 741 109 21 särskilda
272 741 34 21 för
329 744 32 18 ett
383 741 111 22 blifvande
517 742 130 21 ständerhus
670 742 61 21 inom
749 742 152 27 delegationen

141 776 132 27 ifrägasatta
295 776 191 28 byggnadstomter
508 777 28 20 än
561 776 41 21 ock
626 777 93 21 rörande
737 776 80 28 jemväl
833 777 71 20 andra

142 810 91 24 sädana,
249 817 47 15 som
319 811 24 20 af
363 810 167 22 kommissionen
550 810 72 22 kunde
641 810 34 22 för
694 810 125 22 ändamälet
839 816 65 16 anses

143 844 110 28 lämpliga,
269 844 41 21 har
324 844 102 22 bemälda
440 844 146 26 kommission,
603 852 53 17 som,
673 845 6 21 i
691 846 109 20 anseende
811 844 32 22 till
855 845 48 20 svä-

142 878 99 28 righeten
265 878 40 22 och
323 879 161 27 tidsutdrägten
503 879 37 21 vid
559 886 60 14 svars
640 879 126 21 erhållande
781 879 48 21 från
845 878 61 22 olika

142 913 153 27 myndigheter
310 913 41 21 och
367 913 98 21 enskilda
480 920 105 21 personer
600 914 137 21 beträffande
749 913 155 28 prisuppgifter

143 948 41 20 och
205 948 71 26 öfriga
297 948 186 27 omständigheter
501 949 5 19 i
526 948 63 27 fräga
608 955 34 14 om
658 948 85 21 inlösen
759 948 24 21 af
796 948 48 21 dem
860 947 43 21 till-

142 982 77 27 höriga
235 984 86 24 tomter,
337 982 48 21 icke
400 982 84 22 kunnat
499 982 143 22 härförinnan
654 982 94 27 fullgöra
759 982 80 21 nämda
849 988 54 21 upp-

143 1016 60 27 drag,
228 1023 92 14 numera
342 1016 84 28 lyckats
447 1016 78 27 bringa
548 1017 121 20 detsamma
687 1016 34 21 till
742 1016 53 25 slut;
815 1015 40 22 och
871 1015 36 22 fär

143 1050 171 21 kommissionen
329 1050 57 28 förty
401 1051 32 20 till
450 1051 152 26 delegationen
613 1051 80 21 härhos
704 1051 7 20 i
723 1051 90 20 ärendet
823 1050 83 27 afgifva

143 1084 174 28 nedanföljande
333 1085 149 21 betänkande:

213 1119 44 21 För
271 1119 110 22 vinnande
397 1119 25 22 af
434 1119 156 28 prisuppgifter
635 1119 101 22 enskilda
747 1126 104 20 personer
862 1118 43 21 till-

142 1153 79 28 höriga
235 1156 80 19 tomter
331 1153 39 22 har
385 1153 168 22 kommissionen
570 1154 79 21 anlitat
665 1154 51 21 herr
731 1154 61 21 Alex.
808 1153 98 26 Laurell,

143 1194 46 15 som
205 1189 124 20 sedermera
343 1188 8 21 i
367 1188 110 22 skrifvelse
492 1188 25 21 af
531 1189 41 20 den
588 1189 13 21 3
617 1189 116 20 nästvikne
744 1188 91 27 Augusti
845 1189 60 20 med-

143 1222 60 21 delat
219 1223 27 20 de
262 1223 25 20 af
300 1223 80 20 honom
391 1223 96 21 samlade
497 1223 165 27 upplysningar,
673 1223 122 27 hvarjämte
805 1222 100 21 kommis-

143 1256 90 21 sionens
255 1257 132 21 ordförande
410 1257 7 21 i
433 1257 112 21 skrifvelse
561 1257 25 21 af
599 1258 41 20 den
659 1258 25 21 15
701 1257 106 26 sistsagde
823 1257 81 20 mänad

143 1290 40 22 hos
207 1291 264 22 Riddarhusdirektionen
494 1291 107 28 förfrägat
624 1292 32 26 sig
679 1298 35 14 om
736 1292 26 20 de
780 1291 77 25 vilkor,
877 1291 28 26 pä

143 1325 75 21 hvilka
237 1325 139 21 riddarhuset
394 1326 73 21 kunde
482 1325 34 21 för
531 1326 166 20 ständerhusets
713 1325 102 21 ändamål
830 1324 74 26 afstäs,

143 1362 58 18 samt
217 1360 54 20 derä
286 1359 87 21 erhällit
389 1366 49 15 svar
454 1360 24 21 af
491 1360 42 20 den
551 1361 25 20 17
592 1360 100 20 sistlidne
709 1359 102 22 Oktober.

213 1393 117 22 Dessutom
349 1394 40 21 har
408 1394 169 21 kommissionen
596 1394 24 21 af
637 1394 137 26 Helsingfors
790 1392 115 23 Stadsfull-

143 1428 97 27 mäktige
256 1428 103 28 mottagit
375 1435 26 15 en
417 1428 33 21 till
466 1428 151 28 delegationen
634 1428 57 21 stäld
708 1428 112 21 skrifvelse
831 1428 24 20 af
863 1428 43 20 den
