1031 1678
232 135 27 20 18
454 133 18 23 U.
490 132 18 23 B.
526 145 24 3 —
567 132 125 23 111—-XXXVI.

200 196 76 27 ningar
297 195 34 22 till
353 195 63 27 godo,
439 201 34 16 om
495 195 72 22 hvilka
590 195 36 21 det
649 201 39 15 var
709 194 127 27 uppenbart,
852 195 33 21 att
900 194 62 21 deras

200 229 75 23 arbete
285 230 18 27 ej
315 236 38 15 ens
363 229 135 22 motsvarade
508 229 26 22 de
544 229 160 22 löneförmäner
723 229 25 21 de
763 229 90 26 tidigare
868 228 93 27 ätnjutit.

267 264 104 22 Förutom
393 269 49 22 nyss
463 263 93 22 berörda
574 263 59 22 tablä
647 263 42 22 har
702 263 58 22 inom
774 262 112 23 Utskottet
900 262 62 22 äfven

201 299 111 27 uppgjorts
327 305 26 14 en
368 297 197 28 sammanställning
580 297 22 22 af
616 297 161 22 militieverkets
792 296 122 23 beräknade
929 298 34 20 ut-

200 331 63 28 gifter
287 332 34 22 för
341 332 143 21 innevarande
508 331 143 27 finansperiod
677 331 161 26 (1886—1888)
863 332 55 20 samt
936 331 26 21 de

201 365 100 23 effektiva
315 366 115 27 utgifterna
445 366 33 21 för
492 366 52 21 ären
560 366 55 21 1886
632 365 40 22 och
690 366 54 21 1887
760 364 40 22 och
818 364 145 22 kostnaderna

201 400 66 27 enligt
290 400 55 21 1888
367 401 36 20 ärs
425 400 139 26 statsförslag,
586 399 87 22 hvilken
691 398 196 27 sammanställning
901 398 61 27 ingär

199 433 66 22 bland
279 433 111 28 bilagorna
405 433 33 22 till
453 434 59 22 detta
527 433 135 22 betänkande
677 433 68 22 under
759 433 52 21 Litt.
826 433 26 20 D.

270 467 75 22 Denna
360 467 59 22 tablä
435 468 85 26 utvisar,
536 469 32 20 att
583 474 25 15 en
625 467 35 22 del
675 469 72 25 poster
763 467 6 21 i
779 466 182 27 militiebudgeten

200 502 87 21 komma
302 503 32 20 att
344 501 147 22 öfverskridas.
514 502 66 21 Detta
590 503 24 20 är
625 501 102 22 särskildt
737 501 60 22 fallet
807 501 48 21 med
866 500 96 26 anslaget

200 535 33 22 för
257 535 239 28 kasernbyggnadernas
518 535 173 28 komplettering,
715 536 6 20 i
741 535 98 22 afseende
853 535 13 21 &
881 534 81 21 hvilket

201 571 32 20 ett
247 570 105 27 ansenligt
367 569 173 22 öfverskridande
554 569 22 22 af
590 570 109 27 budgeten
715 572 24 19 är
755 571 31 20 att
802 571 87 20 emotse.
912 569 50 21 Men

201 604 13 21 å
236 604 67 21 andra
325 604 58 21 sidan
400 606 36 19 äro
452 605 23 20 sä
490 604 119 27 betydande
625 603 140 28 besparingar
780 605 13 20 &
808 603 66 22 andra
889 605 73 25 poster

200 638 66 21 redan
281 638 74 27 gjorda
370 638 52 21 eller
436 638 33 21 för
484 638 144 21 innevarande
642 639 26 20 är
685 638 128 26 beräknade,
829 639 32 20 att
871 637 26 22 de
908 643 54 16 sam-

200 672 114 26 manlagda
339 671 115 27 utgifterna
477 672 32 21 för
533 672 40 21 den
597 671 70 22 finska
690 672 106 21 militären
811 671 68 21 under
894 671 69 21 denna

199 705 145 27 finansperiod
359 706 72 21 kunna
446 707 88 25 antagas
550 706 48 21 med
613 706 82 21 inemot
707 706 113 27 1,800,000
831 706 35 20 mk
877 705 85 21 komma

201 742 32 19 att
247 740 124 26 understiga
386 740 26 22 de
428 740 73 22 härför
515 740 105 26 beviljade
636 740 108 26 anslagen.

267 802 47 22 Mot
329 802 141 27 räkningarne
486 802 57 22 öfver
558 802 251 21 militieboställskassan
829 802 39 22 och
891 802 72 28 krigs-

199 836 188 21 manshuskassan
403 836 39 22 har
458 836 112 22 Utskottet
584 836 47 22 icke
647 836 70 22 funnit
732 836 47 22 skäl
793 836 33 22 till
841 837 66 26 nägra
925 837 37 26 pä-

199 870 121 22 minnelser.
345 870 61 22 Dock
421 873 46 19 tror
482 870 33 27 sig
530 870 111 22 Utskottet
657 870 53 22 böra
721 872 111 20 omnämna
843 872 32 20 att
885 876 77 21 genom

199 904 59 26 Kejs.
274 904 143 27 kungörelsen
433 905 41 21 den
490 906 12 20 7
518 905 61 27 April
596 906 55 21 1886
667 904 237 28 krigsmanshuskassan
914 904 48 21 blif-

200 938 30 21 vit
251 938 126 22 förvandlad
399 938 33 22 till
455 945 27 15 en
504 938 78 22 allmän
606 938 75 22 militie
697 938 156 28 pensionsfond,
870 938 92 22 derifrän

199 972 48 22 icke
269 972 90 22 allenast
383 972 43 22 alla
448 973 118 27 pensioner,
591 973 118 21 understöd
732 972 39 22 och
793 972 107 28 gratialer,
917 978 45 16 som

199 1006 90 27 tidigare
305 1006 96 27 utgifvits
417 1013 25 14 ur
458 1006 106 22 allmänna
578 1007 86 21 militie-
690 1007 39 21 och
754 1006 208 27 krigsmanshuskas-

199 1046 64 15 sorna
278 1040 33 21 till
326 1040 112 22 afskedadt
454 1041 66 21 öfver-
536 1041 40 21 och
591 1040 125 22 underbefäl
732 1042 55 20 samt
802 1041 102 27 manskap
927 1040 35 22 vid

200 1073 68 22 finska
283 1074 105 22 militären
404 1075 106 22 äfvensom
526 1075 32 21 till
573 1075 51 21 lots-
641 1075 40 22 och
696 1075 127 28 fyrbetjente
834 1077 55 19 samt
900 1075 62 22 deras

200 1108 68 21 enkor
281 1108 40 21 och
335 1108 61 27 barn,
412 1111 52 19 utan
480 1109 60 22 äfven
556 1109 143 27 pensionerna
708 1109 33 21 till
752 1109 113 22 afskedade
876 1109 86 27 tjenste-

200 1143 49 20 män
265 1142 39 21 och
320 1143 93 26 betjente
429 1143 34 21 vid
478 1143 80 22 Finska
573 1143 246 27 Krigskommissariatet
834 1143 39 21 och
889 1139 73 26 Öfver-

200 1175 178 28 krigsdomstolen
402 1179 54 20 samt
481 1178 69 21 lärare
574 1178 35 21 vid
633 1177 80 22 Finska
737 1177 146 22 Kadettkären
902 1177 61 22 skola

200 1210 113 23 utbetalas.
344 1211 57 21 Från
424 1212 39 21 och
486 1212 47 21 med
556 1213 24 20 är
605 1213 54 20 1887
676 1212 39 21 har
731 1211 70 22 derför
814 1211 78 27 jemväl
908 1211 55 22 ordi-

201 1244 59 21 narie
283 1245 39 20 och
341 1247 60 19 extra
420 1245 74 22 militie
509 1247 171 26 pensionsstaten
697 1245 46 22 från
759 1246 107 21 allmänna
881 1245 83 22 militie-

201 1278 77 22 kassan
294 1278 111 23 öfverförts
420 1280 33 21 till
468 1280 245 27 krigsmanshuskassan.

269 1313 149 26 Tillgängarne
434 1314 30 21 uti
479 1314 238 27 krigsmanshuskassan
733 1316 37 19 äro
786 1314 100 21 utlänade
906 1316 58 19 emot

201 1345 66 22 första
289 1346 122 27 inteckning
433 1348 6 20 i
460 1348 223 26 jordbruksfastighet,
711 1348 73 21 dervid
808 1347 155 28 länebeloppen

201 1380 70 22 vexlat
293 1380 46 21 frän
362 1381 64 25 2,000
451 1382 32 20 till
506 1382 62 26 högst
584 1383 79 25 40,000
679 1382 66 21 mark.
776 1382 60 21 Inom
852 1382 112 22 Utskottet

200 1414 39 20 har
254 1414 110 28 uppgjorts
380 1415 156 27 nedanintagna
550 1416 204 26 sammanställning,
771 1416 109 22 utvisande
903 1418 59 19 anta-

200 1447 31 21 let
253 1448 23 21 af
295 1448 26 22 de
344 1448 42 28 län,
406 1455 45 16 som
467 1450 34 21 vid
516 1450 107 27 utgängen
639 1450 24 22 af
678 1451 54 21 1887
748 1457 51 15 voro
816 1450 54 22 ifrän
885 1450 78 21 kassan

200 1481 83 26 utgifna
297 1484 55 19 samt
368 1483 62 21 dessa
445 1483 45 22 läns
506 1484 80 21 storlek
601 1484 34 21 vid
646 1484 60 22 tiden
716 1484 33 22 för
760 1485 61 21 deras
831 1484 122 27 utgifvande

271 1522 149 19 Statsu'skotteta
433 1524 115 17 betänkande
563 1526 34 14 N:ö
610 1524 17 17 8.
