1031 1678
173 123 28 22 72

143 192 35 15 ses
188 192 53 15 vara
252 185 127 22 motiverad.
409 186 9 20 I
430 185 163 28 planritningen
605 186 38 21 äro
655 186 78 21 endast
744 188 33 19 tre
788 185 119 28 stenograf-

143 219 96 22 kanslier
255 219 90 28 angifna
361 220 6 20 i
383 219 96 28 enlighet
494 220 50 21 med
556 220 36 20 det
604 219 25 22 af
636 219 158 27 Delegationen
807 220 101 21 nedsatta

143 253 118 22 utskottets
272 253 99 22 uttalade
382 253 90 22 önskan.
504 253 60 22 Dock
575 253 74 22 kunde
660 267 27 2 —
699 254 6 21 i
717 253 104 22 händelse
829 255 79 20 sådant

143 288 70 22 skulle
228 288 47 21 visa
291 288 31 27 sig
338 288 102 27 behöfligt
456 300 28 3 —
500 290 31 19 ett
547 287 25 22 af
581 288 196 21 utskottsrummen
788 288 7 21 i
808 290 53 20 1:sta
871 288 37 22 vå-

143 323 82 27 ningen
235 325 110 25 upptagas
356 322 34 20 för
400 322 260 27 stenografafdelningen,
671 323 141 26 hvarigenom
823 323 38 21 det
872 329 36 15 ur-

143 357 128 27 sprungliga
291 358 148 26 programmet
460 356 63 21 äfven
542 356 7 21 i
566 357 72 21 denna
655 356 34 22 del
705 356 70 22 blefve
791 356 117 28 uppfylldt.

213 390 204 27 Utskottsrummen,
433 390 84 21 hvilkas
533 390 61 21 antal
610 390 7 21 i
628 391 37 20 det
676 398 29 13 nu
717 392 132 20 omändrade
861 398 47 20 pro-

141 425 72 28 jektet
229 427 24 19 är
269 426 19 26 7,
306 424 70 22 blefve
392 425 92 20 sälunda
500 425 132 21 reducerade
643 425 34 20 till
688 426 19 25 6,
719 426 66 27 nägot
796 433 45 14 som
853 425 55 22 dock

143 459 110 28 uppfyller
275 461 36 19 det
334 459 54 21 först
412 459 125 27 uppställda
562 462 158 24 programmets
739 459 168 22 bestämmelser.

143 495 32 21 De
196 494 63 21 flesta
277 493 146 22 utskottsrum
443 494 37 20 äro
496 501 30 13 nu
542 493 115 28 placerade
673 494 6 20 i
695 493 142 29 byggnadens
853 494 55 21 hörn

144 529 41 22 och
207 529 69 20 blifva
296 527 91 22 sålunda
407 527 71 22 bättre
494 527 84 28 belysta
594 529 28 19 än
638 527 65 22 förut.
742 528 143 21 Golfareorna
901 529 7 20 i

143 570 84 15 samma
246 570 47 13 rum
309 564 38 19 äro
363 563 42 20 ock
420 562 7 21 i
442 561 103 22 medeltal
561 562 67 27 något
643 563 69 20 större
728 563 28 20 än
772 563 58 20 hvad
846 563 62 21 fallet

143 605 39 15 var
198 599 5 19 i
221 598 36 20 det
273 597 132 26 föregående
421 596 115 27 projektet.

213 631 89 22 Arkivet
318 631 40 21 och
374 630 127 21 biblioteket
516 630 40 21 har
571 630 118 28 förflyttats
706 630 33 22 till
755 631 152 22 bottenvånin-

143 673 42 21 gen
208 666 34 21 för
266 668 33 19 att
318 665 81 21 bereda
414 665 58 27 plats
487 665 23 20 åt
526 665 213 27 stenografkansliet.
777 665 12 21 I
805 667 40 19 den
862 666 45 21 helt

144 701 40 21 och
200 700 69 22 hållet
283 699 89 22 hvälfda
387 698 186 28 bottenvåningen
589 698 44 22 kan
649 699 84 22 arkivet
744 699 78 22 lättare
833 700 74 21 säker-

143 736 76 21 ställas
236 735 34 21 för
285 734 84 21 eldfara
385 734 29 20 än
430 734 7 20 i
453 733 141 27 byggnadens
610 734 68 21 första
693 734 88 28 våning.

213 770 9 20 I
239 768 96 28 enlighet
350 768 50 21 med
414 767 300 28 Ständerhusdelegationens
725 769 84 21 önskan
820 769 40 21 har
868 769 39 27 jag

143 804 64 22 äfven
218 804 107 27 förflyttat
339 802 51 22 hela
406 802 127 28 byggnaden
549 803 101 21 närmare
666 803 161 27 Nikolaigatan.
851 803 56 22 Här-

142 839 88 27 igenom
240 837 132 27 nedbringas
382 836 122 22 kostnaden
516 836 33 21 för
560 836 141 28 byggnadens
709 837 197 28 grundläggnings-

143 873 80 21 arbete.
255 872 50 21 Men
321 872 28 20 då
364 870 73 22 härtill
452 870 98 22 kommer
565 873 33 19 att
615 870 130 28 byggnaden
761 879 90 14 numera
867 872 39 22 har

143 908 85 21 mindre
244 914 53 14 area
312 906 40 21 och
368 905 72 21 dertill
453 905 157 27 jemförelsevis
626 906 23 21 få
659 906 163 28 genomgående
833 914 74 14 murar

142 943 8 21 i
165 944 37 20 det
213 944 46 19 inre
271 941 41 21 och
323 941 28 21 då
361 940 140 28 byggnadens
512 940 149 28 sidoterasser,
678 941 74 21 hvilka
763 944 82 19 ansetts
856 941 50 22 obe-

142 976 89 28 höfliga,
255 982 90 15 numera
367 974 45 22 helt
435 974 40 22 och
495 974 68 22 hållet
580 975 149 27 bortlemnats,
752 976 24 21 så
792 976 115 21 reduceras

143 1011 177 27 grundmurarna
330 1009 7 21 i
349 1010 41 20 den
400 1009 130 26 omfattning
540 1011 33 18 att
584 1009 71 21 totala
662 1009 245 28 grundläggningskost-

143 1046 72 20 naden
238 1043 133 28 nedbringas
386 1043 48 21 från
451 1049 33 15 c:a
498 1043 96 26 250,000
610 1043 61 21 mark
686 1043 34 22 till
737 1045 92 25 129,000
844 1044 62 21 mark

143 1081 21 20 d.
175 1087 18 14 v.
206 1086 15 14 s.
235 1079 50 21 med
296 1082 53 17 nära
359 1084 43 21 nog
412 1077 90 27 hälften,
511 1078 76 21 dervid
598 1080 183 20 terassmurarnes
790 1079 115 21 reduktion

143 1113 63 22 äfven
223 1113 73 27 spelar
311 1119 28 14 en
355 1112 67 27 vigtig
438 1111 37 22 rol.

213 1148 50 28 Men
284 1147 63 22 äfven
364 1153 27 15 en
407 1153 72 15 annan
495 1146 69 21 fördel
580 1147 64 21 ernås
659 1147 133 28 härigenom.
830 1147 76 22 Såsom

143 1183 25 21 af
181 1182 89 27 bilagda
286 1181 167 27 situationsplan
470 1181 101 27 framgår,
593 1181 110 22 erfordrar
718 1183 41 20 den
775 1189 29 14 nu
819 1181 87 28 projek-

143 1218 76 21 terade
235 1217 130 27 byggnaden
381 1217 77 20 endast
474 1222 26 15 en
516 1217 43 20 250
575 1215 31 22 fot
622 1216 53 27 djup
691 1218 55 19 tomt
762 1216 94 21 räknadt
869 1219 36 26 ut-

143 1252 50 20 med
215 1251 83 27 Kyrko-
319 1251 40 20 och
378 1251 165 26 Fredsgatorna.
582 1250 33 21 Då
633 1251 51 21 hela
704 1253 120 24 qvarterets
839 1251 67 27 längd

143 1286 86 27 uppgår
249 1285 34 21 till
299 1285 42 21 370
358 1285 36 25 fot,
411 1285 93 20 återstår
519 1285 93 20 sålunda
628 1287 57 18 emot
701 1285 162 27 Riddaregatan
879 1292 26 15 en

143 1320 108 26 obehöflig
267 1321 93 25 tomtyta
375 1319 25 21 af
414 1320 113 23 110x220
542 1319 44 21 fots
601 1319 153 22 dimensioner.
785 1319 75 22 Skulle
876 1327 30 14 nu

142 1354 30 27 på
187 1355 44 20 sätt
246 1354 93 26 tidigare
350 1353 55 21 varit
416 1353 92 27 påtänkt
519 1352 66 22 häraf
594 1353 70 21 bildas
674 1356 80 18 tvenne
765 1356 79 18 tomter
856 1354 51 20 med

143 1394 33 15 c:a
199 1388 78 25 12,000
293 1394 34 20 qv.
343 1387 42 21 fots
401 1388 59 20 areal
476 1387 112 26 hvardera,
606 1387 40 21 och
663 1388 74 21 dessas
753 1390 95 24 antagna
863 1387 42 22 för-

142 1422 175 27 säljningsvärde
333 1422 22 21 af
372 1423 91 26 100,000
479 1422 61 20 mark
556 1422 93 21 adderas
664 1422 33 20 till
709 1429 28 13 nu
750 1422 91 22 faktiskt
851 1422 8 20 i
870 1422 35 21 be-
