1031 1678
780 143 25 20 71

74 210 113 27 begängna
202 209 214 28 inbrottstjufnaden,
434 209 91 21 oaktadt
540 208 42 21 hon
599 208 110 21 allaredan
719 207 118 27 undergätt

73 251 80 15 ansvar
173 245 32 21 för
221 245 130 26 densamma,
367 245 57 20 samt
439 243 171 27 ifrägavarande,
627 242 210 22 rättsmedvetandet

74 279 127 22 kränkande
222 280 102 26 handling
344 279 84 21 kunnat
446 279 138 26 möjliggöras
606 277 78 22 endast
699 283 76 21 genom
791 279 45 19 sär-

74 314 72 21 skilda
168 314 29 21 fel
218 314 39 21 och
280 313 163 22 försummelser
466 312 22 22 af
510 313 27 21 de
557 312 155 27 myndigheter,
733 312 12 21 &
763 311 74 21 hvilka

75 348 125 21 värdnaden
216 348 23 21 af
252 347 58 22 Sofia
327 348 43 21 W:s
386 348 45 20 rätt
443 346 125 26 ankommit,
580 346 81 28 yrkade
673 345 164 22 Advokatfiska-

77 382 35 55 1
132 383 7 21 i
157 384 31 20 ett
204 382 40 22 den
262 384 11 19 6
289 382 92 26 Augusti
404 383 56 19 1884
478 380 90 27 ingifvet
587 380 116 26 memorial,
723 380 49 22 med
788 380 49 21 stöd

75 422 13 15 af
112 416 131 27 stadgandet
258 416 7 21 i
282 417 24 20 12
323 416 13 26 &
354 418 9 19 1
380 415 49 27 kap.
447 415 25 21 R.
488 415 32 26 B.,
537 421 78 15 ansvar

145 451 13 20 3
173 449 248 27 Vicehäradshöfdingen
437 449 25 21 B.
479 451 33 20 tör
527 449 37 22 det
579 449 41 21 han
637 449 32 20 uti
681 448 40 21 den
733 449 35 21 vid
779 448 58 22 Räd-

74 484 158 22 stufvurättens
253 485 66 20 andra
338 483 109 26 afdelning
466 483 68 25 förda,
551 483 13 21 ä
578 483 80 21 honom
673 483 71 21 såsom
761 483 75 21 tillför-

74 519 83 22 ordnad
174 519 127 21 ordförande
312 519 6 20 i
332 519 79 21 Rätten
424 518 157 21 ankommande
592 517 184 26 saköreslängden
787 517 48 22 icke

74 554 123 25 antecknat,
221 555 32 20 att
269 553 57 22 Sofia
345 553 33 21 W.
400 553 56 21 varit
477 553 81 21 häktad
578 553 40 21 och
638 553 81 20 anmält
733 552 103 27 missnöje

73 590 61 19 emot
153 589 37 20 det
205 587 110 28 angående
335 587 70 22 henne
426 587 125 22 afkunnade
570 587 102 26 utslaget,
689 589 56 19 samt
760 593 77 20 genom

74 622 69 21 sådan
164 622 113 27 bristfällig
293 622 130 27 anteckning
439 622 124 21 förorsakat
578 624 32 19 att
626 621 70 26 öfriga
711 621 124 28 myndighe-

76 659 40 23 ter,
137 657 73 21 hvilka
230 657 13 20 å
262 657 105 26 tjenstens
387 659 83 24 vägnar
489 657 49 20 med
554 657 68 20 saken
638 656 55 26 tagit
709 656 126 26 befattning,

74 691 49 21 icke
144 690 133 22 omedelbart
297 690 201 28 uppmärksammat
518 693 32 19 att
571 690 57 22 Sofia
648 691 40 25 W.,
705 691 73 21 derest
793 690 43 21 hon

74 725 56 21 varit
145 725 98 27 fängslig,
259 725 48 21 icke
323 725 83 21 kunnat
421 725 7 21 i
444 725 42 21 den
499 725 97 26 ordning,
609 732 28 14 nu
646 726 65 26 skett,
723 724 112 22 befordras

75 759 32 21 till
123 759 153 27 undergäende
293 759 22 21 af
329 759 102 27 risstraff;

145 794 13 21 &
173 794 166 26 Borgmästaren
355 794 23 21 T.
395 794 33 21 för
443 794 38 21 det
496 794 43 21 han
551 794 72 21 säsom
635 793 128 23 ordförande
775 794 6 21 i
791 794 44 21 Ma-

74 828 107 27 gistraten
203 824 96 32 påkallat
321 829 153 21 Guvernörens
496 828 162 27 embetsätgärd
679 829 6 20 i
706 828 101 22 afseende
824 829 13 21 &

76 862 59 22 Sofia
150 864 45 20 W:s
215 863 141 21 befordrande
373 863 32 21 till
425 863 155 27 undergäende
596 862 22 22 af
631 862 98 26 risstraff,
747 862 91 22 oaktadt

75 896 60 22 Sofia
150 898 39 26 W.,
206 898 66 26 enligt
287 898 57 21 hvad
360 898 40 21 den
418 897 22 21 af
455 898 23 20 T.
491 898 13 20 å
514 898 153 26 Magistratens
678 899 80 25 vägnar
768 897 68 26 förda,

76 932 155 26 handlingarna
251 933 6 20 i
273 931 119 22 transsumt
407 932 95 27 bilagda,
518 932 35 21 vid
570 932 138 21 stadshäktet
723 932 6 21 i
745 932 25 21 N.
787 932 50 21 stad

76 965 61 22 förda
152 966 102 27 fånglista
269 966 32 22 för
316 966 104 22 Februari
436 966 81 21 månad
534 968 52 20 1883
596 966 79 28 jemväl
687 966 104 24 utvisade,
803 966 36 21 så-

75 1006 47 15 som
138 1000 104 27 missnöjd
258 1001 48 20 med
322 1000 207 21 Rådstufvurättens
546 1001 72 26 utslag
633 1000 70 21 blifvit
717 1001 77 20 insänd
806 1001 33 20 till

75 1034 127 22 länehäktet
217 1035 33 21 för
265 1037 32 18 att
313 1035 37 21 der
362 1034 98 22 förvaras
474 1034 32 21 till
518 1035 49 21 dess
579 1041 34 15 om
624 1035 69 21 henne
704 1035 134 22 annorlunda

74 1069 152 26 förordnades;

147 1104 12 21 å
175 1103 139 22 Guvernören
331 1103 59 22 öfver
405 1104 26 21 X.
447 1104 38 21 län
501 1104 32 21 W.
548 1104 40 21 och
600 1103 34 22 för
644 1104 60 22 tiden
715 1104 124 23 Vicelands-

76 1138 152 21 sekreteraren
243 1138 31 25 L.,
287 1139 13 20 å
310 1138 98 21 hvilkens
419 1138 154 27 föredragning
583 1138 72 27 frågor
665 1138 112 27 angående
787 1139 52 22 häk-

76 1172 52 21 tade
148 1179 104 20 personer
272 1173 124 27 ankommit,
416 1173 34 21 för
466 1173 38 21 det
520 1173 165 27 Länestyrelsen
701 1173 46 22 dels
763 1174 76 21 urakt-

77 1206 49 21 låtit
149 1207 87 27 vidtaga
255 1207 77 27 åtgärd
356 1207 89 26 derhän,
468 1209 34 20 att
522 1207 58 22 Sofia
595 1207 33 22 W.
644 1208 35 21 vid
695 1207 144 28 lösgifvandet

76 1241 48 21 från
139 1241 77 22 häktet
232 1242 85 21 erhållit
332 1242 61 21 bevis
410 1241 102 22 deröfver
527 1244 32 19 att
574 1242 42 21 hon
633 1243 79 20 utstått
724 1242 37 21 det
769 1242 70 22 henne

77 1275 94 22 ådömda
191 1276 90 26 straffet,
301 1276 39 21 och
357 1276 45 21 dels
423 1276 49 21 icke
492 1276 109 21 meddelat
615 1276 142 27 Magistraten
773 1277 7 21 i
795 1279 44 20 sta-

78 1309 41 22 den
135 1310 161 21 underrättelse
311 1310 56 21 huru
383 1310 49 21 med
448 1310 61 21 Sofia
524 1311 32 21 W.
572 1310 104 27 förfarits;
696 1312 56 20 samt

147 1344 13 21 å
176 1344 139 22 Guvernören
331 1345 32 21 W.
379 1344 41 22 och
436 1344 34 22 för
486 1345 59 21 tiden
561 1346 15 20 t.
590 1344 14 21 f.
616 1344 224 23 Vicelandskamrera-

77 1384 38 15 ren
131 1378 27 21 H.
174 1378 33 22 för
223 1379 36 21 det
275 1379 166 27 Länestyrelsen
459 1379 32 21 uti
507 1379 61 21 ofvan
580 1379 129 27 åberopade,
721 1379 22 21 af
751 1379 27 21 H.
789 1380 52 22 kon-

77 1412 150 27 trasignerade
247 1412 112 22 skrifvelse
375 1412 24 22 af
417 1413 43 21 den
476 1415 27 19 27
524 1413 122 22 November
669 1413 53 22 1883
738 1414 103 22 beordrat

77 1446 154 28 Kronofogden
247 1447 21 22 S.
289 1449 38 25 att,
345 1449 60 19 utom
421 1450 74 24 annat,
512 1448 44 21 låta
572 1447 99 22 befordra
687 1447 58 22 Sofia
760 1448 33 21 W.
809 1449 33 21 till
