1031 1678
381 124 21 18 U.
415 124 20 17 B.
448 124 93 17 XXXVII.
795 125 22 17 21

84 178 143 25 Ofversättning.

445 333 18 19 2.

151 387 83 28 Enligt
253 387 237 28 spräkförordningen
510 388 26 20 af
556 389 54 21 1865
630 387 121 22 fordrades
770 388 26 19 af
809 387 28 20 de

82 420 113 21 Finlands
218 421 74 21 banks
314 421 147 28 tjenstemän,
485 422 81 21 hvilka
588 422 93 21 kommo
701 421 8 21 i
728 421 109 28 beröring

82 455 52 20 med
150 455 45 20 den
210 455 75 21 finska
301 455 176 28 befolkningen,
497 456 107 28 kunskap
621 456 8 21 i
644 455 75 22 finska
735 455 100 28 spräket.

82 489 115 28 Paragraf
215 491 12 20 7
246 489 8 21 i
273 489 102 22 nämnda
392 489 138 29 förordning
545 493 68 25 säger
628 489 127 28 nemligen:
779 489 57 28 ,Vid

82 523 75 28 öfriga
173 523 132 28 domstolar,
323 524 145 21 ämbetsverk
488 524 44 21 och
547 523 171 29 myndigheter,
735 523 40 22 der
791 523 44 21 den

81 557 76 21 finska
171 557 168 29 befolkningen
355 558 46 21 kan
417 557 71 22 hafva
502 558 197 28 angelägenheter
710 559 35 20 att
759 558 76 21 ombe-

82 591 67 28 sörja,
169 592 133 21 ankommer
321 592 40 21 det
379 593 13 20 &
411 593 185 21 vederbörandes
616 592 88 27 tillsyn,
725 593 34 20 att
777 592 8 20 i
801 592 34 21 sä-

82 625 60 22 dana
157 626 168 29 befattningar,
342 634 49 13 som
406 626 120 21 föranleda
545 627 37 20 till
602 626 142 21 omedelbart
759 628 76 19 munt-

81 660 45 28 ligt
145 660 152 21 meddelande
316 661 52 20 med
386 661 170 26 rättssökande,
577 661 19 27 ej
622 660 117 21 användas
763 660 72 21 andra

82 698 28 17 än
126 694 35 27 de,
178 702 49 14 som
244 695 167 27 erforderligen
426 695 78 21 känna
519 694 102 22 nämnda
637 694 86 28 spräk*.

149 729 44 20 Att
215 729 76 21 denna
313 729 111 28 paragraf
446 729 67 21 äfven
537 728 113 22 hänförde
672 729 36 27 sig
728 728 36 21 till
780 728 54 21 Fin-

80 762 67 21 lands
163 763 68 27 bank,
249 763 102 28 framgär
366 763 27 21 af
401 763 111 29 paragraf
521 764 26 21 16
558 764 8 20 i
577 763 101 21 nämnda
689 762 144 28 förordning,

80 796 8 21 i
104 796 97 22 hvilken
217 797 39 21 det
271 797 74 21 heter:
369 816 8 9 ,
380 798 54 20 Alla
454 798 37 20 till
510 797 151 21 landtmäteri
677 798 42 20 och
735 799 99 27 poststa-

80 832 46 25 ten,
143 831 140 28 postverket,
299 832 91 24 banken,
406 834 60 18 samt
481 832 121 20 tullstaten
621 831 102 21 hörande
739 831 95 29 tjenste-

80 868 61 23 män,
165 872 48 14 som
236 865 69 22 hafva
325 867 34 19 att
378 866 37 20 till
434 866 91 21 landets
544 866 76 21 finska
642 866 139 27 befolkning
799 867 35 19 ut-

80 898 66 29 gifva
175 898 304 30 förrättningsprotokoller,
514 900 319 28 besigtningsinstrumenter,

80 933 133 28 räkningar,
231 934 134 27 gvittenser,
382 934 176 28 förpassningar
574 934 44 21 och
636 934 73 28 betyg
729 934 26 20 af
767 934 68 20 hvar-

78 967 103 29 jehanda
196 968 57 28 slag,
269 968 56 22 böra
344 968 38 21 till
403 968 81 28 dylika
502 968 153 28 handlingars
670 968 163 28 upprättande,

80 1001 30 21 dä
125 1002 40 20 det
179 1002 9 21 i
204 1002 65 21 deras
289 1003 104 28 förmäga
412 1003 48 20 stär
480 1003 43 20 och
539 1002 110 21 anhällan
665 1002 78 21 derom
759 1005 74 24 göres,

80 1035 108 29 begagna
207 1037 39 20 det
264 1037 75 21 finska
358 1037 100 28 spräket,
479 1037 90 21 hvilket
588 1044 49 14 som
660 1044 28 13 en
707 1036 126 27 ovilkorlig

80 1069 136 29 skyldighet
234 1071 103 21 kommer
357 1073 35 19 att
410 1071 78 28 äligga
507 1071 47 21 alla
573 1071 58 26 dem,
652 1078 48 14 som
716 1071 58 20 efter
789 1070 45 21 den

81 1105 10 20 1
108 1104 99 21 Januari
224 1106 55 21 1872
294 1105 40 21 vid
349 1105 102 21 nämnda
467 1107 71 19 stater
558 1105 111 21 anställas
688 1105 56 20 eller
762 1105 73 20 vinna

80 1138 126 21 befordran
222 1151 26 4 —
265 1153 26 2 —
308 1140 46 20 —*.
385 1140 124 20 Dessutom
524 1139 131 21 innehäller
670 1143 62 17 ännu
747 1146 87 13 samma

79 1172 149 29 förordnings
245 1175 12 25 $
274 1175 26 20 19
315 1173 103 28 följande
430 1173 171 22 bestämmelse:
618 1173 57 28 ,Vid
686 1173 149 21 besättandet

79 1206 27 21 af
120 1206 97 29 tjenster
232 1207 8 21 i
256 1207 127 22 allmänhet
398 1208 60 21 skall
474 1207 110 22 afseende
601 1208 72 21 fästas
685 1209 13 20 ä
712 1207 28 21 de
751 1207 83 21 sökan-

80 1240 40 21 des
139 1241 132 22 kännedom
289 1242 26 21 af
332 1242 75 21 finska
426 1242 100 28 spräket,
546 1243 24 20 sä
590 1244 36 19 att
644 1242 51 27 den,
716 1249 47 14 som
780 1245 55 24 äger

80 1275 75 21 bättre
171 1275 105 28 förmäga
292 1278 35 19 att
341 1276 9 21 i
365 1276 34 21 tal
415 1276 43 21 och
474 1276 69 21 skrift
553 1276 108 28 begagna
671 1275 72 29 sagda
759 1276 75 27 spräk,

79 1309 36 20 för
137 1309 52 20 sina
212 1309 155 22 medsökande
390 1309 99 22 erhäller
512 1310 123 27 företräde,
656 1311 25 20 sä
699 1310 72 21 framt
789 1309 45 21 för-

79 1343 129 28 tjensterna
227 1343 8 21 i
255 1344 73 28 öfrigt
347 1347 39 17 äro
405 1344 67 20 lika".
507 1344 90 21 Genom
618 1344 55 22 1865
688 1344 36 20 års
744 1342 90 22 förord-

79 1377 58 27 ning
152 1376 60 22 hade
227 1384 53 14 man
296 1378 98 20 sälunda
412 1378 79 28 dragit
510 1378 92 28 försorg
621 1377 85 27 derom,
726 1379 35 19 att
779 1377 55 20 Fin-

79 1410 67 22 lands
161 1411 75 21 banks
251 1412 147 28 tjenstemän,
414 1412 62 21 hvad
492 1412 110 21 beträffar
617 1412 103 28 insigten
735 1412 9 20 i
759 1411 76 21 finska

149 1446 138 17 Bankutskottets
297 1446 105 17 betänkande
414 1446 34 16 N:o
461 1446 17 16 3.
