1031 1678
178 117 27 20 14

147 178 150 29 gramfrågans
312 178 132 28 behandling
460 178 33 21 till
507 179 64 20 nästa
586 178 166 23 sammanträde,
771 184 46 14 som
832 180 48 18 utsa

148 217 33 18 tes
198 213 32 21 till
245 212 187 23 förstkommande
446 213 95 26 måndag
558 213 41 20 den
616 213 10 20 1
643 211 96 22 februari
753 211 28 22 kl.
797 212 11 21 7
825 218 19 15 e.
859 218 27 14 m.

702 257 22 18 In
738 257 68 18 fidem:

649 293 20 21 C.
685 293 16 20 J.
717 292 120 27 Lindegvist.

357 452 49 21 Den
431 454 9 19 1
464 451 96 22 februari
584 452 54 21 1886
664 451 175 22 sammanträdde
861 450 42 22 för-

289 486 83 21 stärkta
387 485 295 28 Ständerhusdelegationen,
697 485 91 22 hvarvid
803 486 101 21 närvoro:

289 521 53 21 ordf.
358 521 26 21 hr
399 521 105 27 Tallgvist
526 524 56 18 samt
605 521 97 27 följande
720 520 72 27 öfriga'
806 519 99 22 medlem-

289 563 54 14 mar:
359 555 38 22 hrr
412 555 129 28 Schauman,
558 562 41 14 von
613 555 96 27 Alfthan,
721 554 183 28 Standertskjöld,

288 590 91 25 Decker,
394 589 132 28 Furuhjelm,
541 589 95 26 Donner,
647 589 109 25 Kihlman,
766 589 63 27 Lyra,
841 588 64 21 Fors-

289 632 56 17 man,
364 624 134 27 Lindegvist,
518 619 92 31 Öhman,
626 623 87 28 Elving,
729 618 92 32 Öhberg,
838 624 65 20 Vase-

289 659 54 22 nius,
365 659 122 25 Estlander,
509 657 109 28 Almberg,
633 658 118 25 Meurman,
770 657 136 27 Gripenberg

291 693 40 21 och
345 692 85 22 Melart.

506 751 47 26 $1.

220 800 41 22 Vid
276 800 68 22 skedd
356 801 109 27 justering
481 801 24 21 af
517 800 132 29 protokollet
664 801 33 21 för
712 802 41 20 den
768 802 28 20 29
811 800 52 22 sistl.
872 800 35 27 ja-

150 835 63 21 nuari
228 835 123 22 inlemnade
367 835 26 21 hr
408 835 112 22 Meurman
535 836 133 21 reservation
683 838 45 19 mot
743 835 161 27 delegationens

151 870 28 20 dä
193 869 85 22 fattade
301 869 70 22 beslut
390 872 33 19 att
437 870 41 22 hos
491 870 260 21 Riddarhusdirektionen
767 869 88 22 anhälla
870 876 35 14 om

150 906 57 19 vissa
230 904 120 27 eftergifter
367 904 4 21 i
387 905 26 20 de
429 904 25 22 af
466 904 100 22 bemälda
581 904 108 22 direktion
704 904 117 28 uppstälda
835 903 71 22 vilkor

149 938 34 22 för
197 938 116 28 ifrägasatt
328 938 112 22 afstäende
456 939 24 21 af
488 940 42 20 den
538 946 16 14 s.
562 939 21 21 k.
592 939 207 27 riddarhussgvären
807 938 34 22 till
849 945 54 21 upp-

149 973 92 21 förande
255 973 26 21 af
294 976 31 18 ett
340 973 150 22 treständshus
504 974 8 20 i
528 973 98 27 förening
641 974 49 20 med
705 973 143 25 riddarhuset,
860 972 39 22 och

149 1014 40 14 var
205 1007 74 22 denna
293 1007 139 26 reservation,
448 1014 45 15 som
509 1015 29 14 nu
553 1007 112 28 upplästes
675 1007 25 22 af
708 1007 95 28 följande
813 1007 93 28 lydelse
897 1003 13 37 :

456 1083 150 22 Reservation.

219 1139 34 21 Dä
269 1139 36 22 det
320 1139 79 27 beslut,
415 1147 46 14 som
476 1141 36 21 vid
527 1143 86 19 senaste
628 1140 161 21 sammanträde
803 1139 102 24 fattades,

150 1176 33 19 att
205 1173 126 28 ytterligare
353 1174 52 27 ingä
421 1175 33 20 till
469 1175 261 22 Riddarhusdirektionen
746 1175 49 20 med
809 1173 96 28 begäran

150 1215 35 15 om
207 1208 148 22 modifikation
371 1209 25 21 af
409 1210 26 21 de
452 1209 76 26 vilkor,
544 1210 69 21 under
627 1209 74 22 hvilka
716 1215 26 15 en
758 1208 148 27 sambyggnad

150 1243 25 21 af
187 1245 32 19 ett
234 1242 41 21 hus
290 1242 33 22 för
339 1244 26 20 de
381 1245 33 20 tre
430 1243 170 22 ofrälseständen
616 1245 50 20 med
676 1243 146 22 Riddarhuset
832 1242 72 21 kunde

149 1277 89 26 tillätas,
254 1277 117 26 sannolikt,
387 1280 33 19 att
430 1279 64 20 döma
502 1278 24 21 af
532 1278 74 21 dervid
614 1278 77 28 gjorda
699 1277 136 25 uttalanden,
845 1277 61 20 kom-

150 1319 45 14 mer
218 1313 33 20 att
273 1311 51 22 leda
343 1312 33 21 till
396 1312 37 21 det
455 1313 97 25 resultat,
571 1315 32 19 att
622 1319 26 15 en
667 1313 68 21 sädan
754 1311 148 28 sambyggnad

149 1346 111 28 verkligen
283 1346 98 22 kommer
403 1349 32 19 att
458 1348 44 25 ske,
522 1347 40 21 och
582 1347 84 21 säledes
681 1346 42 22 blir
737 1345 119 28 afgörande
871 1344 34 22 för

149 1381 50 21 hela
213 1380 85 28 frägan,
314 1388 63 14 anser
390 1382 38 27 jag
444 1381 44 27 mig
502 1381 54 21 böra
571 1381 39 21 hos
626 1381 151 27 delegationen
793 1380 110 21 vördsamt

150 1415 88 21 anhålla
253 1418 34 18 att
303 1415 22 21 få
339 1415 33 21 till
387 1415 132 28 protokollet
534 1415 84 27 afgifva
633 1416 43 20 min
693 1414 140 22 reservation.
