1031 1678
813 127 28 22 85

108 194 47 15 mas
173 188 7 21 i
203 189 36 20 det
255 195 42 20 nya
312 188 75 21 husets
402 190 154 21 motsvarande
571 189 87 28 våning,
681 189 70 22 skulle
767 189 52 28 fylla
835 189 34 22 be-

107 222 75 22 hofvet
197 223 25 20 af
235 222 149 27 utskottsrum,
400 223 68 27 arkiv,
485 223 112 26 bibliotek,
614 223 216 22 restaurationslokal
841 231 27 14 m.

107 264 36 18 m.,
167 264 45 14 som
233 259 59 19 utom
313 257 105 21 ståndens
434 257 154 22 sessionssalar
603 259 50 20 med
668 258 48 21 sina
731 257 83 22 förrum
830 258 40 21 och

107 291 170 22 kanslirummen
293 293 82 20 ansetts
390 291 34 22 för
440 293 128 20 ständernas
589 299 161 20 gemensamma
768 292 102 21 ändamål

108 326 85 26 nödiga.
230 325 63 22 Hvad
313 325 103 21 beträffar
432 327 42 20 den
490 326 204 27 byggnadssumma,
713 334 45 13 som
775 326 24 21 af
812 327 57 20 stän-

108 360 69 22 derna
199 360 70 21 blifvit
291 360 111 27 anslagen,
426 360 72 21 tviflar
516 360 168 22 kommissionen
706 360 46 22 icke
773 363 33 19 att
827 361 42 21 den

108 401 51 14 vore
174 394 119 27 tillräcklig
308 394 33 21 för
356 394 117 21 utförande
489 394 25 21 af
526 396 97 25 antydda
638 395 95 28 projekt.

178 428 43 21 Det
237 429 136 20 sistnämnda
388 435 52 14 vore
455 428 7 21 i
478 429 27 20 än
522 428 66 28 högre
604 429 54 26 grad
673 429 68 27 fallet,
762 436 34 14 om
813 428 56 21 dele-

108 463 103 27 gationen
227 463 69 21 skulle
312 462 86 22 besluta
413 463 33 26 sig
461 463 33 20 för
511 469 26 15 en
553 463 128 27 utvidgning
698 463 23 22 af
733 463 137 22 riddarhuset

109 497 68 27 enligt
192 497 65 22 ofvan
272 500 113 25 upptagna
401 497 117 22 alternativ
533 498 20 25 3,
569 497 82 22 hvilket
666 498 55 21 dock
733 498 66 27 enligt
810 497 60 22 kom-

108 532 127 21 missionens
251 532 86 27 mening
353 531 92 22 innebär
461 533 41 20 den
519 533 81 20 sämsta
616 533 89 27 möjliga
720 532 114 27 lösningen
848 532 25 21 af

108 566 83 28 frågan.
221 566 77 27 Billigt
314 566 69 21 blefve
400 566 109 28 projektet
525 567 67 20 redan
608 567 78 25 derför,
703 569 32 19 att
751 574 34 14 om
797 567 72 27 någon

107 603 58 26 yttre
188 601 121 21 arkitektur
331 601 5 20 i
358 602 61 20 detta
440 601 39 21 fall
500 601 110 27 knappast
626 601 73 22 kunde
716 601 65 22 blifva
797 602 72 27 någon

107 636 68 27 fråga.
211 635 66 22 Detta
299 635 86 28 projekt
406 635 98 22 vidlåder
524 635 56 22 dock
600 636 7 21 i
628 636 66 27 öfrigt
715 637 24 20 så
754 639 59 18 stora
829 636 40 21 och

108 671 63 21 svåra
191 670 144 27 olägenheter,
359 672 34 18 att
409 676 26 15 en
452 670 100 27 allvarlig
567 670 67 21 tanke
649 671 29 26 på
694 671 49 20 dess
757 670 112 21 förverkli-

107 706 72 26 gande
194 704 43 21 kan
253 710 63 15 anses
331 704 34 21 till
381 704 41 21 och
438 705 49 21 med
503 705 76 26 vågad.
617 704 50 22 Icke
682 704 56 22 blott
754 706 37 24 ett,
816 707 53 19 utan

108 740 80 20 tvänne
204 739 41 21 hus
260 738 70 22 blefve
347 738 125 28 derigenom
488 746 46 14 mer
549 738 53 22 eller
612 739 83 21 mindre
706 738 111 25 förfelade,
829 738 40 22 och

108 774 61 20 detta
183 773 48 21 icke
247 773 93 21 allenast
355 773 58 21 hvad
429 774 63 20 deras
507 776 57 25 yttre
580 774 140 25 vidkommer,
736 776 53 18 utan
805 773 64 22 äfven

108 821 27 3 —
151 808 58 21 hvad
224 808 61 21 värre
301 808 24 20 är
341 820 27 2 —
383 808 7 20 i
406 808 104 21 afseende
526 808 13 21 &
555 808 62 21 deras
632 808 123 27 inredning.
786 808 81 20 Hvart-

108 843 53 20 dera
175 842 64 21 huset
254 842 85 21 komme
354 844 33 19 att
403 842 69 21 sakna
488 842 128 28 tillräckligt
632 842 55 22 bäde
702 842 41 21 luft
759 842 40 21 och
815 842 52 28 ljus;

108 878 36 20 det
165 877 125 21 nuvarande
311 876 138 22 riddarhuset
470 876 70 22 skulle
563 877 81 21 förlora
664 884 26 14 en
706 877 27 21 fri
749 877 61 21 fasad
827 876 40 22 och

108 912 36 20 det
167 911 118 27 tillbyggda
305 910 63 22 huset
385 911 83 21 erhölle
486 911 42 27 ljus
547 912 77 21 endast
642 911 49 22 från
707 912 79 20 tvänne
802 911 65 21 sidor.

110 946 98 21 Emedan
225 946 88 20 marken
329 946 104 27 betydligt
448 946 63 27 höjer
527 946 31 27 sig
574 948 44 19 mot
629 946 186 27 Regeringsgatan
827 945 40 21 och

106 980 41 21 här
162 980 68 27 ligger
245 980 69 27 högst,
331 982 53 19 utan
400 983 33 18 att
449 980 66 21 likväl
527 980 33 21 för
570 980 137 22 tillstötande
718 983 63 24 gator
792 980 75 20 kunna

107 1014 86 25 sänkas,
210 1015 24 20 sä
249 1014 80 21 erhölle
345 1014 64 21 huset
425 1015 13 20 &
454 1015 49 20 dess
519 1015 53 20 midt
588 1021 27 14 en
631 1014 125 27 sockelhöjd
767 1013 24 22 af
799 1013 69 28 knapt

107 1055 27 14 en
152 1049 32 20 fot
204 1049 40 20 och
259 1055 97 14 rummen
371 1049 7 20 i
394 1049 42 20 den
452 1049 66 20 nedre
534 1049 108 27 väningen
663 1049 24 21 af
708 1049 159 27 tillbyggnader

106 1083 73 21 kunde
195 1083 46 21 icke
257 1083 82 21 erhålla
355 1084 69 20 större
440 1083 52 28 höjd
508 1084 28 20 än
552 1090 98 14 rummen
666 1083 7 21 i
688 1084 37 21 det
741 1083 126 21 nuvarande

108 1117 143 22 riddarhuset.

175 1151 173 22 Kommissionen
372 1153 43 20 kan
436 1152 77 21 härvid
533 1153 18 27 ej
568 1153 116 20 underläta
699 1154 34 19 att
748 1153 59 20 ännu
823 1158 44 15 om-

106 1187 81 20 nämna
205 1193 27 14 en
251 1186 80 21 allmän
351 1186 124 27 olägenhet,
499 1193 45 14 som
563 1187 34 21 för
612 1187 45 21 alla
672 1187 63 21 dessa
751 1186 117 21 alternativ

106 1219 70 22 blefve
192 1220 125 27 oundviklig
332 1220 40 21 och
388 1227 46 14 som
450 1222 68 20 redan
535 1221 35 22 vid
588 1221 52 22 1877
658 1222 34 20 års
707 1221 106 26 landtdag
829 1221 38 26 pä-

106 1254 103 28 pekades,
227 1255 27 21 dä
269 1255 208 28 ständerhusfrägan
493 1255 25 22 af
526 1257 118 20 ständerna
655 1255 159 26 debatterades,
825 1255 42 21 den

106 1289 110 28 nämligen
232 1291 32 20 att
280 1296 49 15 man
345 1290 7 20 i
367 1289 55 28 följd
438 1290 24 21 af
476 1292 120 25 gvarterets
612 1291 62 26 ringa
689 1290 74 26 bredd,
774 1290 56 21 huru
841 1290 26 20 de

107 1323 72 21 skilda
198 1323 147 27 plenisalarna
364 1325 28 19 än
411 1325 35 20 mä
464 1325 80 20 tänkas
562 1325 133 25 anordnade,
714 1325 13 20 å
745 1325 80 20 tvänne
845 1323 25 21 af

105 1358 49 20 dem
177 1358 18 26 ej
219 1358 43 21 kan
285 1358 82 21 erhälla
385 1359 71 20 större
478 1358 68 22 bredd
564 1360 28 20 än
611 1360 42 20 den
672 1358 73 22 alltför
764 1358 62 26 ringa
846 1357 25 21 af

105 1391 64 28 högst
185 1393 28 21 35
229 1392 37 26 fot,
282 1392 40 22 och
338 1393 60 21 detta
414 1392 92 22 oaktadt
517 1393 91 27 vestibyl
619 1393 40 21 och
671 1392 196 28 trappuppgångar

104 1426 122 27 ingalunda
241 1428 64 26 göras
321 1426 33 22 för
369 1429 66 20 stora.
466 1427 74 27 Enligt
556 1428 27 20 de
599 1427 73 21 utkast
683 1427 33 21 till
726 1427 83 27 planer,
821 1432 46 16 som
