1031 1678
82 453 193 24 Berättelse
285 454 30 21 till
327 453 199 22 Storfurstendömet
538 453 93 22 Finlands
642 454 29 21 till
684 454 83 27 lagtima
779 455 64 21 landt-

153 489 38 26 dag
216 489 4 20 i
245 488 126 27 Helsingfors
396 487 22 22 år
442 488 56 21 1888
518 488 173 21 sammankallade
707 488 88 21 Ständer
811 494 32 15 om

155 523 116 27 Styrelsens
294 523 135 26 tillgöranden
449 523 5 20 i
470 523 106 26 anledning
594 523 20 21 af
630 523 25 22 de
671 523 43 21 utaf
730 523 115 21 Ständerna

154 558 31 21 vid
204 558 121 26 landtdagen
343 557 24 21 år
383 557 55 22 1885
455 557 79 21 fattade
550 557 74 26 beslut,
636 558 65 21 hvilka
711 557 68 22 vunnit
791 558 54 21 Hans

155 592 99 26 Majestät
271 591 98 27 Kejsaren
386 591 38 21 och
436 591 138 22 Storfurstens
587 591 74 27 nådiga
673 591 54 22 bifall
739 592 38 21 och
789 591 56 22 stad-

154 626 95 26 fästelse,
273 626 102 21 äfvensom
401 626 87 21 rörande
508 626 50 21 hvad
578 626 54 21 Hans
654 626 113 27 Kejserliga
783 626 62 27 Maje-

155 661 44 21 stät
216 661 4 20 i
237 660 68 26 öfrigt,
323 660 25 28 på
365 660 63 26 grund
440 660 21 20 af
471 660 179 27 förhandlingarne
661 661 31 20 vid
703 661 64 26 sagde
781 661 64 20 landt-

157 695 46 26 dag,
219 694 69 22 täckts
303 694 103 21 förordna.

87 792 40 22 A.
158 787 97 31 Ärenden,
271 792 64 20 hvilka
351 792 53 20 varit
420 792 20 20 af
456 791 54 21 Hans
528 791 112 27 Kejserliga
652 791 96 27 Majestät
759 791 88 22 medelst

156 826 114 26 framlagda
287 826 72 27 nådiga
375 826 152 27 propositioner
544 826 149 21 öfverlemnade
708 826 29 21 till
749 826 98 21 Ständer-

157 866 38 16 nas
212 860 126 27 behandling.

159 919 39 19 1:o.
220 916 61 22 Efter
298 917 35 21 det
349 918 61 20 Hans
425 917 121 26 Kejserliga
562 917 102 27 Majestät
679 917 32 21 till
727 917 121 21 Ständerna

88 951 72 21 aflåtit
183 952 65 25 nådig
271 952 133 26 proposition
428 951 49 21 med
496 951 80 27 förslag
591 952 33 20 till
640 952 101 20 manifest
757 958 34 14 om
806 951 43 21 för-

89 986 83 21 ändrad
195 986 82 25 lydelse
301 986 22 20 af
345 987 24 20 51
392 986 40 21 och
448 986 28 21 52
492 986 24 27 8$
531 986 7 21 i
554 986 246 26 Landtdagsordningen
816 985 33 22 för

89 1019 210 22 Storfurstendömet
321 1019 93 22 Finland
438 1019 24 22 af
483 1020 40 21 den
545 1021 25 20 15
586 1020 32 27 (3)
634 1020 61 27 April
712 1021 61 25 1869,
790 1019 59 22 inne-

90 1054 97 21 fattande
211 1054 76 27 tillägg
311 1061 33 14 om
368 1055 141 20 motionsrätt
528 1054 34 21 för
577 1054 86 21 landets
679 1054 99 25 Ständer,
795 1056 56 19 samt

90 1089 122 21 Ständerna
229 1089 7 20 i
252 1089 135 26 underdånig
404 1088 112 21 skrifvelse
532 1089 24 20 af
570 1089 41 20 den
628 1089 25 20 13
670 1089 61 26 April
749 1089 54 20 1885
815 1095 35 14 an-

90 1123 61 27 mält,
167 1125 33 18 att
215 1122 123 21 Ständerna
355 1123 84 26 antagit
455 1123 36 21 det
507 1123 123 21 Ständerna
645 1123 111 26 förelagda
772 1122 79 27 lagför-

91 1157 70 26 slaget
177 1157 148 26 oförändradt,
341 1157 40 21 har
397 1157 61 21 Hans
474 1157 104 27 Majestät
593 1157 72 21 täckts
676 1157 92 21 medelst
779 1157 71 26 högst-

91 1191 136 27 egenhändig
250 1191 134 22 underskrift
407 1191 109 22 stadfästa
538 1191 66 27 sagda
626 1191 125 27 lagförslag;
772 1191 39 21 och
828 1193 24 20 är

91 1226 64 27 lagen
171 1225 102 21 utfärdad
289 1226 40 21 den
346 1227 26 20 25
390 1226 46 27 (13)
452 1225 52 22 Juni
520 1225 24 22 år
561 1226 61 21 1886.

162 1261 41 20 2:0.
229 1260 72 21 Sedan
317 1260 129 26 Ständerna,
464 1261 71 20 såsom
551 1267 49 14 svar
615 1261 28 26 på
659 1260 81 27 nådiga
755 1260 97 27 proposi-

92 1295 75 21 tionen
183 1295 49 20 med
248 1295 81 26 förslag
344 1295 33 20 till
392 1295 128 26 förordning
530 1295 111 26 angående
653 1295 96 26 eftergift
759 1295 7 20 i
777 1296 76 19 värne-

90 1329 98 27 pligtens
212 1329 135 26 fullgörande
363 1330 34 20 för
412 1329 68 21 finske
496 1329 148 27 medborgare,
660 1329 72 21 hvilka
747 1329 84 20 inträdt
847 1329 6 21 i

94 1364 52 26 rysk
168 1363 134 27 krigstjenst,
322 1363 7 21 i
348 1363 112 22 skrifvelse
480 1363 24 21 af
517 1364 41 20 den
575 1364 27 20 20
618 1363 59 21 Mars
694 1364 54 20 1885
764 1363 90 26 anmält,

94 1400 33 19 att
149 1397 245 27 författningsförslaget
417 1398 23 20 af
462 1398 122 21 Ständerna
608 1398 95 26 antagits
722 1398 49 20 med
787 1396 68 28 några

94 1432 84 22 mindre
201 1432 122 26 ändringar,
343 1432 40 21 har
403 1432 61 21 Hans
480 1432 123 27 Kejserliga
618 1432 103 26 Majestät
737 1432 50 20 låtit
802 1431 7 21 i
825 1431 32 21 öf-
