1031 1678
836 132 26 21 57

482 193 14 26 8
512 193 20 20 2.

198 231 116 28 Upplästes
337 238 27 15 en
383 231 49 22 från
452 231 125 22 arkitekten
597 231 74 29 Höijer
686 233 127 22 inkommen
828 233 64 22 skrif-

128 265 65 27 velse,
209 265 48 22 däri
272 265 99 22 bemälde
387 266 96 21 arkitekt
498 266 86 27 afsäger
600 267 33 27 sig
648 267 125 28 uppdraget
789 270 33 19 att
832 270 57 20 utar-

128 300 51 22 beta
199 300 40 21 och
257 299 34 22 till
311 299 67 22 täflan
395 300 97 22 inlemna
507 300 177 28 eskissritningar
699 301 33 22 till
748 302 37 21 det
800 302 91 22 afsedda

128 334 158 21 ständerhuset.

485 392 13 26 8
515 392 19 21 3.

198 431 121 28 Föredrogs
335 437 27 15 en
378 431 33 21 till
427 431 154 28 delegationen
597 431 58 22 stäld
670 431 113 23 skrifvelse
799 433 49 22 frän
859 435 31 20 ett

129 465 60 22 antal
205 465 111 22 inhemske
332 465 126 27 arkitekter,
477 465 74 22 hvilka
566 466 48 21 däri
629 466 89 22 anhälla
733 473 36 16 om
784 467 106 28 rättighet

128 501 34 20 att
175 500 68 28 jämte
259 501 26 20 de
301 500 24 21 af
338 500 85 27 deleg:n
439 501 92 20 utsedde
546 500 44 21 fem
605 501 121 22 arkitekter
741 501 22 22 fä
778 501 112 23 inkomma

129 535 49 20 med
193 534 175 28 ritningsförslag
383 535 33 20 till
432 535 162 22 ständerhuset.

197 569 10 20 I
223 569 117 27 anledning
355 569 25 21 af
393 570 97 20 nämnda
505 569 112 22 skrifvelse
627 570 88 27 yttrade
726 570 32 27 sig
769 571 56 21 först
835 571 54 21 ordf.

129 605 58 20 emot
202 604 41 20 den
259 603 48 22 däri
321 603 129 22 framstälda
466 603 111 26 anhållan,
598 603 65 22 hvars
677 604 123 28 beviljande
816 607 73 26 syntes

128 637 27 22 hr
170 637 54 22 ordf.
240 645 53 15 vara
308 637 102 28 liktydigt
425 639 51 20 med
491 640 31 19 ett
538 638 154 27 upphäfvande
709 639 24 21 af
751 639 97 27 deleg:ns
863 639 27 21 ti-

129 672 75 27 digare
219 672 70 21 beslut
305 679 34 14 om
351 678 26 15 en
388 672 124 27 begränsad
523 672 73 22 täflan.
628 672 73 22 Sedan
713 673 53 21 därä
777 680 26 14 en
813 673 76 27 längre

129 706 124 22 diskussion
268 706 7 21 i
291 707 90 21 ärendet
397 706 33 22 för
445 707 34 27 sig
492 707 48 27 gått
555 706 41 22 och
606 707 8 21 i
624 708 109 20 anseende
744 707 34 21 till
789 708 42 21 den
841 708 49 21 där-

128 741 37 21 vid
187 742 86 26 yppade
297 741 211 27 meningsolikheten
526 741 70 27 yrkan
616 742 68 27 gjorts
704 742 28 27 pä
748 742 142 27 omröstning,

129 775 124 22 förklarade
275 776 54 21 ordf.
351 776 32 27 sig
400 782 54 16 vara
472 778 96 25 tvungen
584 778 32 20 att
631 777 67 26 vägra
713 777 69 21 sädan
799 777 89 21 omröst-

129 810 58 27 ning,
199 811 91 21 emedan
300 817 78 21 genom
389 811 127 21 densamma
527 812 31 20 ett
568 810 155 28 upphäfvande
740 810 53 22 eller
803 812 86 21 väsent-

128 844 31 28 lig
173 844 127 28 förändring
315 845 25 21 af
353 845 97 28 deleg:ns
466 845 60 21 förra
542 845 70 21 beslut
622 846 8 20 i
640 846 73 20 ämnet
725 845 74 22 kunde
809 846 79 27 ifräga-

128 879 93 21 komma.

196 914 45 21 Mot
263 914 72 21 denna
357 914 159 21 ordförandens
539 914 82 27 vägran
642 915 137 21 reserverade
800 914 33 28 sig
851 915 37 21 hrr

127 948 132 26 Schauman,
283 947 174 29 Standertskjöld
480 948 41 21 och
543 947 118 27 Sanmark,
677 955 46 15 som
747 949 89 27 ansägo,
855 951 34 19 att

127 982 84 27 deleg:n
227 982 56 22 hade
299 982 63 22 bordt
377 984 50 20 med
442 983 137 21 tacksamhet
595 984 98 26 mottaga
703 984 37 20 det
751 983 8 21 i
769 983 118 21 ansöknin-

126 1023 41 21 gen
190 1017 153 27 inneliggande
359 1016 111 28 välvilliga
492 1017 103 25 anbudet,
611 1017 120 28 hvarjämte
760 1017 26 21 hr
805 1017 83 28 Elving

126 1051 96 21 önskade
237 1051 23 21 få
275 1051 32 21 till
318 1051 132 27 protokollet
461 1051 135 21 antecknadt
606 1051 39 21 sitt
655 1052 69 21 under
735 1051 152 22 diskussionen

126 1085 8 21 i
149 1085 76 28 frägan
241 1085 126 22 framstälda
383 1085 89 28 förslag,
496 1088 32 19 att
545 1085 91 28 deleg:n,
660 1085 67 22 innan
744 1087 42 20 den
802 1085 85 28 afgäfve

126 1127 49 14 svar
190 1121 29 26 pä
233 1120 92 21 berörda
341 1119 119 26 skrifvelse,
475 1120 69 21 borde
559 1119 97 28 tillfråga
671 1121 26 20 de
713 1120 34 21 till
762 1120 68 21 täflan
842 1122 44 20 sär-

125 1154 67 21 skildt
207 1155 90 20 utsedde
313 1154 157 26 arkitekterna,
486 1154 107 22 huruvida
608 1155 27 21 de
651 1155 47 21 icke
709 1161 51 16 vore
771 1154 73 28 villige
855 1157 32 19 att

125 1189 73 21 utföra
218 1189 36 21 det
273 1190 47 20 dem
340 1189 143 22 ombetrodda
500 1189 84 22 värfvet
599 1189 64 22 äfven
678 1190 7 20 i
700 1190 79 21 sädant
794 1189 45 26 fall,
855 1192 32 18 att

125 1224 27 21 de
167 1223 124 26 arkitekter,
308 1230 46 15 som
367 1224 76 21 därom
457 1224 8 20 i
479 1223 128 22 skrifvelsen
621 1223 99 26 anhållit,
734 1223 83 28 jämväl
830 1224 57 27 finge

124 1259 45 20 rätt
185 1259 31 20 att
233 1257 34 22 till
282 1258 95 27 deleg:ns
394 1258 139 27 ompröfning
548 1258 96 21 inlemna
660 1259 24 20 af
697 1259 49 20 dem
761 1258 125 28 uppgjorda

124 1291 93 22 eskisser
231 1292 39 21 och
281 1292 188 27 kostnadsförslag
480 1293 33 20 till
524 1293 37 20 det
572 1292 89 27 ifrägav.
672 1292 215 28 bygnadsföretaget,

193 1326 32 21 Pä
239 1327 71 26 grund
325 1327 24 21 af
363 1327 43 21 den
417 1327 91 29 utgäng,
520 1326 77 28 frägan
608 1327 91 21 sälunda
710 1327 93 25 erhällit,
815 1327 70 21 skulle

124 1360 34 21 till
180 1360 98 22 bemälde
301 1361 96 21 sökande
418 1361 78 21 aflätas
515 1368 27 14 en
560 1362 8 20 i
585 1360 118 28 förbindlig
722 1361 55 22 form
793 1360 93 23 affattad

124 1394 175 23 svarsskrifvelse
315 1396 49 20 med
378 1395 71 27 afslag
465 1396 13 20 &
494 1396 42 21 den
551 1396 79 27 gjorda
645 1396 103 21 anhållan
765 1395 40 22 och
824 1395 63 22 anfö-

123 1430 69 20 rande
208 1429 24 21 af
245 1430 26 21 de
287 1429 64 23 ofvan
368 1430 108 27 uppgifna
492 1430 76 21 skälen
584 1430 34 21 för
634 1430 126 22 detsamma.
