1031 1678
805 129 26 21 67

99 190 25 21 af
137 190 61 22 ålder
213 190 56 21 varit
284 190 95 27 brukligt
395 190 7 21 i
418 191 52 21 våra
480 191 69 21 större
560 190 165 22 monumentala
736 191 125 27 byggnader

100 225 41 21 och
161 232 27 14 en
206 224 116 22 reduktion
342 225 25 21 af
387 225 121 22 detsamma
528 225 44 22 kan
588 225 56 22 blott
659 225 108 21 förklaras
781 232 79 21 genom

100 260 41 21 den
157 261 60 20 stora
232 259 79 27 mängd
328 259 161 28 nybyggnader,
506 266 46 15 som
567 259 34 22 för
616 259 59 22 olika
690 259 65 22 behof
765 259 6 21 i
783 267 77 14 senare

102 294 57 21 tider
174 293 119 22 erfordrats
305 293 39 22 och
356 300 46 15 som
413 294 87 27 tvungit
511 295 27 20 de
549 293 116 28 byggande
675 293 34 22 till
719 293 39 22 allt
769 300 91 21 svagare

100 340 27 4 —
143 328 41 21 och
199 327 84 22 mindre
294 327 95 22 hållbart
399 327 163 29 byggnadssätt.
592 328 42 21 Vid
644 328 217 27 monumentalbygg-

100 363 69 21 nader
188 362 43 21 kan
248 363 61 20 detta
324 362 159 28 byggnadssätt
498 362 68 28 enligt
582 362 45 21 min
642 362 88 27 mening
745 362 48 21 icke
809 363 52 26 god-

100 396 85 21 kännas
204 396 41 21 och
264 397 62 20 torde
344 397 37 20 det
396 396 19 28 ej
432 396 68 21 heller
516 397 143 20 annorstädes
675 398 27 19 än
718 396 39 21 hos
773 403 36 14 oss
824 404 37 13 an-

100 431 89 21 vändas.
198 443 27 3 —
235 431 43 20 För
291 431 157 21 Ständerhuset
461 431 40 21 har
511 431 39 28 jag
558 431 64 22 äfven
630 431 135 27 projekterat
772 431 89 22 hvälfda

102 465 129 27 korridorer,
247 465 122 26 vestibuler,
393 465 105 28 trapptak
514 473 27 14 m.
558 473 27 13 m.
602 466 6 20 i
624 465 45 22 alla
684 465 106 28 våningar
805 468 56 19 samt

100 499 161 22 hufvudbärare
282 499 23 22 af
324 500 48 27 jern
388 499 8 22 i
411 499 153 28 plenisalarne,
588 499 83 23 hvilket
686 500 40 21 allt
738 500 39 27 jag
793 501 68 20 måste

101 540 53 15 anse
169 534 135 28 nödvändigt
318 535 8 20 i
341 541 26 14 en
383 534 101 28 byggnad
500 534 25 21 af
538 535 72 21 denna
626 535 87 26 storlek,
730 535 37 21 der
778 541 27 15 en
817 537 45 19 stor

102 568 209 28 meningskomängd
321 569 29 27 pä
359 575 27 15 en
397 570 58 26 gång
466 569 97 22 kommer
574 571 33 20 att
616 569 86 21 samlas.
732 569 69 22 Dessa
808 569 53 22 kon-

102 603 109 22 struktiva
231 603 148 28 anordningar
397 603 66 22 hafva
483 616 29 3 —
524 604 68 27 jemte
608 605 41 20 den
666 604 23 21 af
703 603 159 28 Delegationen

102 638 96 21 önskade
206 637 302 29 sammanbindningsgången
517 639 7 20 i
532 638 193 28 läktarevåningen
734 639 39 21 och
781 638 80 21 källar-

102 672 120 27 våningens
237 672 116 22 utförande
365 672 81 28 jemväl
462 673 33 21 till
510 675 160 25 yttermurarne
686 673 25 21 af
719 672 56 28 tegel
787 686 27 2 —
825 672 37 22 be-

103 706 71 28 tingat
189 713 26 15 en
231 706 85 28 ganska
327 708 44 20 stor
381 706 117 28 tillökning
508 708 7 20 i
524 708 42 21 den
579 707 141 28 erforderliga
730 707 132 28 tegelmäng-

104 741 48 21 den.
181 741 50 21 Men
247 743 33 19 att
296 742 62 20 dessa
373 742 165 28 förändringars
552 742 117 22 införande
683 742 8 21 i
701 742 104 27 förslaget
814 742 48 21 icke

103 775 58 21 varit
176 776 153 25 omotiverade,
345 776 99 22 anhåller
457 777 39 27 jag
512 779 33 19 att
555 777 7 21 i
574 778 36 20 det
620 776 97 28 följande
728 777 22 21 få
759 776 103 22 förklara.

171 809 42 21 Det
233 810 43 21 kan
293 810 48 22 icke
356 817 52 15 vara
423 810 105 28 likgiltigt
543 811 34 21 för
592 811 137 25 statsverket,
751 812 8 20 i
774 810 89 22 hvilken

102 844 131 28 omfattning
249 845 48 21 dess
313 845 125 27 byggnader
453 846 98 21 erfordra
566 848 91 20 remont.
687 846 34 21 På
735 852 26 15 en
772 848 46 19 stor
829 846 33 20 del

103 878 25 21 af
148 879 27 21 de
193 881 73 19 senast
285 879 88 22 utförda
395 880 225 28 kronobyggnaderna
635 880 40 22 har
689 880 173 22 remontkostna-

103 913 68 21 derna
190 914 67 20 redan
277 914 70 21 under
365 915 27 21 de
412 914 70 22 första
501 916 51 20 åren
569 915 60 27 stigit
645 915 33 21 till
693 921 100 19 summor,
817 921 46 15 som

102 946 48 22 icke
158 948 33 20 stå
201 948 8 20 i
219 948 66 27 något
296 948 104 28 naturligt
409 948 137 22 förhållande
554 949 33 21 till
596 949 265 28 byggnadskostnaderna,

103 981 41 21 och
159 982 69 22 måste
244 983 61 21 detta
315 983 7 21 i
333 983 106 27 väsentlig
450 984 50 21 mån
512 984 127 22 tillskrifvas
650 985 41 20 den
703 983 160 27 omständighet

102 1017 33 20 att
151 1023 50 14 man
217 1017 36 21 vid
269 1017 62 21 dessa
346 1017 136 28 byggnaders
497 1018 138 27 uppförande
650 1018 102 28 iakttagit
765 1024 27 15 en
803 1024 60 21 spar-

102 1050 91 27 samhet,
209 1057 46 15 som
271 1051 45 22 ofta
331 1051 70 23 blifvit
410 1052 195 28 olycksbringande
616 1053 124 27 derigenom
751 1054 32 19 att
794 1051 69 28 dåligt

104 1085 53 22 eller
172 1085 115 28 olämpligt
301 1087 100 21 material
416 1087 81 22 måstat
513 1089 119 26 användas,
655 1088 28 21 då
699 1089 41 20 den
756 1087 106 28 beviljade

102 1119 212 28 byggnadssumman
329 1121 48 22 icke
390 1122 114 27 medgifvit
519 1122 152 22 anskaffandet
687 1122 24 21 af
719 1122 77 21 bättre.
815 1121 48 22 Den

103 1153 56 27 hast,
175 1155 50 21 med
241 1155 88 22 hvilken
344 1156 126 28 byggnader
485 1157 7 20 i
508 1157 120 22 allmänhet
643 1157 82 22 utföras
736 1157 39 21 hos
786 1163 42 19 oss,
839 1158 24 20 är

99 1189 82 27 jemväl
201 1190 110 27 onaturlig
329 1191 41 21 och
385 1191 40 21 har
439 1192 29 26 på
484 1198 76 15 senare
576 1192 32 21 tid
623 1192 166 27 mångenstädes
804 1192 59 21 svårt

103 1223 90 22 hämnat
209 1224 38 27 sig.
278 1224 49 22 Med
343 1226 64 21 dessa
421 1226 63 21 fakta
499 1226 34 21 för
548 1227 85 26 ögonen
649 1227 40 21 och
706 1233 34 14 om
755 1233 50 14 man
816 1227 47 20 der-

102 1257 33 22 till
151 1260 60 25 tager
221 1259 8 20 i
239 1259 159 28 öfvervägande
409 1261 27 21 de
447 1261 97 27 resultat,
554 1261 34 21 till
596 1261 76 22 hvilka
681 1263 83 19 statens
775 1260 88 28 nyligen

102 1292 102 21 nedsatta
219 1293 118 22 komission
353 1294 34 21 för
402 1295 193 28 undersökningen
606 1295 26 22 af
640 1297 27 20 de
677 1295 110 28 offentliga
798 1295 65 29 bygg-

104 1327 98 21 naderna
216 1327 8 21 i
239 1329 78 20 staden
332 1329 97 26 kommit,
445 1329 137 22 beträffande
597 1331 37 20 det
650 1331 97 21 tillstånd
762 1331 7 20 i
780 1330 83 22 hvilket

102 1361 37 21 det
155 1362 59 20 stora
224 1361 93 23 flertalet
327 1362 26 22 af
360 1364 142 21 statsverkets
513 1364 127 28 byggnader
651 1364 86 22 befinna
747 1365 38 27 sig,
797 1365 66 27 vågar

101 1396 39 27 jag
156 1398 81 26 antaga
247 1398 33 20 att
291 1397 287 29 Ständerhusdelegationen
590 1398 56 22 skall
657 1399 116 27 godkänna
784 1399 27 21 de
821 1398 42 23 för-
