1031 1678
811 108 40 21 105

186 275 10 20 I
219 274 103 21 händelse
344 275 93 26 sqvären
460 273 90 22 framför
574 273 151 22 Riddarhuset
748 273 74 28 väljes,
839 273 39 21 bör

118 308 123 27 iakttagas:

191 343 41 27 1:0)
248 343 38 20 Att
308 342 64 21 huset
387 342 108 27 förlägges
511 342 59 21 invid
587 342 208 27 Alexandersgatan,
812 341 66 21 skildt

118 376 57 22 ifrån
191 376 146 22 Riddarhuset
351 383 78 21 genom
445 379 31 19 ett
492 376 130 22 mellanrum
638 376 25 21 af
677 378 26 20 60
714 376 32 22 fot
756 378 56 19 samt
823 375 54 21 före-

120 412 53 20 nadt
195 411 49 21 med
269 411 120 21 detsamma
411 417 78 21 genom
509 411 51 27 låga
582 410 137 21 kolonnader
737 410 52 21 eller
803 409 75 22 täckta

119 445 106 28 gallerier,
246 445 95 27 löpande
360 445 113 27 långsmed
493 445 91 21 Riddar-
608 445 41 21 och
664 445 167 27 Mariegatorna.
848 444 30 21 äf-

120 487 87 14 vensom
223 481 31 20 att
270 479 159 22 Riddarhusets
444 482 57 25 yttre
517 479 7 21 i
540 480 42 21 den
600 480 51 21 mån
666 479 121 26 förändras,
799 481 32 19 att
842 479 36 21 det

122 515 131 21 tillsamman
270 515 49 20 med
335 515 36 20 det
387 521 42 20 nya
444 514 61 28 hyset
520 514 68 27 gifver
604 514 108 28 intrycket
728 513 24 22 af
765 521 27 14 en
807 514 71 21 homo-

120 555 41 21 gen
177 548 219 29 byggnadskomplex,
414 549 99 21 hvarföre
529 549 40 21 ock
588 549 49 21 dess
652 549 52 27 höjd
721 548 38 21 bör
774 548 106 27 bringas
867 544 17 37 i

120 583 223 22 öfverensstämmelse
365 583 50 21 med
438 583 157 22 Riddarhusets
616 583 59 27 höjd,
695 583 119 27 hvarjemte
831 583 48 20 dess

119 618 165 27 hufvudingång
302 618 92 21 likasom
414 617 160 22 Riddarhusets
592 618 39 21 bör
646 617 67 22 blifva
727 617 57 22 ifrån
800 618 42 21 den
858 617 25 21 af

120 653 67 21 husen
204 653 40 20 och
260 652 130 27 gallerierna
404 652 88 21 bildade
503 653 143 26 borggården.
678 652 82 21 Härvid
770 651 39 22 bör
820 653 59 20 dess-

120 689 61 19 utom
196 686 110 28 iakttagas
321 688 33 20 att
369 686 161 22 Riddarhusets
546 686 149 22 hufvudfasad
711 686 18 28 ej
746 686 32 22 får
793 686 7 21 i
812 689 67 18 annat

121 722 101 21 afseende
237 722 28 20 än
281 721 135 21 beträffande
432 722 42 20 den
491 721 129 21 dekorativa
631 720 117 28 utstyrseln
759 720 120 22 förändras.

189 756 42 27 2:0)
251 757 37 19 Att
307 756 34 21 för
361 756 141 28 uppfyllande
518 756 24 21 af
557 756 26 21 de
600 756 7 20 i
624 755 137 21 förestående
777 762 101 20 program

120 790 127 28 uppställda
262 790 123 28 fordringar
401 790 43 22 alla
460 790 70 28 öfriga
544 791 8 21 i
568 790 147 21 Riddarhuset
726 790 111 26 befintliga
847 789 32 21 lo-

122 825 61 21 kaler
204 826 22 21 få
249 826 134 26 disponeras,
403 828 59 18 utom
482 824 139 22 riddarsalen
637 826 49 20 med
701 826 49 20 dess
766 825 59 20 östra
841 823 40 22 och

121 862 72 19 vestra
215 860 84 21 läktare
321 861 67 26 jämte
411 859 47 29 fyra
480 860 60 21 salen
566 861 99 20 närmast
681 859 136 27 omgifvande
833 866 48 14 rum

122 894 32 28 (se
176 895 99 21 närmare
297 894 207 28 situationsplanen)
525 896 57 19 samt
599 893 225 23 vaktmästarebostad
840 893 40 21 och

122 930 109 20 dessutom
253 931 31 19 ett
307 928 128 22 kassahvalf
454 929 7 20 i
480 928 151 22 riddarhusets
650 929 65 21 nedre
734 928 79 27 våning
828 927 53 22 eller

122 963 156 26 subassement,
293 963 74 21 hvilka
381 963 63 21 skola
458 963 83 21 lemnas
559 963 116 21 orubbade.

191 998 44 27 3:0)
258 998 37 21 Att
317 998 7 20 i
339 998 37 21 det
395 1005 42 20 nya
455 998 62 21 huset
536 997 144 27 ovilkorligen
695 997 53 21 böra
763 998 116 26 inrymmas

123 1032 26 21 de
171 1032 7 21 i
197 1032 124 27 punkterna
340 1032 56 21 1—4
416 1032 24 21 af
453 1034 151 25 programmet
624 1033 114 26 upptagna
752 1031 83 22 lokaler
851 1031 30 22 äf-

122 1073 89 14 vensom
225 1066 252 23 restaurationslokalen.

329 1107 113 22 Rätteligen
461 1107 107 18 utskrifvet
586 1112 24 12 ur
628 1106 97 23 originala
743 1109 138 20 programmet,

261 1136 70 17 sådant
344 1136 262 23 Ständerhusdelegationen
618 1136 88 23 godkänt
719 1136 38 20 det,
769 1135 89 22 intygar:

624 1194 21 21 C.
661 1194 14 21 J.
692 1193 121 27 Lindeqvist.
