1031 1678
213 141 29 21 54

185 203 58 26 ning,
255 209 45 15 som
318 203 47 21 med
383 204 46 21 stöd
446 204 24 21 af
483 204 11 27 $
510 204 28 21 99
554 204 6 21 i
576 204 102 27 gällande
694 203 188 27 bankreglemente
895 203 54 22 iakt-

185 237 65 26 tagits
267 237 34 21 vid
318 237 138 22 besättandet
471 238 23 21 af
506 237 299 27 kommissariebefattningen
821 237 35 21 vid
873 238 35 20 det
925 237 24 21 är

187 271 56 22 1884
259 271 107 22 inrättade
382 272 158 21 bankkontoret
554 273 7 20 i
576 273 105 20 Joensuu.
707 272 49 21 Med
773 271 100 22 afseende
889 271 59 26 härä,

185 305 65 21 hafva
269 305 203 28 Bankfullmäktige,
492 307 65 21 sedan
581 306 197 22 Bankdirektionen
798 306 91 21 lemnats
905 306 44 20 till-

186 339 51 21 fälle
255 341 33 19 att
306 340 32 20 till
356 340 162 27 ifrägavarande
534 341 91 27 tjenster
640 340 89 22 förorda
745 341 25 20 de
785 346 109 21 personer,
911 339 37 21 Di-

187 374 111 21 rektionen
316 374 70 22 funnit
401 375 73 21 härför
493 376 108 26 lämplige,
618 376 6 20 i
641 375 96 26 enlighet
753 375 47 21 med
817 374 131 21 Bankdirek-

186 408 86 21 tionens
291 408 159 28 framställning
469 409 6 20 i
496 409 64 21 saken
576 409 39 21 hos
635 409 60 21 Hans
712 407 119 28 Kejserliga
847 408 102 26 Majestät

186 442 103 21 hemstält
304 445 31 19 att
352 443 160 21 nedannämnde
528 449 103 21 personer
648 443 66 21 mätte
730 443 111 21 förordnas
853 445 31 18 att
894 442 55 21 tills-

187 477 74 21 vidare
277 477 81 21 förestä
376 477 393 27 bankkommissariebefattningarna:
792 478 34 20 vid
849 477 101 21 kontoret

187 511 6 21 i
213 511 118 28 Jyväskylä
350 512 108 21 Kassören
478 513 34 20 vid
532 513 102 20 Finlands
654 513 72 20 Banks
745 512 77 21 kontor
841 511 5 21 i
863 511 32 21 S:t
910 511 39 21 Pe-

187 546 102 26 tersburg
303 546 24 21 B.
343 547 25 20 A.
385 547 73 25 Niska,
476 547 32 20 vid
529 547 101 20 kontoret
645 547 7 20 i
669 547 32 21 S:t
717 546 76 21 Michel
809 546 72 25 Yngre
897 545 52 21 bok-

187 579 98 22 hållaren
301 581 6 20 i
324 581 102 21 Finlands
442 581 60 21 Bank
517 581 27 21 U.
560 582 25 20 A.
602 581 98 27 Broberg
719 581 38 21 och
777 580 35 21 vid
827 580 100 21 kontoret
943 580 6 20 i

188 614 119 22 Sordavala
325 610 67 26 Äldre
416 615 138 22 bokhällaren
575 616 6 20 i
600 615 104 22 Finlands
727 615 60 21 Bank
803 615 24 20 A.
843 614 19 21 J.
880 614 28 21 M.
924 614 25 21 V.

188 648 169 28 Tavaststjerna.
389 649 44 21 Och
456 650 39 21 har
518 651 69 20 denna
609 649 160 26 framställning
788 648 23 21 af
829 648 121 26 Kejserliga

189 682 92 22 Senaten
299 683 40 21 den
356 684 12 21 6
385 684 43 26 Maj
446 684 54 22 1887
517 684 97 21 bifallits.

259 717 32 21 Pä
309 718 95 21 ansökan
424 718 23 21 af
464 718 225 22 Bankkommissarien
709 718 34 21 vid
759 717 100 21 Bankens
874 716 77 22 kontor

190 752 6 20 i
212 752 136 21 Nikolaistad
365 753 24 20 E.
405 753 25 21 E.
447 753 147 27 Schybergson
611 754 31 20 att
658 752 34 21 för
708 758 47 15 resa
771 752 32 21 till
820 751 81 21 utrikes
917 753 34 19 ort

189 786 67 21 undfä
279 786 36 21 två
339 786 111 22 månaders
473 787 161 27 tjenstledighet
657 787 48 21 från
728 787 40 20 den
788 787 10 20 1
815 785 60 27 April
896 785 54 21 1886

189 820 87 22 utöfver
292 821 41 21 den
349 822 206 26 semesterledighet,
568 828 44 14 som
630 822 71 20 kunde
712 821 77 21 honom
801 820 100 26 tilldelas,
912 820 39 20 har

190 855 123 27 Kejserliga
333 856 99 26 Senaten,
449 856 6 21 i
476 856 94 26 enlighet
589 856 47 21 med
654 855 207 26 Bankfullmäktiges
877 854 73 21 derom

190 889 77 27 gjorda
284 890 147 27 underdäniga
446 890 163 27 framställning,
622 890 89 27 beviljat
726 889 224 21 Bankkommissarien

191 923 150 28 Schybergson
364 927 33 18 tre
421 925 111 21 mänaders
555 924 165 28 tjenstledighet
739 924 46 21 frän
805 924 147 20 förstnämnda

191 958 48 26 dag,
255 959 64 21 deraf
332 960 50 20 Juni
399 960 77 21 mänad
492 960 208 26 tillgodoberäknats
717 958 146 28 Schybergson
881 958 70 20 säsom

191 994 207 25 semesterledighet,
422 994 117 26 hvarjemte
568 994 92 21 Senaten
683 993 112 21 förordnat
817 992 135 21 Bankkassö-

192 1033 37 15 ren
245 1027 28 21 K.
289 1027 19 22 J.
325 1022 107 27 Äkerman
449 1031 31 18 att
499 1028 100 21 kontoret
618 1028 6 21 i
644 1027 136 22 Nikolaistad
805 1026 66 21 under
893 1026 59 21 tiden

190 1061 89 21 förestä.

262 1097 46 20 Den
325 1097 12 22 6
353 1097 44 26 Maj
411 1097 53 22 1887
482 1097 104 27 beviljade
602 1097 123 26 Kejserliga
741 1096 99 25 Senaten,
852 1095 27 26 pä
890 1095 62 26 gjord

192 1131 103 26 ansökan,
319 1131 22 21 ät
367 1131 162 21 kommissarien
556 1132 34 20 vid
618 1131 100 21 kontoret
740 1131 6 20 i
770 1130 32 21 S:t
823 1129 131 26 Petersburg

192 1165 200 21 Bankodirektören
409 1166 24 21 A.
450 1166 97 26 Neiglick
570 1165 163 27 tjenstledighet
753 1165 33 20 för
802 1163 97 28 sjukdom
916 1169 38 14 un-

193 1199 38 21 der
254 1202 34 18 tre
311 1200 109 25 mänader,
440 1201 91 20 räknadt
553 1200 47 21 frän
625 1200 40 21 den
691 1200 26 21 13
741 1199 132 26 derpäföljde
895 1197 58 22 Juni.

193 1234 111 27 Derjemte
324 1235 129 20 förordnade
470 1235 99 25 Senaten,
586 1235 47 20 med
651 1234 59 21 bifall
728 1234 32 21 till
776 1232 178 22 Bankfullmäkti-

193 1275 38 20 ges
247 1269 74 20 derom
338 1269 76 26 gjorda
430 1269 164 26 framställning,
611 1267 223 22 Bankkommissarien
851 1267 34 20 vid
902 1266 52 21 kon-

192 1305 57 18 toret
273 1303 6 20 i
303 1303 135 21 Nikolaistad
461 1303 24 20 E.
505 1303 24 20 E.
550 1303 148 27 Schybergson
719 1302 40 21 och
777 1301 108 21 Kassören
908 1301 47 20 der-

193 1337 158 21 sammastädes
367 1337 26 21 K.
407 1337 19 21 J.
439 1331 105 27 Äkerman
561 1339 32 19 att
608 1337 68 20 under
692 1336 109 26 Neiglicks
817 1335 138 21 förenämnda

193 1371 165 27 tjenstledighet
374 1371 86 25 förestä,
474 1371 147 27 Schybergson
639 1371 100 21 kontoret
755 1370 5 20 i
778 1370 32 20 S:t
824 1369 131 25 Petersburg

194 1405 39 21 och
249 1400 108 26 Äkerman
373 1405 101 21 kontoret
489 1406 6 20 i
511 1405 141 21 Nikolaistad.

263 1440 110 26 Föröfrigt
388 1440 39 20 har
444 1440 199 25 semesterledighet
655 1439 68 21 under
734 1444 109 15 somrarne
855 1437 22 21 af
886 1436 70 21 Bank-

193 1474 137 26 fullmäktige
345 1474 101 26 beviljats
462 1474 175 21 föreständarene
658 1474 34 20 för
711 1473 104 21 kontoren
835 1470 121 22 merändels
