1031 1678
54 562 17 21 b)
88 562 71 22 Anslag
171 567 23 12 ur

54 584 132 23 Längmanska

66 609 119 16 testaments-

87 630 74 17 fonden.

59 1192 15 21 c)
95 1191 92 17 Wtanord-

53 1214 67 22 ningar
129 1214 28 17 för
164 1219 28 12 se-

65 1237 120 22 delpappers-

52 1259 48 22 prof,
124 1260 69 16 ritnin-

53 1287 33 16 gar
107 1282 30 17 till
155 1282 37 17 fem

53 1305 62 16 marks
126 1305 66 17 sedeln

94 1333 22 11 m.
130 1333 23 11 m.

228 136 28 21 46

199 198 80 21 mänad
302 199 65 25 sagde
386 199 24 20 är
428 199 22 21 af
466 199 72 21 Andre
557 199 110 21 Kassören
686 199 7 20 i
712 199 87 21 Banken
816 199 22 22 C.
855 199 103 28 Ignatius,

199 232 47 21 från
269 233 142 20 nästnämnde
433 233 31 20 tid
486 233 33 21 till
537 233 59 21 Mars
615 233 78 21 månad
713 233 54 21 1886
783 233 23 21 af
820 234 139 21 Vicehärads-

199 266 117 26 höfdingen
338 267 33 20 W.
387 267 24 20 F.
427 267 141 26 Heimbärger
586 267 40 21 och
646 267 93 21 derefter
758 268 55 20 intill
829 268 130 27 sedeltryck-

199 301 91 26 ningens
309 301 133 20 slutförande
460 301 24 20 af
500 307 65 21 yngre
581 301 142 21 Bokhällaren
739 301 6 20 i
762 301 88 21 Banken
865 302 25 21 A.
906 302 53 21 Bro-

199 334 59 26 berg,
274 334 40 20 har
329 335 109 21 Kassören
453 335 95 26 Ignatius
564 335 47 21 icke
626 336 57 26 gjort
699 335 93 27 anspräk
803 335 27 27 pä
841 336 118 26 ersättning

199 368 85 21 utöfver
299 368 78 21 honom
393 369 160 21 tillkommande
568 369 189 26 kassörsaflöning,
772 370 111 20 hvaremot
898 370 61 20 Vice-

200 402 195 26 häradshöfdingen
414 403 140 26 Heimbirger
573 403 39 20 och
628 403 145 20 Bokhällaren
789 404 102 25 Broberg,
904 404 55 25 jem-

199 435 41 21 likt
263 436 208 27 Bankfullmäktiges
494 437 70 20 beslut
584 437 22 20 af
624 437 41 20 den
685 437 28 21 14
729 437 59 26 April
805 437 54 22 1885
875 437 39 21 och
930 438 26 20 21

199 469 98 24 Januari.
315 470 61 26 1886,
399 470 33 21 för
454 471 146 26 befattningen
620 471 104 27 uppburit
740 473 31 18 ett
786 471 77 21 arvode
879 471 22 21 af
915 471 43 22 500

201 504 62 20 mark
278 504 7 20 i
300 503 112 21 mänaden.

271 555 20 27 db)
308 555 47 20 Den
371 556 27 20 16
414 556 116 21 December
546 556 56 21 1885
617 556 65 21 hafva
693 556 196 26 Bankfullmäktige
900 557 58 20 med-

201 589 59 21 delat
282 589 204 27 Bankdirektionen,
506 589 32 21 för
553 590 129 26 vidtagande
699 590 23 21 af
735 591 26 20 de
776 590 27 27 pä
818 591 140 21 Direktionen

201 623 157 21 ankommande
381 623 105 26 ätgärder,
509 624 102 21 Finlands
635 624 103 21 Ständers
757 631 75 19 genom
848 624 109 21 skrifvelse

200 657 34 21 för
257 657 41 20 den
321 658 27 20 22
371 657 181 26 derförutgängna
578 658 42 26 Maj
644 658 205 25 Bankfullmäktige'
865 658 93 26 delgifna

199 691 111 21 föreskrift
333 692 31 19 att
387 691 23 21 af
432 691 24 21 de
480 692 120 26 disponibla
623 692 133 25 vinstmedel,
780 692 71 20 hvilka
871 692 41 20 den
931 693 25 20 31

199 725 119 21 December
343 725 55 21 1883
420 726 111 20 innestodo
555 726 6 20 i
576 726 153 26 Längmanska
751 726 207 21 testamentsfonden

200 759 51 21 Litt.
271 759 24 21 B.
315 761 54 19 samt
392 760 68 20 under
484 760 50 21 åren
558 760 141 21 1884-—-1887
725 760 45 20 dels
792 760 97 26 tillflutit,
914 760 44 21 dels

199 793 85 27 tillflyta
303 793 65 26 sagde
386 793 58 26 fond,
463 794 68 20 under
547 794 50 21 åren
615 794 141 22 1885—1887
772 794 45 20 låta
831 794 33 20 till
879 795 79 20 nedan-

199 827 92 21 nämnde
306 827 98 21 samfund
420 828 80 26 ärligen
515 828 97 21 utbetala
631 828 94 27 följande
741 828 84 26 belopp,
841 828 117 26 nemligen:

199 861 22 21 ät
232 861 80 21 Finska
322 861 193 27 Konstföreningen
524 862 39 21 och
572 862 313 27 Folkupplysningssällskapet
896 862 61 21 hvar-

200 895 51 21 dera
269 896 65 25 4,000
353 896 67 26 mark,
440 896 32 21 till
490 896 62 21 hvart
572 896 38 21 och
631 899 31 18 ett
681 896 23 21 af
722 896 125 20 samfunden
863 896 95 21 Societas

199 936 38 19 pro
263 930 65 20 fauna
352 932 21 18 et
394 930 54 20 flora
470 930 89 26 fennica,
585 930 124 21 Historiska
733 930 126 26 samfundet,
882 930 76 20 Finsk-

199 962 94 27 Ugriska
315 964 118 26 sällskapet
452 964 39 21 och
510 965 79 20 Finska
608 964 265 26 Fornminnesföreningen
893 965 64 25 2,000

198 998 61 19 mark
279 1000 55 18 samt
352 998 32 20 till
399 998 125 27 föreningen
540 999 95 20 Svenska
650 998 134 21 folkskolans
800 1000 79 19 vänner
896 999 62 24 1,500

198 1031 67 26 mark,
282 1031 108 21 äfvensom
406 1033 32 19 att
453 1033 33 20 till
501 1033 79 20 Finska
595 1033 137 25 Vetenskaps
747 1032 131 21 Societetens
892 1031 66 21 förfo-

199 1065 68 26 gande
291 1066 63 20 ställa
377 1067 31 19 ett
430 1066 78 27 belopp
531 1067 22 20 af
574 1067 78 25 10,000
675 1066 62 21 mark
756 1066 7 20 i
779 1068 30 19 ett
824 1066 33 21 för
873 1066 37 21 allt
926 1066 32 21 till

199 1099 138 21 bestridande
355 1099 22 21 af
394 1100 145 21 kostnaderna
556 1101 34 20 för
608 1101 143 26 tryckningen
767 1100 22 21 af
802 1100 70 21 finska
888 1101 71 25 polar-

200 1134 161 26 expeditionens
379 1134 95 21 arbeten.

269 1185 19 25 e)
311 1185 47 20 Den
382 1186 24 20 17
430 1186 43 26 Maj
498 1186 53 21 1886
577 1186 158 27 bemyndigade
763 1185 195 26 Bankfullmäktige

200 1219 199 20 Bankdirektionen
422 1221 32 19 att
477 1220 22 20 af
519 1220 100 21 Bankens
638 1220 71 21 medel
728 1219 97 21 utbetala
840 1219 43 22 550
897 1219 61 20 mark

201 1253 22 20 ät
245 1253 124 26 Litografen
391 1254 23 20 F.
434 1254 111 26 Tilgmann
565 1255 33 20 för
616 1254 109 21 särskilda
743 1254 22 21 af
778 1254 79 20 honom
872 1253 86 21 utförda

200 1287 103 26 ritningar
319 1287 33 20 till
366 1287 101 22 Bankens
483 1295 40 20 nya
538 1288 42 21 fem
595 1288 73 21 marks
684 1288 65 25 sedel,
768 1288 41 20 140
819 1287 139 21 Reichsmark

199 1321 150 22 motsvarande
376 1322 37 20 173
436 1323 61 20 mark
520 1323 28 20 80
569 1323 64 25 penni
651 1323 34 20 för
705 1322 49 26 prof
768 1322 27 26 pä
811 1322 146 26 sedelpapper,

199 1361 46 15 som
265 1355 116 21 levererats
401 1355 22 21 af
437 1356 77 20 firman
530 1356 49 20 Carl
595 1356 124 21 Schleicher
735 1356 16 20 &
769 1355 71 21 Schäll
856 1355 6 20 i
879 1355 78 26 Dären,

198 1389 109 21 äfvensom
327 1390 27 20 80
373 1389 61 21 mark
453 1390 33 20 för
502 1390 153 26 planchverket
671 1388 218 28 ,Muinaisjäänöksiä
904 1389 54 21 Suo-

197 1429 48 15 men
265 1430 69 14 suvun
354 1430 86 14 asumus
460 1424 90 26 aloilla*,
570 1424 81 20 hvilket
674 1423 178 21 tillhandahällits
874 1422 84 21 Profes-

197 1462 50 16 sorn
262 1458 36 20 vid
312 1458 142 20 konstskolan
470 1458 8 20 i
492 1458 112 26 Närnberg
620 1458 111 20 Friedrich
747 1457 118 21 Wanderer
880 1456 33 21 för
923 1456 35 21 val
