1031 1678
777 125 28 21 63

74 376 83 26 Förslag
179 376 29 21 till
227 376 118 26 förordning
364 376 108 27 angående
491 376 104 22 särskilda
615 376 110 28 ändringar
744 377 28 21 uti
793 377 38 21 och

72 415 71 28 tillägg
158 415 29 22 till
204 416 140 27 Reglementet
359 416 33 21 för
408 416 94 21 Finlands
520 417 54 20 Bank
591 417 21 20 af
628 417 38 21 den
682 417 27 20 27
720 417 43 21 Juni
777 417 55 21 1878

116 456 38 21 och
174 456 38 21 den
229 456 32 21 för
278 456 80 21 Banken
375 456 38 21 den
432 456 24 21 12
472 457 54 26 April
545 457 53 20 1886
615 457 108 21 utfärdade
739 457 49 22 stat.

428 536 12 27 $
457 537 18 20 1.

142 581 39 22 Om
206 581 162 22 förhållandena
392 582 76 21 sådant
487 582 172 27 oundgängligen
678 583 91 26 påkalla,
789 582 41 21 kan

74 616 103 21 Senatens
193 617 118 20 Ekonomie
333 616 159 27 Departement,
508 617 28 26 på
552 617 157 26 framställning
725 617 23 20 af
761 617 70 20 Bank-

73 651 141 26 fullmäktige,
231 651 106 25 medgifva
353 653 31 18 att
400 651 37 20 det
453 651 84 26 belopp,
554 651 101 21 hvarmed
671 651 99 21 Bankens
783 651 48 20 sed-

72 684 33 21 lar
121 685 66 26 enligt
203 684 12 28 $
231 686 12 20 6
260 685 30 20 uti
311 685 77 26 nådiga
408 686 141 26 reglementet
566 685 22 21 af
602 686 40 20 den
658 686 26 20 27
700 685 51 21 Juni
768 685 61 25 1878,

72 719 66 21 sådan
156 720 123 20 densamma
295 720 60 26 lyder
370 720 6 20 i
392 719 78 27 nådiga
487 720 152 26 förordningen
656 720 22 20 af
693 719 40 21 den
749 720 27 20 22
788 720 42 20 De-

73 754 84 20 cember
173 754 62 24 1882,
252 754 21 20 få
289 754 132 26 öfverskjuta
440 754 50 21 dess
506 755 72 19 valuta
594 754 33 20 för
642 754 188 26 sedelutgifnings-

73 790 49 24 rätt,
138 788 34 20 må
187 788 6 20 i
211 794 47 14 mon
275 788 22 20 af
312 788 100 21 behofvet
428 788 52 20 ökas
498 788 47 21 med
562 788 56 21 ända
633 788 33 21 till
679 788 41 21 fem
732 788 98 26 miljoner

72 822 67 21 mark.
170 822 141 26 Författning,
334 828 45 15 som
403 823 6 19 i
433 822 77 21 sådant
529 822 101 22 afseende
649 823 107 26 vidtagits,
775 822 55 21 skall

73 856 60 26 dock,
151 856 70 21 såvidt
237 857 39 20 den
296 858 24 18 är
339 856 75 21 afsedd
434 858 31 19 att
481 857 58 26 gälla
556 857 73 26 längre
645 859 26 19 än
687 857 32 21 till
736 856 94 27 följande

73 891 109 26 landtdag,
199 891 142 21 öfverlemnas
357 891 33 21 till
402 891 132 21 Ständernas
546 891 99 27 pröfning
657 892 38 20 och
706 891 124 26 afgörande.

428 960 8 27 s
455 961 20 20 2.

141 1006 49 20 Med
207 1006 90 25 ändring
312 1006 23 20 af
349 1006 11 27 $
377 1006 25 21 17
419 1006 7 20 i
442 1006 151 26 Reglementet
609 1006 117 26 berättigas
742 1006 88 20 Banken

72 1041 31 20 att
119 1040 89 26 försälja
225 1040 199 27 postremissvexlar
443 1040 12 20 å
471 1040 66 21 finskt
554 1042 57 25 mynt
626 1041 62 20 äfven
699 1042 51 19 utan
761 1040 70 26 provi-

71 1075 53 20 sion.
148 1074 74 21 Beslut
238 1075 72 20 härom
326 1074 65 21 fattas
407 1075 5 20 i
430 1075 40 20 den
487 1075 97 26 ordning,
601 1081 44 14 som
661 1075 109 26 angående
781 1080 48 21 pro-

70 1109 108 20 visionens
194 1109 149 20 fastställande
360 1109 5 20 i
382 1109 11 26 8
405 1109 28 21 56
445 1109 24 20 af
480 1109 199 26 bankreglementet
693 1111 24 18 är
733 1108 97 27 stadgad.

426 1173 12 27 $
454 1173 20 21 3.

141 1217 86 22 Sådana
248 1218 190 26 jordbruksalster,
456 1225 64 14 varor
538 1219 38 21 och
595 1219 170 26 tillverkningar,
785 1225 45 14 som

70 1254 125 19 omnämnas
211 1253 5 20 i
233 1252 11 27 $
262 1253 25 20 19
305 1259 60 14 mom.
383 1260 18 14 e.
418 1253 22 21 af
455 1253 206 27 bankreglementet,
673 1253 70 21 kunna
759 1253 70 21 såsom

70 1288 52 25 pant
137 1287 34 20 för
187 1287 33 20 lån
237 1287 126 26 godkännas
377 1287 18 26 ej
406 1288 92 20 allenast
508 1288 26 20 dä
542 1288 26 21 de
580 1287 95 21 förvaras
685 1287 27 28 pä
721 1288 35 21 det
765 1289 42 19 sätt
818 1287 12 27 $

69 1321 26 21 21
114 1320 23 21 af
151 1327 82 14 samma
248 1322 131 24 reglemente
398 1321 147 26 föreskrifver,
562 1324 50 19 utan
629 1322 61 21 äfven
708 1322 27 21 då
751 1322 25 21 de
793 1323 36 19 äro

69 1354 108 27 upplagda
193 1355 27 26 på
236 1355 174 27 kreditnederlag
427 1356 67 21 under
510 1356 72 26 tillsyn
598 1356 23 20 af
635 1356 150 21 tullkammare
801 1356 29 20 el-

69 1389 32 21 ler
117 1389 80 21 insatta
213 1390 38 20 hos
267 1390 22 20 af
305 1390 162 27 bankstyrelsen
484 1390 114 26 godkända
615 1390 63 21 dock-
694 1390 53 21 eller
759 1396 72 20 maga-

70 1424 118 26 sinsbolag;
205 1424 7 20 i
228 1424 103 22 hvardera
344 1425 61 21 fallet
416 1428 44 18 mot
476 1426 78 20 sådant
562 1425 59 21 bevis
637 1425 38 21 och
691 1424 138 26 förbindelse,

69 1464 46 15 som
131 1458 133 22 sistnämnda
279 1459 11 27 &
307 1460 144 20 omförmäler.
