1031 1678
52 904 127 24 Öfvertagande

42 929 50 22 jemte
114 930 69 16 bankir-

40 952 66 22 firman
126 953 23 15 M.
163 953 21 15 A.

215 123 14 22 8

186 186 82 21 sädana
281 186 70 21 under
366 186 46 21 äret
427 187 83 21 komme
526 187 32 20 att
573 186 62 27 börja
650 187 33 21 sin
698 186 143 27 verksamhet,
854 187 93 26 föreslog

187 219 205 28 Bankdirektionen,
408 222 32 20 att
454 220 163 27 ifrägavarande
636 220 121 27 ansökning
770 221 48 21 icke
832 221 67 21 mätte
915 221 33 21 till

187 255 71 26 nägon
274 255 124 21 omedelbar
414 255 76 27 ätgärd
504 255 119 21 föranleda.
646 255 34 21 Dä
695 255 90 21 ärendet
800 255 41 21 den
858 256 27 20 13
895 255 53 21 Juni

187 288 24 22 af
228 289 198 26 Bankfullmäktige
444 291 92 25 upptogs
555 289 33 21 till
604 289 125 26 afgörande,
745 289 78 26 ansägo
839 289 109 21 Fullmäk-

187 323 44 25 tige
246 323 49 20 med
311 323 48 21 stöd
375 323 23 21 af
412 323 25 21 de
448 323 138 27 synpunkter,
599 329 46 15 som
656 323 135 21 beträffande
801 323 147 25 ansökningen

189 362 34 15 om
242 357 33 19 ett
292 356 150 22 bankkontors
460 357 123 21 inrättande
602 357 6 20 i
624 357 133 21 Tavastehus
772 357 56 21 varit
843 357 32 21 för
890 356 58 22 Full-

188 390 96 26 mäktige
299 390 168 27 bestämmande,
483 390 75 27 frägan
574 397 34 14 om
624 391 124 26 öppnandet
763 391 23 20 af
799 392 32 19 ett
845 391 103 21 Finlands

188 424 75 21 Banks
286 425 79 20 kontor
385 425 9 20 i
412 424 164 27 Gamlakarleby
595 425 54 20 böra
667 425 118 21 tillsvidare
808 425 80 21 lemnas
911 425 37 20 be-

189 458 87 21 roende.

260 492 104 26 Slutligen
380 492 64 21 hafva
456 493 79 26 jemväl
554 492 199 27 Stadsfullmäktige
772 493 3 20 i
790 493 104 20 Kexholm
909 498 39 15 un-

189 526 38 21 der
249 527 93 25 Augusti
364 526 78 21 mänad
465 527 53 20 1887
542 527 78 20 ansökt
638 533 35 15 om
691 527 132 21 inrättandet
838 527 111 21 derstädes

190 559 23 22 af
234 561 33 20 ett
285 561 102 20 Finlands
407 561 71 20 Banks
497 561 83 20 kontor.
612 561 71 20 Sedan
702 561 197 21 Bankdirektionen
917 561 32 20 uti

189 594 114 21 skrifvelse
328 595 34 20 för
385 594 41 22 den
448 595 27 21 22
498 595 125 26 September
645 595 101 20 aflemnat
768 595 99 26 yttrande
889 595 61 21 öfver

190 629 163 26 iträgavarande
369 629 125 26 ansökning,
510 630 92 25 upptogs
618 629 125 21 densamma
759 629 40 20 den
815 630 26 20 15
853 628 96 21 Oktober

190 663 33 20 till
239 663 74 25 slutlig
327 663 101 26 pröfning
438 663 22 21 af
470 663 201 26 Bankfullmäktige,
684 663 73 21 hvilka
769 663 80 25 dervid,
862 663 7 21 i
880 663 68 21 öfver-

191 696 159 22 ensstämmelse
365 696 49 22 med
426 697 147 26 Direktionen,
584 697 80 26 ansägo
675 698 33 20 att
718 697 95 21 hvarken
824 697 125 21 affärsverk-

191 731 110 21 samheten
317 731 7 20 i
340 731 105 21 Kexholm
460 731 52 21 eller
527 732 134 25 invexlingen
677 731 28 27 pä
721 732 61 20 orten
798 730 23 22 af
834 731 59 27 ryskt
908 731 40 21 och

191 765 66 21 finskt
271 767 60 25 mynt
346 765 56 21 hade
418 765 35 21 det
468 765 90 27 omfäng,
575 767 32 19 att
618 765 135 21 inrättandet
765 765 109 21 derstädes
884 764 24 22 af
916 766 34 20 ett

190 799 138 21 bankkontor
342 805 52 15 vore
408 799 116 27 päkalladt.

549 862 11 27 8
576 863 20 21 2.

261 902 72 22 Sedan
348 902 130 21 statsverket
492 902 34 21 till
542 902 136 21 konkurrens
696 902 91 21 emellan
802 902 84 26 hugade
902 908 48 20 spe-

191 936 100 22 kulanter
314 936 96 27 utbjudit
432 936 160 26 öfvertagandet
618 936 24 21 af
663 936 37 21 det
722 937 13 20 4
759 938 98 24 procents
879 936 35 20 län
937 936 13 20 ä

46 981 31 11 von
87 966 100 35 Rothschild
196 966 132 35 17,600,000
347 970 67 26 mark,
441 976 34 15 om
498 971 62 20 hvars
582 970 139 27 upptagande
742 970 34 21 för
797 970 153 26 konvertering

56 999 17 20 &
85 998 55 16 Söhne
153 998 22 22 af

51 1021 107 16 statsverkets
168 1021 10 16 4

191 1006 22 20 af
228 1005 57 21 1863
300 1005 34 20 ärs
350 1004 91 21 statslän
456 1006 72 19 senast
543 1004 128 21 församlade
687 1004 93 21 Ständer
795 1004 93 25 beslutit,
903 1004 46 25 har,

43 1046 81 19 procents
143 1043 40 17 kon-
191 1039 54 22 efter
261 1039 7 21 i
284 1039 77 21 sådant
376 1039 55 26 syfte
446 1039 48 20 med
509 1038 155 21 bankirfirman
680 1039 29 20 M.
725 1039 26 20 A.
766 1044 42 15 von
823 1037 126 22 Rothschild

50 1066 130 22 verteringslän.

191 1074 17 21 &
220 1073 72 22 Söhne
303 1073 62 21 förda
376 1073 200 26 underhandlingar,
589 1073 27 26 pä
628 1075 43 18 sätt
682 1072 136 27 protokollen
829 1072 33 21 för
873 1072 40 21 den
922 1073 26 20 27

190 1107 111 26 Februari,
317 1107 27 21 27
364 1107 59 21 Mars
442 1108 54 20 samt
514 1107 41 20 den
574 1107 26 21 15
621 1107 40 21 och
681 1107 27 21 19
727 1107 59 26 April
807 1106 54 21 1886
877 1107 73 20 derom

191 1141 116 26 innehälla,
323 1141 73 21 anbud
412 1141 12 21 &
439 1141 101 21 Finlands
552 1141 73 21 Banks
637 1141 40 21 och
689 1141 100 20 bemälda
801 1140 149 21 bankirfirmas

191 1178 80 25 vägnar
287 1176 132 21 sistnämnda
434 1175 40 27 dag
490 1176 32 20 till
539 1175 119 27 Kejserliga
675 1175 94 21 Senaten
784 1175 113 20 inlemnats
918 1176 33 19 att

190 1212 46 19 mot
253 1212 99 19 närmare
367 1209 102 27 uppgifna
485 1209 68 21 vilkor
568 1209 28 27 pä
610 1209 97 27 halfpart
722 1209 39 20 fixt
777 1209 108 26 öfvertaga
900 1208 50 21 ifrä-

191 1245 122 26 gavarande
335 1244 42 26 län,
400 1243 82 22 hvilket
505 1243 71 21 anbud
593 1243 23 21 af
629 1243 132 22 statsverket
773 1243 78 26 jemväl
866 1245 84 24 antogs.

190 1279 59 20 Derä
273 1277 207 27 Bankfullmäktige,
507 1284 45 14 som
578 1278 41 20 den
642 1279 27 20 29
694 1277 132 27 derpäföljde
849 1277 42 26 Maj
917 1276 34 21 till

190 1312 132 27 granskning
341 1311 102 21 förehade
465 1311 101 27 förslaget
588 1311 34 22 till
644 1311 105 22 kontrakt
772 1317 34 15 om
828 1311 67 21 länets
919 1311 31 21 öf-

190 1346 139 26 vertagande,
355 1346 49 20 med
433 1345 156 27 godkännande
616 1345 22 21 af
663 1345 46 21 deri
732 1345 104 26 ingäende
858 1344 93 22 bestäm-

190 1381 84 25 melser,
297 1379 157 28 bemyndigade
476 1380 197 21 Bankdirektionen
699 1382 34 18 att
757 1380 8 20 i
787 1379 94 26 enlighet
904 1379 46 21 der-

190 1414 49 22 med
259 1414 13 21 &
290 1414 102 22 Bankens
416 1415 78 25 vägnar
512 1413 106 21 definitivt
636 1413 82 21 afsluta
735 1413 140 21 förenämnda
893 1413 58 21 läne-

190 1449 112 21 kontrakt.
