1031 1678
835 131 25 21 7

130 192 24 21 13
169 192 145 27 nyssnämnde
325 192 80 21 månad
416 191 7 21 i
434 191 119 28 anledning
564 192 25 21 af
598 191 161 28 delegationens
770 192 39 22 hos
820 193 69 21 stads-

128 225 135 28 fullmäktige
278 233 77 20 genom
371 226 211 21 drätselkammaren
593 226 77 28 gjorda
680 226 161 28 förfrågningar
851 234 38 14 an-

128 261 83 26 gående
227 260 63 26 vissa,
307 261 76 20 staden
400 260 110 27 tillhöriga
526 263 86 23 tomter,
629 267 46 15 som
690 261 57 21 varit
761 262 70 21 under
846 261 43 22 för-

128 294 47 28 slag
189 295 7 20 i
211 295 142 21 förevarande
368 295 88 21 ärende.
487 295 69 21 Dessa
571 297 33 19 tre
620 295 112 22 skrifvelse
747 295 86 28 bifogas
842 296 47 25 här,

128 329 53 21 hvar
197 329 54 21 efter
267 336 80 17 annan,
364 329 41 21 och
421 330 38 20 äro
476 329 24 21 af
513 329 97 27 följande
626 329 82 27 lydelse

199 366 18 18 1.
248 362 55 22 Herr
318 362 99 22 Laurells
433 363 189 22 svarsskrifvelse.
654 380 3 4 .
689 364 32 27 (se
731 363 35 21 bil.
783 364 35 28 A.)

197 398 19 21 2.
247 398 273 21 Riddarhusdirektionens
536 398 35 21 d:o
617 413 4 5 =.
654 415 3 4 .
689 399 32 26 (se
732 398 36 21 bil.
784 398 35 27 B.)

197 433 20 20 3.
248 431 214 28 Stadsfullmäktiges
536 433 35 21 d:o
617 448 4 5 .
653 448 4 3 .
687 435 32 23 (se
735 432 35 21 bil.
787 432 32 27 C.)

198 466 73 21 Sedan
287 467 154 26 sistupptagna
457 466 113 22 skrifvelse
586 467 42 20 den
644 467 27 21 29
688 466 95 22 Oktober
799 467 90 21 kommit

128 501 180 21 kommissionens
323 500 132 21 ordförande
471 501 114 26 tillhanda,
602 502 175 21 sammanträdde
787 501 102 21 kommis-

128 535 75 21 sionen
222 536 69 20 under
310 535 50 21 flere
381 536 97 20 närmast
494 535 97 28 följande
608 536 67 26 dagar
691 537 55 20 samt
761 538 37 25 tog
815 535 74 22 dervid

128 570 69 21 under
215 569 101 28 pröfning
335 569 40 22 och
397 569 120 27 detaljerad
532 569 136 28 granskning
683 569 59 22 säväl
757 577 28 14 en
799 570 54 21 hvar
868 569 25 22 af

129 605 26 21 de
171 604 50 21 utaf
234 604 150 27 delegationen
406 605 67 20 redan
493 604 131 27 ifrägasatta
640 607 108 18 tomterna
763 611 45 15 som
824 604 66 21 ocksä

129 640 68 26 nägra
212 639 69 21 andra
296 639 57 20 inom
370 639 170 20 kommissionen
556 641 117 26 yttermera
684 639 130 27 föreslagna,
826 639 64 21 hvar-

128 673 37 21 vid
181 672 173 25 kommissionen,
371 673 34 21 för
421 675 33 19 att
471 673 106 27 begränsa
593 673 33 21 sin
642 673 86 27 uppgift
743 673 40 21 och
795 674 52 20 ernä
857 674 32 20 ett

130 708 82 26 slutligt
232 707 98 26 resultat,
349 708 101 20 använde
470 708 79 20 sädant
565 708 132 25 förfarande,
713 710 32 19 att
761 708 128 20 densamma

128 742 55 21 först
193 742 47 21 frän
251 741 49 22 hela
311 742 82 20 antalet
403 742 123 26 granskade
538 744 79 19 tomter
630 742 138 21 eliminerade
778 748 26 15 en
818 748 34 14 om
861 748 27 14 en

129 776 25 22 af
167 778 26 19 de
209 776 87 28 platser,
315 783 44 14 som
371 777 29 26 pä
411 777 72 20 nedan
494 776 93 21 anförda
598 776 47 22 skäl
657 778 91 26 ansägos
759 776 44 22 icke
813 776 76 20 kunna

129 811 164 27 ifrägakomma,
310 813 55 19 samt
381 812 53 20 derä
450 811 104 27 pröfvade
571 811 40 21 och
628 811 53 21 efter
692 811 95 21 befunna
797 810 91 22 företrä-

130 846 42 20 den
188 845 114 28 uppstälde
317 846 7 20 i
341 845 158 27 ordningsföljd
516 845 44 22 alla
576 846 76 26 öfriga,
664 846 73 21 hvilka
751 845 66 27 enligt
828 844 60 22 kom-

129 880 128 21 missionens
277 880 86 27 mening
384 881 74 20 kunde
478 880 96 30 föresläs,
594 880 110 21 hvarefter
720 880 167 21 kommissionen

129 915 29 27 pä
174 915 69 27 grund
259 914 24 21 af
296 914 87 28 allsidig
400 914 126 28 jemförelse
543 914 79 22 mellan
638 916 27 20 de
681 914 135 22 sistnämnda
831 914 57 26 plat-

130 956 63 14 serna
209 949 104 27 enhälligt
328 949 104 21 förenade
449 950 32 26 sig
497 956 34 14 om
547 952 31 18 ett
594 949 85 27 slutligt
695 949 80 27 förslag
785 948 7 21 i
803 948 84 27 frägan.

198 983 40 21 Till
261 983 160 28 förtydligande
444 984 25 21 af
488 985 60 19 detta
567 984 180 21 kommissionens
762 983 125 21 förfarande

129 1020 108 25 upptagas
253 1017 39 22 här
307 1019 71 20 nedan
395 1018 65 21 alltsä
476 1019 80 20 tvänne
572 1018 123 27 kategorier
712 1017 24 22 af
749 1019 86 23 tomter,
847 1023 39 14 un-

129 1054 37 20 der
182 1052 139 22 rubrikerna:
338 1054 33 20 1:o
387 1053 93 25 sådana,
496 1059 44 14 som
555 1052 45 21 icke
616 1054 83 20 ansetts
713 1052 79 21 kunna
802 1051 84 28 ifräga-

128 1088 95 25 komma;
239 1087 40 21 och
295 1088 33 21 2:0
344 1087 93 27 sådana,
454 1094 44 15 som
514 1089 82 20 ansetts
612 1087 79 22 kunna
707 1086 164 29 ifrägakomma.

130 1192 45 25 I:o.
213 1191 128 27 Sådana
361 1193 206 31 tomtplatser,
587 1199 71 18 som
684 1191 67 26 icke
770 1192 115 25 ansetts

325 1232 102 26 kunna
447 1232 246 33 ifrägakomma:

197 1295 24 26 a)
235 1294 200 28 Högvaktstomten.
465 1294 78 21 Ehuru
558 1296 84 19 tomten
658 1293 125 27 visserligen
794 1292 91 21 innehar

127 1329 31 19 ett
173 1328 119 27 ytinnehåll
309 1328 25 21 af
346 1329 80 24 32,000
445 1335 34 20 qv.
496 1328 38 25 fot,
550 1335 46 14 som
612 1329 7 19 i
635 1328 40 21 och
690 1328 34 21 för
739 1328 32 26 sig
786 1333 50 15 vore
852 1326 34 21 för

126 1362 125 21 ändamålet
266 1362 134 28 tillräckligt,
416 1363 25 21 så
456 1362 70 22 blefve
542 1363 127 21 densamma
684 1362 73 26 likväl,
772 1362 53 20 enär
843 1361 42 21 den

126 1396 7 21 i
142 1396 69 22 bredd
219 1396 68 22 håller
298 1398 77 20 endast
386 1398 76 26 148!/,
474 1396 38 26 fot,
524 1397 66 27 enligt
602 1397 178 21 kommissionens
791 1395 93 27 mening,

126 1431 70 22 såsom
213 1431 65 21 också
294 1432 67 20 redan
381 1432 246 22 Ständerhusutskottet
642 1431 35 22 vid
695 1431 53 22 1877
764 1430 35 21 års
813 1430 72 21 landt-
