1031 1678
550 235 105 22 Transport

143 293 20 21 B.
195 293 60 22 Extra
270 293 90 27 utgifter,
376 298 44 17 som
438 293 4 21 i
459 293 158 28 statsförslaget

325 327 44 21 icke
385 327 53 27 ingå.

103 366 38 18 För
158 366 76 23 uppköp
248 366 20 18 af
279 366 86 18 enskilda
378 371 90 17 personer
479 366 101 22 tillhöriga
592 366 64 23 skogs-
677 389 1 3 |

126 401 80 21 marker,
216 400 25 23 på
249 400 60 23 grund
319 400 20 18 af
346 401 65 22 nådigt
419 401 126 18 förordnande
554 402 35 17 och
597 401 59 18 Stats-

126 435 143 18 sekretariatets
289 435 98 18 skrifvelse
406 435 36 18 den
461 436 11 17 6
490 435 38 23 Maj
549 436 30 21 (24
592 435 63 23 April)

128 470 44 17 1876
319 483 33 4 oh

104 504 38 18 För
151 504 117 23 uppförande
277 504 20 17 af
305 504 60 23 kyrka
374 504 35 17 och
417 506 83 20 pastors-

127 539 32 18 bol
175 539 6 17 i
195 539 91 18 Soanlaks
300 539 23 22 by
336 541 48 15 samt
397 539 84 17 bönehus
494 539 6 17 i

128 573 71 18 enhvar
223 573 20 18 af
263 573 72 21 Salmis,
357 573 86 22 Suojärvi
464 573 35 18 och

127 608 115 23 Korpiselkä
253 608 132 22 församlingar
398 608 49 17 inom
461 608 39 17 Sal-

127 643 36 18 mis
179 643 59 18 härad
254 642 21 18 af
285 642 88 23 Wiborgs
385 643 32 17 län
430 644 26 19 är,
470 647 29 13 en-

127 677 34 23 ligt
173 676 66 23 nädigt
251 677 83 21 reskript
346 676 20 18 af
378 676 36 18 den
428 677 20 17 31
462 677 37 21 (19)

127 712 39 22 Maj
181 712 49 21 1884,
243 711 85 22 anslaget
341 710 48 18 ända
400 711 30 17 till

104 746 33 18 Uti
153 746 99 17 skrifvelse
269 745 20 18 af
302 745 35 18 den
351 746 22 16 20
385 746 25 22 (8)
423 746 75 17 Decem-

127 780 34 18 ber
190 781 43 17 1884
257 780 35 17 har
317 780 183 17 Statssekretariatet

128 814 94 18 meddelat
245 814 52 18 Hans
316 814 106 22 Kejserliga
443 814 58 22 Maje-

127 850 47 17 stäts
181 848 68 23 nädiga
257 848 127 18 förordnande
393 848 69 21 derom,
472 850 28 16 att

127 883 128 17 kostnaderna
267 882 30 18 för
311 888 21 12 en
345 882 50 18 inom
408 882 93 23 Nykyrka

128 918 35 17 och
181 917 140 23 Kuolemajärvi
338 917 80 17 socknar
430 917 21 17 af
462 917 38 17 Wi-

128 952 56 22 borgs
203 952 31 17 län
250 952 30 17 till
293 951 106 18 inrättande
412 951 88 18 anbefald

127 986 196 23 mälskjutningsbana
342 986 29 18 för
392 991 22 13 en
432 986 6 17 i
457 986 43 17 Fin-

127 1021 45 18 land
196 1020 74 23 förlagd
290 1020 45 23 rysk
355 1020 147 22 artilleribrigad

128 1055 54 18 skola
202 1055 20 18 af
241 1055 127 18 statsfondens
388 1054 61 18 medel
462 1054 37 18 för-

128 1090 83 22 skjutas;
224 1089 21 18 af
257 1089 31 18 det
300 1089 65 18 härför
377 1089 123 22 erforderliga

128 1124 70 22 anslag,
223 1123 106 18 beräknadt
355 1123 147 22 approximativt

127 1159 30 17 till
171 1159 73 20 174,000
256 1158 37 21 mk,
301 1158 35 17 har
349 1157 51 18 intill
408 1158 94 22 utgängen

128 1193 21 18 af
163 1193 21 17 år
197 1193 44 17 1886
255 1192 78 17 kommit
345 1192 29 17 till
383 1192 119 22 användning

128 1228 79 21 136,053:
221 1228 20 21 6;
259 1227 30 17 för
307 1227 21 17 är
347 1227 44 17 1887
412 1228 91 21 upptages

128 1261 107 18 återstoden
249 1261 41 18 med
325 1274 3 3 .
353 1274 4 4 .
440 1273 61 5 0.0.

105 1297 9 17 I
133 1297 84 22 enlighet
234 1296 42 17 med
297 1294 68 23 nådiga
377 1295 126 22 kungörelsen

128 1331 36 18 den
182 1331 22 17 25
219 1330 80 18 Januari
313 1331 44 16 1886
370 1329 55 23 utgår
438 1335 22 11 ur
472 1329 31 18 be-

128 1365 123 23 sparingarna
259 1364 7 17 i
275 1363 117 19 statsfonden
402 1365 27 16 ett
437 1364 67 22 bidrag

128 1400 20 17 af
169 1400 90 21 1,200,000
276 1399 32 17 mk
321 1399 29 17 till
362 1398 142 18 folkskolornas

396 1450 105 22 Transport

545 470 70 21 50,000:
628 479 22 3 —

536 711 78 21 126,000:
627 720 23 3 —

549 1261 68 22 87,946:
630 1261 28 17 94.

536 1451 80 21 213,946:
630 1451 27 18 94.

779 127 28 21 53

699 235 131 22 22,106,626/55

700 1451 105 22 22,106,626
