1031 1678
193 126 12 17 6
305 116 5 3 N
470 126 22 18 U.
504 126 20 17 B.
537 126 93 18 XXXVII.

171 181 100 22 träffade
290 181 78 30 dåliga
388 183 97 20 skördar
503 183 57 20 eller
578 183 59 28 krig,
655 189 49 15 som
719 182 113 22 hindrade
848 189 80 22 expor-

170 217 47 26 ten,
233 215 47 22 kan
295 223 55 14 man
366 218 86 27 antaga
467 218 35 19 att
520 216 104 21 bankens
643 216 139 28 guldförräd
796 216 64 22 inom
875 217 54 20 kort

171 249 79 21 kunde
273 250 92 21 komma
388 252 35 19 att
441 250 8 21 i
469 250 106 28 ansenlig
593 250 58 28 grad
674 250 110 28 minskas,
801 250 43 21 och
867 250 61 21 inses

171 284 71 21 äfven
266 283 72 28 häraf,
355 285 60 20 huru
436 285 88 28 vigtigt
547 284 40 21 det
610 288 26 17 är
659 287 36 18 att
713 285 94 21 banken
826 291 54 22 eger
895 286 34 19 ett

171 319 74 19 större
261 318 91 28 kapital
368 319 44 20 och
428 318 134 28 derigenom
578 320 34 19 ett
623 321 74 18 större
707 319 85 27 belopp
803 318 126 21 utländska

170 351 100 28 valutor,
287 359 49 14 som
353 352 46 21 lätt
417 352 79 21 kunna
514 352 135 22 förvandlas
667 352 38 21 till
720 352 63 28 guld.
813 352 34 22 Pä
862 352 66 20 dessa

171 385 51 21 skäl
234 393 69 13 anser
317 386 116 21 utskottet
448 388 13 25 $
477 388 13 19 3
505 386 9 21 i
528 386 105 21 bankens
660 387 142 27 reglemente
817 386 56 21 böra
889 389 39 17 än-

171 418 54 22 dras
241 419 94 28 derhän,
357 422 35 19 att
410 420 104 21 bankens
533 420 135 28 grundfond
683 427 84 21 genom
783 419 145 28 öfverföring

170 453 52 21 frän
238 453 169 22 reservfonden
425 454 52 21 med
497 461 39 14 ens
556 454 56 21 ökas
636 454 37 21 till
689 455 28 20 10
733 453 108 29 miljoner
863 453 65 22 mark

174 487 44 21 och
237 489 36 19 att
288 487 76 22 denna
384 487 104 28 derefter,
504 495 84 21 genom
604 487 130 28 afsättning
750 488 26 21 af
790 489 27 20 25
832 490 97 26 procent

171 521 91 28 årligen
281 522 54 21 från
351 522 28 21 de
394 522 38 21 till
446 522 284 28 vinstmedelsräkningen
745 521 133 22 öfverförda
889 522 39 21 be-

170 555 93 28 loppen,
284 556 146 28 smäningom
445 556 143 29 uppbringas
605 556 37 21 till
654 555 112 22 likaledes
780 557 27 20 10
821 555 107 28 miljoner

170 589 72 21 mark.
273 589 84 22 Denna
372 590 148 28 bestämning
532 590 68 28 ingår
616 591 75 20 såsom
707 591 14 26 $
739 591 13 20 2
768 590 9 21 i
795 589 133 22 Utskottets

171 623 208 29 ändringsförslag.

239 658 36 20 De
299 658 26 21 af
339 659 218 27 Bankfullmäktige
576 659 75 20 under
669 660 28 25 $$
717 660 56 20 2—9
792 659 136 21 framstälda

171 690 233 30 ändringsförslagen
432 692 71 28 gälla:
534 692 162 28 berättigande
719 692 36 21 för
777 692 94 22 banken
893 695 35 19 att

170 724 97 30 försälja
282 726 216 28 postremissvexlar
510 726 88 28 jemväl
613 728 58 19 utan
686 726 126 28 provision,
824 726 104 28 godkän-

170 759 77 21 nande
266 760 26 20 af
308 760 163 28 varuhypotek
493 761 69 20 äfven
582 760 29 21 dä
632 760 39 21 det
689 761 129 28 upplägges
841 762 14 20 &
877 761 51 21 kre-

171 792 148 30 ditnederlag
335 794 56 21 eller
406 794 96 22 insättes
518 794 42 21 hos
576 794 70 22 dock-
661 795 56 21 eller
733 795 193 28 magasinsbolag,

170 828 154 28 upphörande
343 828 27 22 af
383 828 45 22 den
442 829 63 21 vissa
520 829 81 21 kassor
616 828 121 29 medgifna
751 829 110 21 befrielse
875 830 52 20 från

171 861 154 29 erläggandet
343 863 26 21 af
385 863 173 28 inträdesafgift
577 864 37 20 för
633 863 178 28 kassakreditiv,
831 866 96 19 emotta-

170 896 89 27 gandet
278 896 26 21 af
324 900 76 24 öppna
420 897 162 28 depositioner,
602 898 138 28 förändring
760 898 119 28 angäende
898 898 29 21 ti-

171 929 45 21 den
238 930 37 21 för
297 930 185 22 bestämmandet
504 932 26 21 af
552 932 103 21 bankens
678 932 105 21 diskont-
802 932 44 21 och
864 932 63 21 läne-

169 966 74 26 ränta,
263 964 145 22 inrättandet
426 966 25 21 af
472 974 28 13 en
522 966 74 29 tredje
618 967 133 20 kamrerare
773 966 78 28 tjenst,
870 966 56 22 kon-

169 999 74 20 torets
262 998 8 21 i
289 999 106 21 Joensuu
414 1000 113 21 ställande
546 1001 30 28 pä
598 1000 116 21 ordinarie
733 1000 41 27 fot,
793 1000 133 21 kontrollen

170 1031 67 22 öfver
255 1032 104 22 bankens
375 1033 136 28 handlings-
530 1034 43 21 och
589 1034 137 21 kassahvalf
743 1035 120 20 äfvensom
881 1035 45 20 för-

169 1066 107 29 bättring
295 1067 26 21 af
335 1067 165 28 registratorns
520 1068 179 21 löneförmäner.
731 1068 113 28 Samtlige
860 1068 66 21 dessa

170 1100 201 29 ändringsförslag
390 1109 68 14 anser
474 1101 68 22 äfven
557 1102 122 22 Utskottet
698 1109 56 15 vara
774 1102 26 21 af
815 1102 111 22 behofvet

168 1134 131 28 päkallade.

58 1179 33 22 53
104 1180 18 21 (8
137 1180 20 23 2)
238 1169 151 21 Beträffande
404 1169 59 22 först
479 1171 44 20 den
539 1171 8 20 i
563 1173 13 25 $
591 1172 13 21 2
620 1171 116 28 ingående
748 1171 178 28 bestämningen

169 1204 35 19 att
222 1203 121 28 provision
365 1203 53 22 icke
440 1204 100 22 behöfde
563 1205 117 28 uppbäras
703 1205 36 21 för
761 1205 104 21 bankens
891 1205 34 22 in-

168 1237 130 28 visningar,
321 1237 99 22 innebär
443 1238 63 21 detta
530 1239 129 28 stadgande
683 1247 28 13 en
734 1239 97 28 lämplig
850 1239 75 22 öfver-

168 1271 63 28 gäng
255 1271 37 21 till
315 1272 157 21 afskaffandet
492 1273 26 20 af
534 1273 180 28 ifrägavarande
730 1273 75 28 afgift,
821 1273 103 28 hvilken,

167 1307 59 19 utan
245 1307 36 19 att
299 1305 130 28 tillskynda
448 1306 92 21 banken
563 1308 77 27 nägon
664 1307 121 28 synnerlig
807 1307 69 27 vinst,
900 1311 25 18 är

168 1339 129 28 otidsenlig
317 1339 42 21 och
375 1340 124 28 dessutom,
516 1341 75 21 säsom
606 1341 221 27 Bankfullmäktige
842 1341 83 28 riktigt

168 1373 114 27 anmärkt,
302 1373 51 21 icke
372 1373 102 29 förenlig
491 1374 53 22 med
567 1374 114 22 Finlands
704 1375 80 21 Banks
807 1375 116 28 egenskap

168 1406 27 21 af
207 1406 46 22 den
269 1407 59 21 enda
343 1407 202 29 sedelutgifvande
560 1409 94 21 banken
669 1408 9 22 i
693 1408 86 22 landet.

237 1442 139 16 Bankutskottets
387 1443 105 17 betänkande
504 1443 34 16 N:o
551 1444 17 16 3.
