1031 1678
190 123 27 21 14
419 125 27 19 U.
460 125 25 19 B.
501 137 27 2 —
544 124 115 20 XXXVIL

161 185 41 21 vid
217 185 122 29 utgängen
355 186 25 21 af
396 187 51 22 1887
464 194 42 14 var
521 187 49 21 lika
586 194 49 14 som
651 186 42 21 vid
708 187 102 21 nämnda
821 187 36 21 ärs
868 187 51 21 bör-

158 219 43 28 jan
217 219 44 22 och
277 220 90 22 säledes
382 221 109 28 utgjorde
508 222 46 27 66,6
572 221 119 28 miljoner;
707 223 60 18 samt

232 255 36 20 att
284 255 210 28 privatbankernas
513 255 296 28 kontokurantfordringar
825 255 8 21 i
843 255 76 21 utlan-

162 288 41 21 det
217 289 76 21 under
309 289 24 21 är
351 290 53 21 1887
420 289 118 29 nedgingo
554 289 53 22 med
623 297 35 14 c:a
673 291 13 20 3
701 289 110 28 miljoner
825 289 73 22 mark.

232 323 102 21 Fränser
358 331 54 13 man
434 324 152 28 utläningens
609 324 97 21 tillväxt
728 324 75 21 under
825 324 95 20 Decem-

163 356 42 21 ber
219 357 86 21 mänad
322 358 61 25 1886,
399 358 97 21 hvilken
511 358 88 21 kanske
616 358 47 21 kan
674 358 116 21 förklaras
801 358 72 27 deraf,
885 359 35 19 att

163 391 143 28 utläningen
328 392 74 21 under
424 392 76 21 denna
522 392 84 21 mänad
630 392 51 21 ofta
698 399 48 20 nog
762 396 25 17 är
803 394 72 19 större
891 396 30 17 än

165 425 75 21 under
255 425 138 29 November,
410 426 26 21 af
448 426 68 21 orsak
524 428 36 19 att
570 426 126 21 valutorna
704 426 36 21 för
749 426 46 21 den
806 426 115 21 slutförda

165 461 115 26 exporten
288 459 72 22 redan
368 460 84 21 hunnit
461 461 116 28 indragas,
586 456 85 25 medan
679 461 50 20 äter
737 468 32 13 nu
778 460 143 29 betäckning

165 493 24 22 af
203 501 100 14 sommar
319 495 43 20 och
377 495 170 28 höstimporten
562 495 109 28 vidtager
683 497 59 19 samt
758 495 163 28 skogsafverk-

165 528 117 28 ningarna
297 529 116 28 päbörjas,
429 530 25 20 sä
469 529 48 21 kan
532 529 40 21 det
588 529 20 28 ej
624 529 82 28 undgä
715 529 207 28 uppmärksamhet

165 564 36 19 att
224 562 132 22 bankernas
371 563 110 29 utlåning
496 564 74 21 under
584 565 50 20 året
651 565 53 20 1887
722 563 67 28 stigit
805 564 52 21 med
870 564 52 21 icke

165 597 91 21 mindre
282 601 30 17 än
335 605 34 14 c:a
385 599 49 26 81/,
451 599 109 28 miljoner
575 599 73 25 mark,
665 598 85 21 hvaraf
763 599 30 28 på
807 599 114 21 Finlands

165 631 80 22 Banks
262 632 69 21 andel
346 632 97 28 belöper
458 633 36 28 sig
510 640 35 13 c:a
560 635 13 20 6
588 633 117 28 miljoner.
735 633 47 21 Vid
797 640 29 13 en
839 633 83 28 jemfö-

166 666 59 20 relse
249 666 53 20 med
325 667 140 27 föregående
484 668 25 20 år
524 667 75 21 finner
614 674 55 14 man
685 667 139 27 visserligen
840 669 35 18 att
889 669 34 19 ut-

166 700 121 27 låningen,
304 701 75 20 såsom
393 702 26 26 ju
430 701 115 28 naturligt
556 705 30 21 är,
600 700 100 29 tillföljd
709 701 26 21 af
740 700 130 22 industrins
879 701 44 21 och

167 734 128 21 affärernas
318 735 144 28 utveckling,
486 736 8 20 i
517 735 129 21 allmänhet
661 736 64 20 visar
741 743 29 13 en
785 735 137 28 fortgående

168 768 113 28 stegring,
299 776 53 14 men
373 769 59 21 dock
448 770 8 20 i
471 770 55 21 vida
540 770 92 21 mindre
648 770 58 28 grad
722 773 30 17 än
768 769 156 22 förhållandet

167 810 43 14 var
227 803 62 22 1887.
314 804 30 21 Så
360 806 15 18 t.
392 811 34 13 ex.
443 804 109 28 utgjorde
568 804 77 21 denna
662 804 107 28 stegring
780 799 70 37 under
863 804 61 26 1883,

167 838 42 26 0,8,
233 837 75 21 under
333 839 53 21 1884
408 839 42 27 4,7,
467 838 83 28 (under
568 840 54 20 1885
638 838 61 21 hade
715 838 140 28 utlåningen
869 838 55 21 ned-

169 872 52 28 gått
235 872 54 21 med
307 874 31 24 1,4
355 873 122 28 miljoner),
494 873 74 21 under
586 874 53 21 1886
658 875 31 24 1,6
707 873 115 28 miljoner.

237 907 43 21 Ett
296 909 71 19 annat
385 907 237 28 anmärkningsvärdt
633 907 148 21 förhållande
795 910 31 26 är,
835 909 34 19 att
880 906 46 28 pri-

168 940 175 22 vatbankernas
367 942 131 28 upplåning
513 942 75 20 under
605 942 54 21 1887
676 941 53 21 icke
744 941 128 28 undergått
886 942 40 20 nå-

169 1013 36 18 sat
221 1017 29 13 en
266 1010 138 28 fortgående
421 1011 63 20 stark
502 1010 101 21 tillväxt.
636 1009 106 22 Sålunda
758 1012 52 26 steg
825 1009 45 22 den
885 1017 41 13 un-

169 1043 42 22 der
235 1045 56 22 1883
314 1045 53 21 med
389 1046 14 20 4
425 1044 113 29 miljoner,
560 1046 55 21 1884
631 1045 53 21 med
700 1045 42 26 3,3,
759 1045 56 21 1885
829 1044 52 21 med
897 1045 29 24 5-,

171 1079 55 22 1886
244 1079 51 22 med
313 1081 32 26 2,7
362 1079 114 28 miljoner,
493 1079 90 22 således
599 1079 74 22 under
689 1079 66 21 dessa
769 1080 14 20 4
799 1079 26 21 år
834 1079 53 21 med
899 1086 29 13 en

171 1120 90 14 summa
276 1115 24 20 af
315 1114 26 21 15
357 1113 107 29 miljoner
478 1114 57 21 eller
550 1114 8 21 i
574 1114 72 27 årligt
662 1113 110 22 medeltal
788 1114 49 26 33/,
851 1113 77 28 miljo-

170 1155 42 13 ner
227 1148 74 21 mark.
332 1148 47 21 Det
394 1151 25 18 är
433 1148 39 21 väl
487 1148 55 28 föga
558 1148 121 21 sannolikt
697 1149 35 19 att
743 1147 75 21 under
829 1148 24 20 är
866 1148 61 27 1887,

170 1181 30 22 dä
215 1181 253 22 lefnadskostnaderna
483 1183 98 28 tillföljd
598 1182 26 21 af
637 1182 85 28 billiga
737 1182 75 28 priser
827 1182 14 21 &
851 1181 28 22 de
890 1181 39 21 fle-

171 1220 36 18 sta
229 1217 184 21 förnödenheter
436 1217 53 21 bort
514 1225 53 13 vara
590 1217 73 28 nägot
678 1216 91 21 mindre
785 1220 29 17 än
829 1216 99 27 vanligt,

171 1259 37 14 om
224 1251 72 22 äfven
312 1251 26 21 af
351 1259 88 14 samma
455 1252 69 21 orsak
540 1259 28 14 en
580 1251 38 22 del
629 1251 130 21 inkomster
770 1250 158 26 förminskats,

172 1286 88 21 sädana
281 1287 153 27 besparingar
450 1293 47 14 som
514 1287 48 20 förr
578 1285 80 22 funnit
673 1285 38 21 sin
725 1285 122 28 placering
862 1285 7 20 i
885 1285 45 28 pri-

171 1320 170 27 vatbankerna,
350 1321 52 21 icke
418 1321 75 21 skulle
509 1321 73 20 hafva
597 1319 160 26 förekommit;
774 1319 97 21 fastmer
881 1318 49 21 häl-

171 1354 34 22 ler
221 1354 125 22 Utskottet
359 1355 56 28 före,
432 1357 34 19 att
483 1355 27 21 de
527 1355 142 21 ätminstone
685 1354 7 20 i
709 1354 79 27 nägon
803 1353 54 21 män
873 1352 57 22 före-

171 1389 99 26 funnits,
287 1397 53 14 men
363 1391 35 19 att
420 1390 28 20 de
470 1389 98 28 tillföljd
592 1389 26 21 af
641 1390 35 19 att
700 1387 230 29 depositionsräntan

171 1423 107 22 nedsatts
295 1424 83 21 blifvit
392 1424 31 28 pä
438 1426 71 19 annat
524 1424 49 20 häll
591 1422 132 30 placerade.

241 1464 151 18 Bankutskottets
405 1464 110 17 betänkande
527 1464 34 17 N:o
574 1464 17 16 2.
