1031 1678
357 137 24 18 U.
394 136 23 19 B.
430 146 22 3 —
464 136 38 19 N:o
514 136 17 19 1.
781 136 22 19 13

72 194 42 21 dra
128 193 77 22 finska
219 193 86 22 folkets
321 193 97 29 delning
433 193 9 22 i
457 195 87 20 tvenne
561 193 116 22 särskilda
695 193 131 22 hvarandra

72 229 111 20 motsatta
198 235 101 21 grupper
314 227 57 22 eller
385 228 53 21 med
454 228 72 21 andra
541 227 43 22 ord
594 227 111 30 befrämja
719 227 108 29 partiför-

72 261 141 23 hällandena
235 262 8 21 i
261 261 81 22 landet
360 262 44 21 och
424 262 34 27 dä,
480 262 75 21 säsom
574 261 98 22 allmänt
691 265 24 18 är
733 262 93 28 bekant,

74 296 66 21 dessa
155 296 102 28 sällskap
273 303 70 21 synas
358 303 45 22 ega
417 300 57 17 nära
489 295 111 29 beröring
610 295 53 22 med
678 295 149 29 partiförhäl-

72 330 107 27 landena,
195 329 30 22 dä
240 329 115 22 desamma
370 330 52 22 icke
437 330 53 22 vela
505 332 55 19 veta
575 330 40 21 det
629 330 103 28 ringaste
748 330 27 21 af
787 331 40 20 nä-

74 371 46 21 gon
132 364 62 21 finsk
208 364 149 22 nationalitet
371 364 127 28 härstädes,
514 364 47 21 kan
574 364 42 29 jag
634 364 52 22 icke
704 364 124 28 godkänna

74 398 45 21 den
129 398 134 29 gifmildhet
273 398 114 21 utskottet
402 398 92 22 bevisat
504 399 24 20 ät
539 398 67 21 dessa
616 398 108 29 sällskap.

143 432 47 22 Vid
205 434 90 19 senaste
310 432 120 29 landtdag,
442 432 30 22 dä
482 432 181 22 bankutskottet
673 432 108 29 föreslog,
793 434 35 20 att

75 467 132 28 ständerna,
223 467 143 22 beträffande
381 467 46 22 den
441 467 173 28 Längman'ska
632 469 126 20 testament
776 467 51 22 fon-

76 501 56 22 dens
148 501 133 29 disponibla
295 501 145 28 vinstmedel,
456 501 57 22 ville
528 501 99 26 besluta,
639 503 36 20 att
683 501 75 22 under
773 502 55 21 åren

76 536 140 22 1885—1887
233 536 74 21 skulle
322 535 90 30 årligen
426 536 74 21 bland
519 538 72 19 annat
610 536 77 21 anslås
703 536 24 21 ät
741 536 86 27 ,,Sven-

75 570 42 21 ska
136 570 145 22 folkskolans
299 571 101 20 vänner''
419 571 65 27 2,000
502 570 66 21 mark
586 570 133 22 förkastade
737 570 90 21 Preste-

76 605 43 21 och
129 605 181 21 Bondeständen
321 605 64 21 detta
395 605 87 28 förslag
493 605 198 28 hufvudsakligen
701 605 30 28 pä
741 611 87 15 samma

76 639 58 28 skäl,
153 646 49 15 som
218 639 41 29 jag
278 639 71 22 redan
367 639 8 22 i
395 639 39 22 det
452 639 142 28 föregäende
616 639 77 21 anfört
709 638 119 29 angäende

76 680 32 14 nu
123 673 161 29 ifrägakomna
299 675 85 20 tvenne
400 673 143 28 föreningar.

144 707 35 21 De
194 709 85 20 tvenne
295 708 76 28 öfriga
381 708 99 21 ständen
494 707 125 29 godkände
628 707 127 21 utskottets
765 707 63 21 hem-

76 742 91 28 ställan,
183 749 54 14 men
252 742 37 21 till
304 744 73 20 större
392 742 110 22 säkerhet
515 741 37 22 för
566 743 36 20 att
612 742 99 21 svenska
725 740 102 23 folksko-

76 776 51 21 lans
142 780 89 17 vänner
245 776 91 22 komme
355 778 36 20 att
409 776 89 22 erhälla
516 776 40 21 det
574 776 133 28 föreslagna
722 776 107 28 anslaget

76 810 133 29 uppställde
225 810 28 22 de
268 813 34 19 ett
317 811 83 21 sådant
411 811 84 27 vilkor,
512 812 34 20 att
557 810 29 22 de
601 810 24 22 åt
640 810 29 22 de
684 810 76 28 öfriga
775 810 54 21 säll-

77 845 88 29 skapen
180 845 133 29 föreslagna
328 846 112 28 anslagen
454 852 56 15 vore
526 844 68 22 deraf
606 845 122 21 beroende.
758 844 71 22 Detta

78 879 109 29 ovanliga
203 879 43 21 och
261 880 145 21 förvånande
416 879 134 22 förfarande
560 879 37 21 till
608 880 92 20 förmån
709 878 37 22 för
757 878 72 22 Sven-

78 914 41 20 ska
135 914 144 21 folkskolans
294 918 88 17 vänner
397 914 37 21 mä
450 914 88 21 lemnas
554 914 24 21 ät
593 914 42 21 sitt
649 914 77 21 värde.
749 913 79 22 Jemk-

77 948 189 28 ningsförslaget,
290 948 50 22 deri
363 949 63 27 1,500
448 948 66 22 mark
536 955 38 15 om
596 948 50 21 året
671 948 111 28 föreslogs
805 948 24 21 ät

78 982 105 21 Svenska
205 982 144 22 folkskolans
371 986 95 23 vänner,
486 982 135 29 godkändes
640 982 25 21 af
678 982 91 22 Bonde-
785 981 44 22 och

77 1016 174 21 Presteständet
266 1016 26 21 af
304 1017 79 28 tväng,
400 1016 30 22 dä
444 1017 29 20 de
488 1017 52 20 icke
554 1016 56 21 ville
626 1017 36 20 för
672 1018 34 19 ett
716 1015 113 29 sällskaps

78 1050 61 21 skull
154 1050 107 29 uppoffra
277 1050 28 22 de
320 1051 24 21 ät
359 1051 29 21 de
404 1051 76 28 öfriga
494 1051 134 28 sällskapen
642 1049 132 30 föreslagna
789 1057 40 14 an-

78 1085 86 28 slagen.

145 1120 38 21 Nu
198 1119 74 29 gäller
286 1119 89 29 frågan,
392 1119 117 22 huruvida
528 1120 24 21 åt
567 1127 87 14 samma
669 1119 100 28 sällskap
786 1119 43 21 och

78 1157 62 18 ännu
159 1153 79 22 dertill
257 1156 33 19 ett
309 1156 77 24 annat,
405 1154 70 21 hvars
494 1154 114 28 ställning
625 1153 38 22 till
681 1154 149 21 testamentet

78 1191 24 18 är
118 1187 133 29 detsamma,
267 1188 42 21 bör
324 1188 98 29 beviljas
438 1188 82 28 anslag
534 1188 31 28 pä
580 1187 76 29 grund
672 1188 25 21 af
711 1189 34 20 ett
760 1189 69 20 testa-

76 1224 84 25 mente,
177 1229 48 14 som
241 1225 25 18 är
280 1222 138 29 upprättadt
432 1222 38 21 till
484 1221 92 22 förmån
593 1221 37 22 för
648 1221 113 22 Finlands
780 1221 50 22 folk

76 1256 9 21 i
100 1255 52 22 dess
168 1256 85 21 helhet.

145 1290 36 21 Dä
193 1290 48 29 jag,
257 1291 75 21 säsom
347 1291 72 21 redan
433 1291 65 20 förut
509 1292 137 26 omnämnts,
657 1290 52 21 icke
718 1290 47 21 kan
776 1296 55 15 anse

76 1324 114 28 lämpligt,
214 1326 35 19 att
271 1325 132 28 sällskapen
426 1342 4 10 ,
432 1325 114 27 Svenska
565 1324 144 22 folkskolans
729 1325 101 20 vänner'

77 1358 43 21 och
136 1358 119 27 ,Svenska
270 1358 260 29 litteratursällskapet'*
545 1358 78 22 blefve
638 1358 119 28 delaktiga
767 1357 26 21 af
802 1356 29 22 de

77 1392 132 29 disponibla
228 1392 172 29 Längman'ska
418 1394 136 20 testaments
573 1392 99 28 medlen,
692 1393 25 21 sä
735 1392 42 21 har
789 1390 42 29 jag

77 1426 101 22 fördelat
200 1426 41 22 det
263 1427 26 21 af
309 1427 115 21 utskottet
449 1428 24 20 åt
492 1427 67 21 dessa
578 1426 101 29 sällskap
699 1425 132 29 föreslagna

145 1461 139 17 Bankutskottets
295 1462 105 17 betänkande
412 1462 35 16 N:o
460 1462 16 16 1.
