1031 1678
183 111 9 10 N

221 119 40 20 100

191 191 36 15 ror
242 185 50 20 med
308 185 27 20 de
350 184 23 21 af
387 184 43 27 mig
448 190 28 15 nu
492 183 120 28 framlagda
628 183 97 28 tydligen
741 183 58 26 gifva
814 183 35 22 vid
865 183 91 26 handen,

192 220 33 20 att
240 218 83 22 antalet
333 218 173 27 dispensationer
520 218 6 21 i
537 217 276 28 äktenskapsskilnadsmäl
827 217 130 22 åtminstone

191 253 49 21 icke
259 254 58 20 ännu
335 253 57 21 visat
412 253 70 26 nägon
500 253 118 21 nämnvärd
639 252 91 21 tendens
750 251 33 22 till
798 252 158 27 nedätgäende,

193 293 64 21 synes
274 287 37 22 det
330 287 63 22 äfven
412 287 44 26 mig
474 293 52 15 vara
545 287 23 21 af
580 286 103 22 behofvet
697 286 120 27 päkalladt,
833 288 34 19 att
881 286 29 27 pä
926 288 32 20 ett

193 321 54 21 eller
262 323 66 19 annat
343 323 46 19 sätt
404 321 54 21 söka
472 321 94 27 afhjelpa
582 321 37 21 det
634 320 197 26 missförhällande,
843 323 33 19 att
886 321 26 21 sä
922 321 36 21 be-

193 355 138 28 tydelsefulla
346 355 136 27 rättsfrägor,
500 361 46 16 som
562 362 29 14 nu
606 355 173 27 ifrägavarande,
795 355 7 21 i
813 361 26 15 en
848 354 110 28 jemförel-

194 390 57 21 sevis
274 392 47 19 stor
341 390 80 26 mängd
440 390 145 21 underkastas
606 396 26 15 en
649 390 23 21 af
686 390 101 21 bestämd
803 389 36 27 lag
857 389 100 22 obunden

193 423 106 28 pröfning.

263 527 59 21 Enär
337 527 99 22 krediten
453 528 31 21 uti
501 528 41 21 den
559 528 103 21 moderna
678 529 73 20 staten
767 527 43 22 kan
827 529 64 25 sägas
909 533 50 16 vara

196 567 26 16 en
242 561 45 22 lika
308 562 120 26 oumbärlig
448 563 66 26 agent
534 561 33 22 för
587 569 25 14 en
629 562 86 27 allsidig
732 561 124 28 utveckling
871 568 47 15 som
934 568 26 15 en

196 596 56 21 sund
267 595 197 28 hjertverksamhet
480 599 23 18 är
519 596 37 21 det
570 596 33 21 för
619 596 224 27 menniskokroppens
859 595 102 22 välbefin-

195 630 78 26 nande,
291 630 25 21 sä
331 631 62 21 torde
410 633 52 18 utan
478 631 73 21 vidare
567 631 66 25 inses,
649 631 56 21 huru
722 630 191 27 maktpäliggande
925 631 37 20 det

197 666 30 24 är,
243 665 34 20 att
291 665 42 21 den
349 665 141 27 lagstittning,
507 671 46 15 som
569 665 96 26 reglerar
676 665 236 21 kreditförhällandena
921 665 40 21 och

198 698 105 22 särskildt
324 699 27 21 de
371 699 66 27 lagar,
454 699 72 21 hvilka
541 699 46 21 afse
602 702 33 18 att
652 700 105 26 betrygga
773 698 130 27 längifvares
919 700 44 20 rätt

198 735 33 19 att
249 733 29 27 pä
297 733 102 22 bestämd
419 734 31 20 tid
470 734 46 20 utfä
532 734 47 21 sina
595 733 220 27 tillgodohafvanden,
832 734 74 20 säkert
922 733 40 21 och

198 767 50 21 med
263 767 79 21 minsta
357 768 88 27 möjliga
460 768 132 26 tidsutdrägt
607 768 50 21 leda
673 768 33 20 till
722 768 125 21 ändamälet
862 768 48 21 med
926 768 36 20 de-

198 808 90 14 samma.
319 802 81 21 Kastar
414 808 49 15 man
479 809 28 15 nu
523 809 25 15 en
565 803 57 21 blick
637 803 28 27 pä
682 802 42 22 den
740 802 142 27 lagstiftning,
899 802 64 21 som
953 798 12 36 i

198 836 145 27 nyssberörda
359 838 62 20 ämne
437 837 39 21 hos
493 843 35 15 oss
546 839 24 19 är
586 837 107 27 gällande,
711 837 43 21 kan
770 843 49 15 man
833 836 47 22 icke
891 836 73 27 undgä

198 872 34 19 att
248 870 46 22 deri
309 870 58 22 finna
382 872 77 26 mänga
475 872 40 20 och
531 872 120 26 väsentliga
666 872 86 20 brister.
784 871 68 21 Bland
864 871 65 21 dessa
940 873 24 19 är

199 904 143 27 ovilkorligen
359 906 110 21 saknaden
486 905 22 22 af
517 912 127 21 permanens
660 906 41 21 hos
710 906 216 21 underdomstolarne
937 905 28 27 pä

198 938 75 22 landet
293 946 26 15 en
339 940 22 21 af
380 940 26 22 de
428 943 56 19 mest
502 941 105 26 känbara;
632 948 48 14 men
701 940 28 21 dä
744 940 35 22 för
794 941 41 21 den
850 940 63 21 häraf
926 940 38 26 pä-

199 973 87 22 kallade
309 974 41 22 och
372 975 66 21 redan
459 975 35 21 vid
515 975 108 21 särskilda
644 974 99 22 tillfällen
763 975 68 21 under
846 974 119 26 beredning

200 1008 83 21 vordna
301 1008 107 22 reformen
423 1009 7 20 i
445 1008 195 22 Häradsrätternes
656 1009 148 26 organisation
821 1015 88 15 numera
930 1009 36 20 det

200 1041 84 27 hinder,
309 1048 46 15 som
376 1043 110 21 saknaden
506 1043 22 21 af
551 1043 70 22 dertill
642 1043 143 26 erforderliga
800 1043 70 21 medel
889 1043 77 21 hittills

201 1077 100 26 uppstält
316 1077 33 21 för
364 1077 118 22 reformens
499 1078 174 27 genomförande,
691 1078 49 21 icke
755 1078 72 21 vidare
838 1078 62 21 torde
913 1077 53 22 före-

201 1109 76 28 finnas,
299 1111 24 21 sä
343 1112 36 21 vill
394 1112 42 27 jag,
454 1113 68 20 under
540 1113 144 27 förhoppning
701 1114 33 19 att
750 1113 68 26 sagda
833 1113 133 26 reorganisa-

201 1145 126 27 tionsfräga,
347 1145 25 21 sä
394 1148 59 19 snart
474 1147 38 20 ske
533 1147 49 26 kan,
604 1147 22 20 af
644 1146 109 27 styrelsen
774 1146 141 21 öfverlemnas
936 1145 32 22 till

202 1179 133 22 Ständernes
351 1181 190 27 grundlagsenliga
556 1181 139 26 behandling,
712 1180 33 22 för
761 1181 70 21 denna
847 1181 55 26 gäng
916 1181 52 20 utan

201 1213 74 22 vidare
295 1215 123 21 beaktande
434 1215 71 22 lemna
521 1216 40 21 den
578 1215 143 27 tidsutdrägt,
738 1221 47 15 som
801 1215 68 21 vällas
888 1214 22 21 af
924 1214 44 21 Hä-

201 1249 161 21 radsrätternes
378 1249 90 26 fätaliga
484 1250 114 21 sessioner.

273 1279 73 31 Öfriga
361 1283 39 21 vär
415 1284 207 27 kreditlagstiftning
637 1283 133 22 vidlädande
786 1284 79 21 brister
880 1285 38 20 äro
926 1283 43 22 för-

202 1317 117 27 nämligast
333 1317 89 26 sädana,
439 1324 47 15 som
501 1319 65 26 lägga
582 1319 76 21 hinder
673 1319 7 20 i
692 1321 70 24 vägen
773 1318 33 21 för
817 1325 25 14 en
854 1319 68 21 snabb
934 1325 36 14 ex-

203 1350 96 22 ekution.
331 1352 30 27 Ty
383 1352 107 22 erkännas
506 1353 76 26 mäste,
600 1355 32 19 att
649 1353 115 27 styrelsen,
781 1352 66 22 sedan
863 1353 48 21 värt
926 1352 44 27 lag-

203 1385 194 28 stiftningsarbete,
422 1386 54 22 efter
492 1388 50 20 dess
562 1388 133 26 längvariga,
714 1387 22 21 af
753 1386 165 22 förhällandena
932 1387 38 27 pä-

203 1419 88 23 kallade
310 1420 63 28 hvila,
396 1421 47 21 äter
464 1422 72 22 kunde
558 1422 94 27 vidtaga,
673 1422 7 21 i
695 1422 126 27 möjligaste
837 1422 68 21 mätto
921 1421 51 22 sökt
