1031 1678
843 128 12 21 5

332 189 47 21 Den
402 190 11 21 1
430 189 49 27 juni
500 189 56 22 1885
572 191 177 20 sammanträdde
765 189 119 22 förstärkta

264 223 288 28 Ständerhusdelegationen
569 225 13 20 å
596 224 85 27 vanligt
697 224 77 25 ställe,.
783 224 40 21 och
837 225 49 20 när-

263 264 52 15 varo
326 257 85 22 därvid:
430 258 193 21 viceordföranden
635 258 26 21 hr
670 259 24 20 A.
703 258 183 25 Schauman,
847 253 44 34 som

262 292 7 21 i
285 291 81 22 ordf:ns
381 292 102 22 frånvaro
499 293 63 21 ledde
572 292 201 30 förhandlingarne,
783 295 56 18 samt
849 293 38 21 hrr

264 326 25 22 G.
305 333 40 14 von
361 326 99 26 Alfthan,
476 327 22 21 C.
510 327 25 21 G.
546 327 183 25 Standertskiöld,
745 327 38 21 Th.
794 327 92 25 Decker,

263 360 23 22 T.
309 367 42 15 von
373 360 121 27 Frenckell,
517 362 24 20 A.
558 361 109 27 Kihlman,
690 361 25 21 A.
738 361 31 21 W.
785 361 64 28 Lyra,
865 361 20 21 J.

262 395 112 24 Forsman,
391 395 25 21 C.
432 395 20 20 J.
466 395 134 28 Lindeqvist,
610 395 25 20 K.
644 395 24 22 E.
677 396 24 21 F.
710 395 105 27 Ignatius,
824 395 25 22 C.
859 395 26 21 G.

264 429 121 26 Estlander,
401 429 28 21 E.
446 424 93 31 Öhman,
555 429 22 22 C.
594 429 26 22 G.
635 429 113 27 Sanmark,
759 430 24 21 R.
799 429 84 27 Elving,

263 463 25 22 V.
304 459 92 32 Öhberg,
412 464 24 21 A.
452 464 24 22 F.
492 464 108 28 Almberg,
616 465 25 20 A.
657 465 121 25 Meurman,
793 464 92 22 friherre

263 498 22 21 S.
301 498 134 27 Gripenberg
451 499 40 21 och
506 499 26 21 A.
548 499 32 21 W.
595 499 85 22 Melart.

480 573 13 28 8
511 574 19 20 1.

195 611 59 22 Enär
276 611 25 22 af
321 611 164 28 delegationens
506 613 142 21 medlemmar
668 613 34 21 för
719 613 164 22 Bondeständet

126 647 77 20 endast
217 646 48 27 fyra
280 646 83 21 kunnat
379 647 203 28 tillstädeskomma,
598 647 121 22 hemstälde
731 647 76 26 ordf:n,
819 647 66 22 huru-

124 680 51 22 vida
191 680 83 28 deleg:n
291 681 80 27 ansäge
382 681 32 27 sig
426 682 36 20 det
473 682 91 21 oaktadt
580 682 114 25 beslutför;
711 682 40 21 och
761 681 124 22 förklarade

126 715 84 26 deleg:n
226 715 7 21 i
249 714 118 28 anledning
389 716 69 25 häraf,
479 718 33 19 att
526 717 127 20 densamma
667 716 73 26 borde,
757 716 24 21 af
793 715 92 23 berörda

125 749 136 21 förhållande
289 750 149 26 oförhindrad,
461 750 33 21 till
516 750 134 27 behandling
672 752 98 26 upptaga
793 751 36 20 det
851 750 35 21 för

126 784 171 20 sammanträdet
311 783 113 22 bestämda
440 785 91 21 ärendet
546 784 112 22 äfvensom
674 785 47 21 däri
736 785 55 21 fatta
806 784 79 26 beslut,

125 819 70 20 under
211 817 106 22 förbehåll
333 820 32 20 att
381 820 135 27 omröstning
530 819 48 21 icke
594 819 72 22 blefve
682 819 110 27 påkallad.

482 896 11 24 s
509 896 20 20 2.

195 932 132 22 Protokollet
343 933 33 21 för
392 936 86 20 senaste
494 934 161 22 sammanträde
669 934 131 28 justerades.

481 1007 47 29 83.

195 1047 41 20 Till
252 1047 101 27 pröfning
369 1048 95 27 företogs
482 1049 41 20 den
538 1047 35 22 vid
585 1047 180 27 nästföregäende
777 1053 106 15 samman-

125 1081 63 20 träde
209 1081 78 21 väckta
308 1081 85 28 frägan,
416 1082 108 21 huruvida
539 1082 41 21 och
596 1082 29 27 pä
640 1082 57 21 hvad
713 1082 43 20 siitt
772 1081 112 24 särskilda,

125 1115 56 27 änyo
199 1115 123 27 föreslagna
336 1117 80 20 tomter
430 1116 35 21 för
480 1117 37 20 det
527 1116 111 21 blifvande
649 1115 153 22 ständerhuset
816 1115 68 21 borde

124 1149 59 21 inom
207 1150 41 21 den
271 1151 97 20 närmast
390 1150 98 28 följande
511 1151 60 20 tiden
588 1150 147 25 undersökas;
759 1149 41 22 och
815 1149 70 22 beslöt

126 1183 157 28 delegationen,
307 1184 55 21 efter
377 1191 27 14 en
416 1185 6 20 i
438 1185 92 21 ärendet
544 1185 115 21 förefallen
674 1185 76 26 längre
765 1183 120 28 öfverlägg-

126 1217 57 28 ning,
207 1220 33 19 att
262 1225 27 14 en
312 1218 140 22 kommission
479 1219 70 21 skulle
564 1219 26 22 af
602 1219 152 27 delegationen
770 1220 59 19 utses
844 1218 40 21 och

126 1251 82 22 erhälla
223 1253 7 20 i
245 1253 100 27 uppdrag
361 1255 33 20 att
409 1254 25 21 sä
449 1255 61 20 snart
525 1260 45 15 som
582 1253 85 28 möjligt
677 1253 120 22 värkställa
807 1253 78 20 under-

126 1285 119 29 sökningen
269 1287 40 22 och
332 1287 129 22 införskaffa
484 1287 88 28 nödiga,
586 1288 8 21 i
609 1287 44 22 alla
668 1288 81 27 vigtiga
767 1287 117 21 afseenden

125 1327 128 20 noggranna
272 1322 158 27 upplysningar
446 1323 93 20 rörande
555 1323 72 21 nedan
643 1324 114 25 upptagna
772 1321 113 27 tomtplat-

125 1361 40 19 ser,
182 1356 121 27 nämligen:

126 1393 39 20 1:0.
195 1390 43 21 Det
259 1392 88 20 omräde
367 1391 25 21 af
410 1393 109 27 gvarteret
542 1390 111 27 Servalen,
669 1398 45 14 som
730 1390 75 21 tillhör
821 1391 64 19 stats-

193 1425 82 26 värket,
295 1426 68 27 jämte
386 1426 43 21 den
451 1426 80 21 mellan
550 1426 68 26 sagda
636 1425 89 21 omräde
746 1424 40 22 och
801 1424 84 21 riddar-
