1031 1678
423 126 91 21 XXXVI

69 679 33 20 att,
115 676 24 19 dä
152 683 22 12 en
187 677 68 22 mängd
267 677 20 17 af
299 677 94 17 allmänna
405 679 55 15 stats-

45 712 61 18 medel
124 712 75 17 bildade
218 711 66 17 fonder
302 711 65 21 finnas,
385 712 75 17 hvilkas

46 746 109 23 afkastning
168 746 63 18 städse
243 746 49 18 skall
305 746 24 22 pä
342 748 27 16 ett
381 752 22 12 en
413 746 48 22 gäng

46 781 30 17 för
95 781 37 17 alla
150 781 97 18 faststäldt
266 782 37 16 sätt
322 781 95 17 användas
432 781 30 17 för

45 816 158 22 tillgodoseendet
214 815 20 17 af
241 816 50 17 vissa
300 816 97 17 bestämda
406 817 55 16 stats-

47 850 92 21 ändamål,
153 850 32 18 det
193 850 92 17 förefallit
293 850 99 18 Utskottet
400 849 61 19 såsom

48 885 60 17 skulle
128 885 106 22 derigenom
254 885 77 22 utgifter
347 885 39 17 ofta
399 885 64 17 kunna

48 920 75 16 komma
136 921 28 16 att
177 924 33 18 ega
222 925 46 15 rum,
282 921 45 16 utan
339 921 27 16 att
374 919 89 18 behofvet

47 954 35 17 och
102 954 163 22 nödvändigheten
282 954 20 17 af
314 954 94 18 desamma
421 954 42 17 blif-

47 988 28 18 vit
94 988 102 22 behörigen
217 988 96 22 pröfvade,
333 988 79 18 hvarför
430 989 32 17 Ut-

48 1023 72 17 skottet
131 1021 104 19 framhållit
248 1023 151 17 önskvärdheten
413 1023 19 17 af
440 1028 22 12 en

48 1057 107 22 förenkling
169 1057 41 18 utaf
222 1057 200 23 statsfondssystemet.

822 126 41 20 253

468 193 21 18 jä
509 193 117 19 åkerbruket
648 195 34 16 och
707 193 187 23 ladugärdsskötseln

478 229 58 17 borde
549 229 66 17 utöfva
627 230 28 16 ett
667 229 112 22 välgörande
792 228 102 23 inflytande

478 263 24 23 pä
516 264 102 22 allmogens
632 263 10 18 å
651 265 53 16 orten
713 262 181 23 landthushällning.

468 298 36 17 "Af
522 298 22 17 de
564 298 41 17 utaf
617 299 114 16 statsverket
743 299 69 16 inlösta
824 297 70 23 hofläg-

478 338 33 12 ren
528 333 64 21 hafva,
611 333 82 17 förutom
706 333 120 21 Kronoborgs
840 334 53 19 stom,

479 372 39 12 som
538 367 58 17 redan
616 366 20 18 år
656 368 43 16 1873
719 366 90 23 upplåtits
821 366 29 18 till
863 367 32 17 det

468 403 2 10 i
479 402 98 17 derstädes
596 402 93 17 inrättade
707 402 188 17 landtbruksinstitu-

479 438 32 19 tet,
525 436 53 22 Petäj

469 461 1 15 |
480 471 57 21 läger,
552 470 48 18 efter
610 470 127 23 försiggänget
747 471 96 17 storskifte
853 470 42 17 blif-

603 437 23 20 vi,
640 436 95 17 Wehmais
745 437 34 16 och
789 436 56 17 Ilmes
854 436 40 17 hof-

468 511 2 20 |
479 505 28 17 vit
519 504 24 23 pä
556 505 64 22 längre
633 505 28 18 tid
673 505 151 18 utarrenderade.
847 505 48 17 Fna-

468 533 74 24 "handa
561 540 107 17 förfarande
684 541 83 16 kommer
781 540 53 17 äfven
848 539 47 18 efter

479 574 51 17 hand
544 575 34 16 och
592 575 6 16 i
611 574 35 18 den
665 573 42 18 män
722 574 174 18 storskiftsförrätt-

480 609 93 22 ningarna
586 609 58 17 hinna
657 609 88 18 slutföras
759 609 84 22 vidtagas
853 608 42 18 med

480 643 60 22 öfriga
554 644 194 17 donationsstommar.

504 678 84 17 Emedan
608 678 88 22 anslagen
714 678 29 18 till
760 683 22 12 en
798 678 29 17 del
841 679 54 16 stats-

480 712 87 18 ändamäl
580 712 59 18 mäste
652 713 63 17 ställas
725 712 20 18 sä
755 714 27 16 att
791 712 106 18 öfverskott

480 746 42 18 frän
542 749 27 15 ett
588 746 20 18 är
627 734 131 39 kapitaliseras
777 747 28 17 till
823 749 26 15 ett
861 746 34 18 föl-

479 782 63 22 jande,
562 781 61 18 säsom
642 782 113 22 exempelvis
770 781 85 22 anslaget
867 781 29 17 till

481 816 58 22 inköp
560 816 20 18 af
598 816 137 22 skogsmarker,
755 816 35 17 och
808 817 44 16 enär
865 816 32 17 det

482 851 87 17 stundom
589 852 21 16 är
628 850 115 22 nödvändigt
761 852 27 15 att
805 850 20 17 af
836 850 61 22 någon

482 886 38 16 viss
533 884 79 24 tillgång
625 885 50 17 bilda
687 885 71 22 kapital
767 884 30 18 för
806 885 92 17 emotsedt

481 920 91 18 framtida
590 920 62 20 behof,
672 919 60 18 säsom
751 919 53 18 fallet
821 921 20 15 är
855 920 42 17 med

472 971 1 8 |
482 954 309 25 lagmanstingsgästningsfonden,
812 954 37 17 kan
869 959 29 17 sy-

472 997 2 19 |
482 991 68 25 stemet
569 991 28 15 att
612 989 5 17 i
633 989 94 17 särskilda
739 988 66 18 fonder
817 988 82 18 förvalta

483 1029 23 12 en
525 1023 30 17 del
571 1023 21 17 af
606 1023 125 18 statsverkets
743 1021 101 24 tillgångar
857 1023 42 17 icke

482 1057 83 22 frängäs.
585 1057 27 18 Af
619 1057 109 18 vidstäende
738 1057 96 22 uttalande
843 1057 56 17 fram-

482 1091 35 24 gär
536 1093 16 22 ej
572 1093 66 20 heller,
657 1092 65 17 hvilka
740 1083 66 26 fonder
823 1091 76 18 dermed

472 1118 2 3 |
718 1127 29 17 En
760 1126 107 22 förenkling
880 1126 22 17 af

471 1184 1 4 |
483 1161 137 22 Fondsystemet
632 1161 35 17 har
680 1161 47 18 dock
741 1161 57 17 sedan
813 1161 43 16 1885
869 1159 30 19 års

471 1195 1 27 |
482 1195 93 23 landtdag
588 1198 31 20 egt
631 1201 46 16 rum,
691 1196 5 17 i
709 1196 32 17 det
753 1195 94 17 särskilda
859 1195 40 17 fon-

471 1136 2 15 |
483 1127 107 22 egentligen
603 1126 84 23 äsyftats.

484 1230 34 18 der
527 1230 63 17 blifvit
599 1230 107 17 öfverförda
714 1230 29 17 till
753 1229 34 18 den
797 1228 103 23 utlänings-

473 1264 1 5 |
483 1264 53 21 fond,
549 1265 29 17 till
591 1265 56 17 hvars
659 1265 88 17 bildande
760 1264 52 17 Hans
825 1264 75 22 Kejser-

474 1295 1 3 |
484 1295 39 27 liga
541 1299 95 22 Majestät,
655 1300 59 21 enligt
732 1299 113 22 kungörelse
865 1299 35 17 den

487 1336 18 15 11
520 1334 40 17 Juli
574 1335 49 19 1887,
642 1334 94 17 meddelat
752 1333 65 22 nädigt
829 1333 71 17 förord-

484 1368 69 22 nande;
566 1368 73 18 hvilket
651 1369 34 17 här
697 1367 110 19 framhälles
823 1373 29 11 om
865 1368 36 17 ock

474 1396 2 3 |
485 1402 158 18 Statsutskottets
662 1403 86 23 yttrande
767 1402 42 18 icke
825 1402 76 22 egentli-

485 1443 36 17 gen
540 1443 55 17 synes
614 1438 57 17 afsett
689 1438 22 17 de
729 1438 29 17 till
772 1436 85 23 utläning
870 1442 31 12 an-

485 1472 62 18 vända
560 1472 71 18 fonder.

336 1519 277 14 -—mn—se—
