1031 1678
224 137 28 21 58

195 199 72 21 betats
290 199 23 21 af
335 206 26 15 en
384 200 33 21 för
437 200 122 21 ändamålet
577 200 87 21 nedsatt
680 200 85 21 komité.
797 201 33 20 Då
845 200 112 22 Bankfull-

196 234 94 26 mäktige
301 234 34 21 för
347 235 32 20 sin
392 235 33 20 del
441 235 47 21 icke
496 235 72 20 kunde
576 235 115 26 godkänna
700 235 39 21 den
749 235 6 20 i
767 235 92 20 nämnda
872 235 84 21 författ-

195 268 146 27 ningsförslag
352 269 115 21 förordade
479 269 194 26 omgestaltningen
686 269 23 21 af
718 269 196 27 Bankfullmäktigs
926 270 30 20 in-

196 303 125 20 stitutionen
331 303 38 21 och
379 303 23 21 af
408 303 174 27 organisationen
591 303 23 21 af
621 303 99 22 Bankens
731 303 104 22 direktion
845 304 111 25 samtjem-

195 337 34 20 väl
243 337 6 20 i
258 337 67 21 andra
331 337 159 27 jemförelsevis
501 338 81 20 mindre
591 337 122 27 betydande
723 338 60 20 delar
791 338 61 26 hyste
864 337 46 21 från
919 337 38 21 ko-

196 371 65 21 mitén
274 371 124 27 skiljaktiga
413 372 85 26 åsigter,
511 371 85 27 afgåfvo
609 372 146 26 Fullmäktige
766 372 70 20 tillika
845 372 31 20 till
886 371 71 21 Bank-

195 405 107 21 utskottet
321 405 22 21 af
361 406 144 26 Fullmäktige
525 405 120 27 uppgjorda
661 405 191 27 ändringsförslag.
883 406 33 21 De
936 405 23 22 af

195 439 168 22 Bankutskottet
375 440 49 21 med
436 440 114 27 anledning
564 440 62 21 häraf
637 441 127 20 utarbetade
776 440 37 21 och
826 440 131 21 Ständernas

195 473 118 27 afgörande
329 475 140 20 understälda
480 474 255 27 författningsförslagen,
748 475 5 20 i
765 474 72 21 hvilka
847 474 111 21 Utskottet

197 508 98 27 upptagit
311 508 40 21 den
367 509 24 20 af
405 509 93 21 komitén
515 509 115 20 förordade
647 509 210 26 omorganisationen
869 509 23 20 af
902 509 55 20 Ban-

195 542 53 21 kens
265 543 96 26 styrelse,
377 543 71 21 blefvo
464 543 23 20 af
501 543 159 26 Ridderskapet
676 543 39 20 och
731 543 69 20 Adeln
812 545 55 18 samt
877 543 81 26 Borga-

196 577 112 20 reståndet
323 579 98 24 antagne,
438 577 111 21 hvaremot
565 578 111 20 desamma
692 577 22 20 af
728 577 87 21 Preste-
825 577 38 21 och
875 578 83 21 Bonde-

197 611 97 26 stånden,
311 611 54 21 efter
385 618 26 15 en
430 612 86 26 generel
533 612 128 26 diskussion,
683 611 48 21 med
753 612 80 26 hänsyn
853 611 31 21 till
902 611 56 21 före-

197 645 92 21 nämnda
309 645 6 21 i
335 645 208 26 Bankfullmäktiges
560 646 193 26 sammansättning
769 646 101 26 vidtagna
887 645 71 21 förän-

197 680 88 26 dringar
301 679 142 22 förkastades.
467 680 41 21 Vid
524 680 144 21 omförmälda
684 680 80 26 utgång
779 680 42 20 fick
837 680 74 26 frågan
924 686 34 14 om

196 715 47 25 nytt
259 714 189 26 bankreglemente
464 714 38 21 och
518 720 26 21 ny
561 714 128 21 instruktion
709 714 34 21 för
764 714 194 26 Bankfullmäktige

197 747 34 21 för
247 748 40 20 den
304 748 82 26 gången
402 748 92 21 förfalla.

266 782 34 21 Då
318 782 90 21 sålunda
426 783 38 20 hos
484 783 24 21 de
528 783 70 21 skilda
614 783 95 21 Stånden
725 782 24 22 så
767 782 114 27 väsentligt
901 783 57 21 olika

197 816 83 27 åsigter
295 817 56 26 gjort
371 817 33 27 sig
424 817 98 27 gällande
541 817 133 21 beträffande
691 818 40 20 den
748 817 100 27 rigtning,
865 824 44 14 som
925 817 34 21 för

199 857 26 15 en
245 851 65 26 nödig
329 851 80 21 ansedd
430 852 77 20 reform
527 851 23 21 af
565 852 221 26 banklagstiftningen
802 852 65 20 borde
883 852 73 27 inslås,

199 885 63 21 hafva
273 885 197 27 Bankfullmäktige
482 888 52 18 trott
546 886 39 20 den
598 886 134 21 närvarande
741 886 125 26 tidpunkten
876 886 82 21 mindre

199 919 69 26 egnad
285 919 33 21 för
334 919 122 27 afgifvande
472 920 22 20 af
509 922 30 19 ett
555 922 45 25 nytt
616 920 137 26 fullständigt
769 920 82 26 förslag
862 920 5 20 i
880 922 78 24 ämnet,

198 953 58 21 helst
271 956 72 18 senast
358 954 130 22 församlade
504 954 92 22 Ständer
612 954 47 22 icke
676 954 79 21 leronat
770 953 144 28 Fullmäktige
923 954 36 21 nä-

199 990 37 24 got
251 988 98 26 uppdrag
366 988 79 21 härtill.
476 989 9 20 I
502 989 166 26 nedanföljande
684 989 83 26 förslag
779 989 32 20 till
827 988 131 27 förordning,

198 1022 112 26 angående
326 1023 106 20 särskilda
448 1023 115 26 ändringar
574 1023 30 20 uti
617 1023 39 21 och
667 1023 77 26 tillägg
759 1023 34 20 till
802 1023 97 26 gällande
911 1029 48 20 reg-

199 1056 93 21 lemente
305 1057 40 21 och
357 1059 43 18 stat
412 1057 33 20 för
456 1057 93 26 Banken,
563 1057 63 21 hafva
635 1057 74 21 derför
720 1057 108 26 upptagits
841 1057 75 20 endast
927 1057 33 21 så-

199 1091 56 20 dana
265 1091 167 26 bestämningar,
442 1097 44 15 som
499 1092 55 20 visat
565 1091 32 27 sig
606 1097 51 15 vara
668 1091 23 21 af
699 1091 164 21 förhållandena
873 1097 87 20 synner-

199 1125 56 26 ligen
264 1125 121 27 påkallade.
404 1125 69 21 Bland
486 1126 62 21 dessa
560 1125 134 27 stadganden
706 1125 64 21 hafva
783 1125 26 21 de
820 1125 61 21 flesta
894 1126 66 20 redan

199 1159 69 26 ingått
283 1159 30 21 uti
331 1159 26 21 de
374 1159 22 21 af
410 1159 132 22 förbemälde
558 1160 87 26 komité,
663 1162 55 19 samt
730 1160 23 21 af
763 1159 197 27 Bankfullmäktige

199 1193 40 21 och
254 1193 170 22 Bankutskottet
440 1195 34 20 vid
491 1196 84 19 senaste
593 1194 104 27 landtdag
706 1194 81 26 afgifna
799 1194 105 21 särskilda
916 1193 44 27 lag-

199 1227 110 26 förslagen
333 1229 40 20 och
395 1229 5 20 i
425 1229 63 20 dessa
510 1229 117 26 utförligen
648 1229 131 20 motiverats.
811 1228 93 21 Sålunda
922 1228 38 21 har

199 1262 68 21 under
283 1262 12 27 &
313 1263 10 20 1
340 1263 108 26 upptagits
470 1263 39 21 den
526 1263 67 21 under
609 1263 11 27 $
637 1263 26 21 18
679 1263 7 21 i
703 1263 125 20 förberörde
845 1262 116 27 lagförslag

199 1296 106 26 ingående
321 1297 161 26 bestämningen
502 1303 32 15 om
557 1299 42 19 rätt
614 1297 34 20 för
664 1297 105 22 Senatens
784 1297 119 21 Ekonomie
919 1297 42 20 De-

199 1333 122 23 partement
336 1334 31 18 att
382 1332 35 20 vid
434 1331 70 25 behof,
516 1331 26 27 på
555 1331 159 26 framställning
725 1331 22 21 af
757 1331 203 26 Bankfullmäktige,

200 1365 108 27 medgifva
323 1365 114 27 tillökning
453 1366 22 20 af
490 1366 98 20 Bankens
605 1366 122 20 sedelstock
745 1366 47 20 med
809 1365 55 21 ända
875 1366 32 20 till
919 1365 41 20 fem

200 1400 99 26 miljoner
318 1400 60 20 mark
399 1400 85 20 utöfver
504 1401 35 19 det
554 1400 84 26 belopp,
655 1400 103 20 hvarmed
774 1399 100 21 Bankens
889 1399 72 21 sedlar

200 1434 68 26 enligt
283 1441 29 14 nu
327 1434 100 26 gällande
444 1434 132 26 stadganden
592 1434 22 21 få
630 1434 134 26 öfverskjuta
781 1434 48 20 dess
846 1433 72 21 valuta
928 1433 34 21 för

200 1468 175 27 sedelutgifning.
406 1469 33 21 Då
458 1468 98 22 Bankens
572 1469 227 26 sedelutgifningsrätt
815 1470 24 18 är
855 1468 107 20 beroende

199 1502 66 22 bland
282 1505 63 19 annat
362 1503 22 21 af
400 1503 47 21 dess
464 1503 121 27 fordringar
601 1504 6 20 i
624 1504 104 25 utlandet,
745 1503 73 21 hvilka
834 1502 35 21 vid
885 1508 28 14 nu
929 1502 33 21 rå-
