1031 1678
225 126 26 20 62

194 190 31 21 uti
246 190 127 22 förberörda
399 191 171 27 arbetsordning,
595 191 67 26 enligt
681 191 86 21 hvilken
787 190 34 21 väl
843 190 114 27 handlägg-

194 225 77 26 ningen
288 225 27 26 af,
331 225 67 22 bland
421 227 71 25 annat,
513 225 103 22 brottmål
637 225 49 21 utaf
703 225 41 21 den
760 224 150 22 beskaffenhet
925 227 32 19 att

194 259 95 26 utslaget
312 259 68 22 borde
404 255 120 26 Öfverrätts
545 259 99 28 pröfning
663 259 127 22 hemställas
809 259 7 20 i
831 259 72 27 regeln
920 266 36 14 an-

193 293 85 21 komme
299 294 28 26 på
348 293 206 22 Rådstufvurättens
575 293 68 22 första
659 293 117 26 afdelning,
793 293 47 22 icke
856 295 35 25 egt
907 293 49 22 stöd

193 327 32 21 för
248 328 40 20 sitt
311 328 62 21 ofvan
395 329 111 20 anmärkta
527 327 123 22 förfarande
665 330 40 23 att,
722 327 68 21 sedan
805 328 104 20 Katarina
924 328 32 21 W.

194 362 113 21 derstädes
323 362 6 21 i
346 364 33 20 ett
399 362 154 27 sammanhang
573 362 100 21 tilltalats
695 362 33 21 för
745 361 72 27 oloflig
831 362 125 27 försäljning

193 396 22 21 af
229 396 20 21 öl
267 397 39 20 och
324 396 33 21 för
373 397 104 27 koppleri,
498 397 47 21 visa
565 396 54 21 ifrån
642 397 33 26 sig
691 396 69 21 åtalet
775 396 33 21 för
824 396 132 21 sistnämnda

193 431 68 26 brott;
281 431 42 21 och
339 437 46 15 som
402 431 206 22 Rådstufvurättens
624 431 68 21 andra
708 430 109 27 afdelning
838 431 117 25 dessutom,

193 464 54 22 efter
263 465 131 27 vidtagande
409 465 22 22 af
444 465 69 27 sagda
528 466 83 27 åtgärd,
628 467 71 20 utsatt
710 465 105 21 Katarina
823 465 44 21 W:s
879 471 77 15 ansvar

192 499 34 21 för
242 499 41 22 den
299 499 70 22 henne
386 500 128 21 tillräknade
531 499 85 27 olofliga
632 499 185 27 ölförsäljningen,
833 499 67 22 ehuru
914 499 42 21 Ka-

193 534 70 21 tarina
279 534 40 26 W.,
343 534 50 21 med
415 533 101 23 afseende
534 534 12 21 ä
562 534 37 21 det
617 534 68 26 skick,
710 534 61 21 hvari
792 534 66 21 saken
879 539 76 21 genom

193 567 62 22 ofvan
279 568 92 21 berörda
392 569 72 25 utslag
484 568 22 21 af
521 568 41 21 den
580 570 24 19 15
621 568 42 27 Maj
683 570 56 19 1884
755 568 63 21 räkat
833 571 56 18 samt
904 570 52 19 enär

192 602 42 21 hon
255 603 114 26 samtidigt
392 602 61 22 äfven
473 603 100 26 angifvits
592 603 33 21 för
640 605 68 19 annat
723 603 66 25 brott,
806 603 87 20 hvarom
907 609 48 14 ran-

193 637 90 26 sakning
300 637 27 21 dä
343 639 57 19 ännu
416 637 18 27 ej
451 637 115 27 försiggätt
586 637 40 22 och
648 637 82 21 hvilket
751 637 204 21 Rädstutvurättens

193 671 67 21 andra
283 671 111 27 afdelning
416 672 104 21 förklarat
540 672 33 26 sig
588 672 48 21 icke
653 672 94 26 befogad
763 673 32 19 att
810 672 32 20 till
858 671 97 27 pröfning

192 707 102 25 upptaga,
317 706 56 25 bort,
392 706 86 26 jemlikt
494 707 24 20 21
536 707 14 25 &
567 708 25 19 10
608 706 49 27 kap.
677 707 25 21 R.
714 706 25 21 B.
756 706 67 21 sädan
840 706 39 21 den
896 706 60 26 lyder

192 740 5 20 i
214 740 121 27 Kejserliga
343 740 152 27 förordningen
512 740 40 22 den
568 743 12 18 4
598 741 57 21 Mars
673 742 62 24 1873,
753 740 32 22 för
801 740 42 21 alla
858 740 46 21 sina
914 740 41 21 för-

193 774 106 26 brytelser
314 774 28 27 pä
359 781 25 15 en
401 775 56 27 gäng
478 775 73 21 dömas
568 774 22 22 af
604 776 41 20 den
661 776 60 26 Rätt,
742 774 43 22 der
796 775 41 21 hon
855 774 39 21 sist
909 774 45 27 lag-

192 808 78 24 fördes,
286 809 81 27 yrkade
383 810 103 20 Notarien
508 810 26 20 H.
551 809 32 21 för
599 810 114 20 anmärkta
729 809 103 27 felaktiga
847 809 107 27 ätgärder,

193 842 72 22 hvilka
287 843 104 27 vidtagits
412 843 21 22 af
452 844 221 21 Justitierädämannen
689 844 26 21 K.
733 844 73 20 såsom
827 843 127 22 ordförande

193 879 56 19 samt
271 878 212 22 Politierädmännen
504 879 22 21 C.
544 879 39 21 och
599 879 28 21 M.
644 880 7 20 i
667 879 111 26 egenskap
799 878 21 21 af
837 878 118 21 ledamöter

192 913 6 19 i
215 912 207 23 Rädstufvurättens
439 914 66 21 andra
522 914 114 26 aidelning,
653 920 80 15 ansvar
745 913 67 27 enligt
826 912 43 28 12
860 908 10 37 $
883 915 9 18 1
905 913 49 26 kap.

195 947 22 20 R.
232 946 24 22 B.
275 947 12 21 &
303 948 99 21 bemälde
421 948 230 22 domstolsledamöter.

261 981 149 22 Omförmälda
425 982 42 21 mål
488 982 108 27 afgjordes
612 982 22 22 af
648 982 123 27 Kejserlige
787 980 114 23 Hofrätten
918 988 36 20 ge-

192 1021 49 15 nom
251 1016 84 27 utslag,
358 1022 46 15 som
420 1017 41 21 den
478 1019 12 18 4
505 1017 60 27 April
583 1019 53 19 1887
654 1017 55 20 efter
726 1016 75 26 anslag
817 1015 80 27 utgafs;
915 1016 40 21 och

191 1049 50 21 fann
257 1049 116 22 Hofrätten
390 1051 57 21 hvad
462 1051 103 21 Notarien
580 1051 26 21 H.
623 1051 7 21 i
646 1051 157 21 ofvanstäende
818 1051 67 20 mätto
897 1053 58 18 emot

194 1084 138 22 Rädmännen
348 1085 33 26 K.,
400 1085 22 21 C.
439 1085 39 22 och
494 1086 28 21 M.
540 1086 98 21 anmärkt
654 1088 81 19 stanna
754 1086 48 21 dem
819 1085 30 20 till
865 1085 43 21 last
922 1085 33 21 sä-

192 1125 45 14 som
260 1119 28 21 fel
311 1119 34 21 vid
369 1120 195 21 domareembetets
587 1120 98 27 utöfning
706 1121 59 20 samt
781 1119 102 27 pröfvade
898 1119 56 27 förty

192 1154 93 26 rättvist,
302 1154 6 21 i
325 1154 51 21 stöd
392 1153 22 22 af
429 1156 25 19 12
471 1154 11 27 $
499 1157 9 19 1
525 1155 49 26 kap.
586 1155 24 20 R.
627 1155 31 25 B.,
675 1154 66 21 döma
760 1153 141 22 Rädmännen
921 1153 33 26 K.,

193 1187 22 21 C.
233 1188 39 21 och
290 1188 28 21 M.
335 1190 34 19 att
383 1189 58 25 böta,
458 1189 41 21 den
514 1189 148 21 förstnämnde
678 1191 28 19 20
723 1189 62 20 daler
800 1188 48 21 med
859 1189 27 20 38
895 1188 60 21 mark

192 1224 26 19 40
237 1223 66 26 penni
327 1225 57 19 samt
400 1223 22 21 C.
440 1224 40 21 och
496 1224 27 21 M.
540 1223 106 22 hvardera
663 1225 26 19 10
707 1223 61 21 daler
788 1223 48 21 med
854 1225 24 18 19
894 1222 60 21 mark

192 1259 26 18 20
233 1258 72 26 penni,
323 1257 32 21 till
373 1259 70 20 utsatt
458 1258 126 26 fördelning.

260 1360 37 21 Uti
314 1367 26 15 en
356 1361 32 21 till
409 1361 242 22 Prokuratorsembetet
665 1360 95 27 ingifven
778 1359 63 22 skrift
856 1358 98 22 förmälte

192 1394 211 22 Politierädmannen
406 1390 11 37 i
432 1396 25 21 N.
469 1396 49 21 stad
534 1396 30 26 B.,
582 1398 32 18 att
630 1396 68 21 ehuru
715 1395 36 21 vid
768 1395 40 21 den
824 1396 27 18 20
863 1394 91 20 Novem-

191 1428 38 20 ber
247 1430 54 20 1882
318 1430 98 21 anstäldt
431 1430 34 21 val
480 1430 33 21 för
529 1430 178 21 äterbesättande
724 1429 23 21 af
761 1435 26 15 en
799 1428 58 27 ledig
867 1428 87 21 Politie-
