1031 1678
819 126 27 21 29

117 189 66 28 Hjelt,
200 197 47 14 som
265 189 47 22 icke
330 189 85 21 kunnat
430 189 84 21 infinna
530 189 32 27 sig
578 189 36 21 vid
630 189 61 21 detta
707 188 168 25 sammanträde,

118 224 67 27 enligt
201 224 81 21 anländ
297 223 158 22 underrättelse
471 230 50 14 vore
537 225 33 19 att
585 223 34 21 till
635 225 61 20 orten
712 224 72 20 vänta.
814 222 63 22 Efter

118 259 36 21 det
169 259 68 27 några
253 258 138 21 medlemmar
406 257 63 28 yrkat
485 258 29 27 på
529 257 140 28 ajournering
685 257 63 22 äfven
759 257 24 21 af
793 257 83 22 diskus-

118 294 75 21 sionen
209 293 40 21 och
265 292 107 21 framstält
388 292 85 21 önskan
488 299 35 14 om
539 292 116 27 tryckning
671 292 24 21 af
709 291 59 22 såväl
783 291 94 22 berörda

118 328 113 20 utlåtande
247 333 45 14 som
307 327 41 21 ock
363 326 24 22 af
401 327 37 20 det
453 326 35 21 till
502 327 72 26 grund
584 327 34 20 för
629 326 136 27 ritningarna
775 325 101 27 liggande

118 363 152 26 programmet,
293 360 80 22 beslöts
396 362 33 20 att
451 360 125 28 uppskjuta
597 360 51 22 hela
671 360 160 27 behandlingen
854 359 25 21 af

118 396 89 27 ifrågav.
224 396 79 20 ärende
322 395 33 20 till
370 394 181 21 nästkommande
566 396 91 25 torsdag
673 396 41 19 den
730 396 27 19 21
773 395 32 20 d:s
821 395 56 20 samt

119 432 32 19 att
175 429 149 22 dessförinnan
347 430 24 20 så
394 432 61 18 snart
478 436 47 14 som
544 429 85 27 möjligt
648 429 45 22 låta
714 428 77 29 trycka
808 434 69 15 mera-

119 465 97 21 nämnda
239 464 112 21 utlåtande
374 463 40 22 och
438 470 110 21 program,
571 463 75 22 hvilka
669 463 116 22 imellertid
807 462 70 22 skulle

117 500 68 27 jämte
197 499 136 26 ritningarna
343 498 115 27 bordligga
470 498 40 21 och
522 497 93 22 sålunda
625 498 70 21 vara
685 493 13 38 i
706 499 41 20 den
759 498 22 21 åt
793 497 85 28 deleg:n

120 533 107 28 upplåtna
241 533 86 21 lokalen
342 533 137 27 tillgängliga
495 532 33 21 för
544 533 96 27 deleg:ns
655 533 146 20 medlemmar.

672 579 21 16 In
705 579 70 17 fidem:

620 613 21 22 C.
657 614 14 21 J.
688 613 121 27 Lindeqvist.

328 790 49 22 Den
400 792 25 20 21
452 790 91 22 oktober
567 791 54 21 1886
641 790 175 22 sammanträdde
836 789 43 22 för-

258 825 83 21 stärkta
364 824 291 28 Ständerhusdelegationen
675 825 13 21 ä
706 824 83 27 vanligt
809 824 70 26 ställe,

259 860 40 20 och
319 861 91 20 närvoro
430 860 88 21 därvid:
534 860 54 21 ordf.
604 860 26 20 hr
646 859 106 27 Tallgvist
768 861 56 19 samt
840 858 39 22 föl-

256 894 67 27 jande
347 894 149 27 medlemmar,
520 894 109 27 nämligen
649 894 36 20 hrr
706 893 132 26 Schauman,
859 900 19 14 v.

259 928 95 25 Alfthan,
371 928 183 28 Standertskjöld,
570 928 92 27 Decker,
678 928 131 27 Furuhjelm,
821 928 59 20 Don-

261 970 44 18 ner,
321 963 110 25 Kihlman,
443 963 68 27 Hjelt,
523 963 113 25 Forsman,
647 963 134 27 Lindegvist,
792 962 87 22 Estlan-

260 998 43 23 der,
319 993 91 30 Öhman,
424 993 94 32 Öhberg,
529 998 83 27 Elving,
626 998 120 26 Wasenius,
758 997 121 26 Meurman,

258 1031 111 28 Almberg,
385 1032 97 28 Löfgren
500 1032 40 21 och
556 1032 85 21 Melart.

476 1103 11 25 $
497 1103 25 25 1.

191 1147 132 21 Protokollet
338 1147 33 21 för
388 1148 41 20 den
448 1148 26 21 18
490 1147 74 21 innev.
580 1147 43 22 okt.
638 1147 129 28 justerades.

474 1219 11 23 $
501 1217 20 21 2.

191 1261 58 21 Ordf.
269 1261 160 22 öfverlemnade
450 1262 33 21 till
504 1262 163 27 delegationens
686 1260 137 29 ompröfning
839 1259 40 22 och

121 1295 163 28 öfverläggning
299 1296 267 27 granskningsutskottets
576 1296 7 21 i
594 1298 57 25 prot.
662 1296 33 21 för
706 1297 41 20 den
760 1296 26 21 18
798 1295 81 20 dennes

121 1329 142 22 omförmälda
279 1331 40 20 och
335 1338 91 14 numera
440 1331 8 20 i
464 1331 62 27 tryck
542 1331 147 26 föreliggande
699 1329 138 21 betänkande
849 1327 31 21 öf-

120 1370 37 15 ver
176 1364 26 20 de
222 1364 33 21 till
276 1364 100 22 bemälda
391 1365 97 21 utskotts
504 1365 134 27 granskning
654 1364 134 28 hänskjutna
804 1362 75 22 eskiss-

120 1397 137 27 ritningarna
273 1398 32 21 till
320 1401 31 19 ett
367 1399 131 22 ständerhus
509 1400 13 21 å
532 1399 217 27 riddarhussgvären;
761 1398 40 21 och
813 1398 66 20 sedan

121 1432 55 21 ordf.
192 1432 55 22 härä
261 1433 34 21 till
306 1433 134 22 besvarande
451 1434 53 21 stält
514 1434 83 27 frägan,
610 1433 107 21 huruvida
729 1432 150 27 delegationen
