1031 1678
224 129 28 22 14

195 191 38 22 det
251 191 87 28 belopp,
357 192 102 21 hvarmed
477 195 99 25 myntens
596 193 65 21 värde
676 199 78 21 genom
769 194 121 26 förslitning
904 193 52 22 ned-

195 225 54 27 gått,
265 226 21 21 d.
302 232 20 15 v.
342 232 16 15 s.
378 227 76 21 värdet
476 227 33 20 för
531 227 119 26 skilnaden,
673 227 80 26 65,155
775 233 68 21 gram,
865 228 90 21 emellan

196 261 100 26 myntens
318 260 107 27 lagenliga
446 261 139 26 finhaltsvigt,
608 261 117 26 8,998,060
747 267 66 21 gram,
833 262 39 21 och
895 262 61 21 deras

197 294 100 21 effektiva
312 293 138 28 finhaltsvigt,
466 295 114 25 8,932,905
595 301 66 20 gram,
674 296 122 26 utgörande
807 296 60 21 detta
878 296 79 27 belopp

199 328 78 25 10,424
295 329 60 20 mark
375 328 28 22 80
422 329 70 26 penni.
526 329 109 27 Derjemte
650 329 41 21 bör
706 330 132 21 statsverket
853 330 105 26 godtgöra

198 361 90 21 Banken
310 362 33 20 för
366 362 82 22 hälften
467 362 23 22 af
508 362 36 22 det
559 362 137 22 återstående
711 363 180 27 förlustbeloppet
906 364 52 20 eller

199 395 84 21 säledes
298 396 92 26 280,155
406 397 61 20 mark
482 398 28 20 20
525 397 70 26 penni.
626 397 33 20 Dä
675 398 131 20 statsverket
821 397 62 21 alltsä
898 398 60 20 kom-

198 436 46 14 mer
266 431 33 20 att
321 430 48 21 med
387 431 140 21 tilisammans
546 431 94 26 290,580
654 431 61 21 mark
731 431 86 27 deltaga
832 432 7 21 i
853 432 105 21 förlusten

199 463 34 22 för
255 463 336 29 silfvermyntsnedsmältningen,
614 465 85 27 uppgär
713 465 101 22 Bankens
832 465 62 22 andel
914 465 45 21 deri

199 498 34 21 till
249 498 93 26 280,155
357 499 60 20 mark
433 499 28 21 20
476 499 70 26 penni.

556 585 9 28 8
583 586 21 21 5.

56 628 89 27 Åtgärder
167 635 26 14 rö-
272 631 23 26 a)
309 631 70 21 Sedan
391 631 195 27 Bankfullmäktige
593 632 40 21 hos
642 633 72 20 senast
722 631 128 22 församlade
859 632 101 21 Ständers

61 656 56 17 rande
141 656 47 16 Ban-

70 679 40 17 kens
128 678 51 17 sedel-
201 665 147 21 Pankutskott
363 665 101 21 hemstält
480 672 34 14 om
529 666 133 20 inrättandet
677 666 24 20 af
715 668 32 18 ett
761 667 152 25 sedeltryckeri
927 666 33 21 för

80 701 95 22 tryckning.
202 699 102 21 Finlands
319 699 73 21 Banks
407 700 97 26 räkning,
520 700 63 20 hafva
598 700 128 26 Ständerna,
742 700 27 26 pä
785 700 22 21 af
816 700 144 21 Bankutskot-

57 724 90 40 TT
202 734 32 20 tet
249 733 72 27 gjordt
335 733 86 27 förslag,
437 734 138 26 bemyndigat
589 734 208 26 Bankfullmäktige:

58 762 137 38 sedeltryckeri
272 769 33 19 att
323 767 44 21 låta
385 768 49 20 med
452 774 26 14 en
494 768 66 20 andra
575 768 78 26 våning
668 768 79 26 pähöja
763 768 132 21 bankhusets
910 768 51 21 eko-

75 791 105 18 härstädes.
203 802 171 26 nomiebyggnad
390 802 7 21 i
412 802 40 21 och
467 802 33 21 för
513 802 123 21 inrättande
652 802 111 21 derstädes
779 802 23 22 af
815 803 57 21 lokal
886 803 33 21 för
930 804 32 20 ett

203 836 162 27 sedeltryckeri;

273 873 32 19 att
320 871 27 26 pä
362 871 74 25 vilkor,
453 870 87 22 hvarom
555 870 196 27 Bankfullmäktige
767 871 53 26 egde
831 871 61 21 träffa
902 871 59 26 aftal,

204 905 129 21 Ofverlemna
348 905 124 21 utförandet
487 905 23 21 af
523 905 99 21 Bankens
638 905 173 26 sedeltryckning
823 905 108 31 derstädes
940 905 22 21 ät

204 940 7 20 i
229 940 64 26 yrket
310 939 96 21 förfaren
424 946 84 20 person,
527 939 93 25 hvilken,
640 945 34 15 om
694 939 24 21 sä
736 939 76 21 funnes
830 940 79 26 nödigt,
926 946 36 20 ge-

204 980 50 15 nom
273 974 119 20 understöd
410 980 25 14 ur
452 974 100 20 Bankens
567 973 68 21 medel
651 973 74 21 kunde
740 973 102 21 försättas
857 974 7 20 i
879 974 83 20 tillfälle

204 1009 33 19 att
251 1009 7 19 i
273 1007 99 21 utlandet
389 1009 50 24 taga
454 1009 96 19 närmare
566 1007 121 20 kännedom
704 1013 34 14 om
754 1007 208 27 sedeltryckningens

204 1041 124 21 nuvarande
344 1041 140 26 ständpunkt;

274 1078 33 19 att
321 1076 88 26 vidtaga
421 1076 79 27 jemväl
516 1075 68 27 öfriga
599 1076 33 20 för
647 1076 192 21 ästadkommande
855 1075 22 21 af
886 1076 77 26 ifräga-

205 1110 93 21 varande
313 1110 94 27 tryckeri
422 1110 139 26 erforderliga
577 1110 104 26 ätgärder,
698 1111 56 20 samt

274 1146 33 19 att
329 1144 32 21 för
385 1145 59 20 detta
466 1145 98 20 ändamäl
584 1144 23 21 af
623 1145 102 20 Bankens
741 1145 68 20 medel
825 1144 97 21 använda
937 1149 26 15 en

205 1185 83 15 summa
303 1179 23 20 af
339 1179 63 26 högst
419 1179 91 26 100,000
524 1179 69 20 mark.

273 1213 74 26 Enligt
363 1213 132 21 Ständernas
510 1213 32 21 till
557 1213 197 26 Bankfullmäktige
765 1213 79 20 aflätna
854 1212 110 21 skrifvelse

205 1248 7 20 i
231 1249 72 19 ämnet
322 1247 63 21 hafva
404 1247 126 26 Ständerna,
547 1253 45 15 som
607 1247 71 20 funnit
694 1247 37 20 det
747 1247 22 20 af
783 1253 88 14 numera
887 1246 77 21 aflidne

205 1282 129 21 Arkitekten
350 1281 76 21 Albert
441 1281 74 21 Mellin
530 1281 28 27 pä
572 1281 106 20 aumodan
695 1281 23 20 af
732 1280 169 21 Bankutskottet
912 1286 52 20 upp-

205 1317 76 26 gjorda
296 1316 79 26 förslag
391 1316 34 21 till
440 1316 147 26 ifrägakomna
602 1316 117 26 pähöjning
735 1315 22 21 af
772 1315 98 20 Bankens
886 1315 78 20 ekono-

205 1350 130 26 mibyggnad
351 1350 7 20 i
374 1350 43 20 alla
432 1350 113 21 afseenden
563 1352 108 18 motsvara
687 1349 102 21 behofvet
805 1348 40 21 och
860 1348 61 20 äfven
940 1354 25 14 ur

205 1384 158 22 arkitektonisk
382 1384 108 27 synpunkt
504 1384 207 23 tillfredsställande,
727 1383 105 21 beräknat
847 1382 119 21 kostnaden

205 1419 34 21 för
262 1420 70 20 denna
354 1418 127 27 päbyggnad
504 1419 32 21 till
554 1419 63 25 högst
631 1418 80 26 45,000
727 1417 67 21 mark.
825 1417 42 21 För
882 1416 84 26 trycke-

206 1454 51 20 riets
275 1453 121 26 inredning,
415 1453 86 21 hvartill
519 1452 123 27 Litografen
662 1452 23 21 F.
702 1452 114 26 Tilgmann
835 1450 82 27 afgifvit
935 1451 33 19 ett
