1031 1678
197 131 29 21 84

237 194 35 21 3:0
295 195 33 20 att
350 193 139 21 riddarhuset
512 193 102 26 utvidgas
633 192 79 21 baktill
733 192 58 22 öfver
806 194 68 25 gatan
889 191 41 22 och

165 229 45 20 den
233 227 131 22 statsverket
386 227 110 26 tillhöriga
516 228 84 19 tomten
618 227 59 20 ända
694 226 34 21 till
747 227 36 20 det
805 226 24 21 af
849 233 82 14 murar-

168 263 113 20 mästaren
297 257 40 26 Ärt
351 261 110 28 uppförda
476 261 144 21 stenhuset
609 253 13 40 å
635 263 110 25 qvarteret
761 261 109 21 Servalen.

237 297 76 21 Under
332 296 158 26 förutsättning
508 295 25 22 af
549 297 32 19 ett
597 295 127 27 tillräckligt
739 295 191 28 byggnadsanslag

166 338 53 14 vore
243 330 138 27 naturligtvis
405 331 41 20 den
466 331 70 19 under
551 329 73 27 punkt
639 331 34 20 1:0
688 332 115 24 upptagna
817 329 113 27 lösningen

168 366 33 20 att
217 364 91 22 framför
323 365 26 21 de
365 364 71 27 öfriga
450 364 122 27 föredraga,
590 365 92 20 emedan
695 365 73 20 denna
779 363 70 21 skulle
859 363 72 21 lemna

166 400 45 20 den
228 398 160 28 jämförelsevis
409 399 80 20 största
507 398 144 27 möjligheten
667 398 34 21 för
716 404 27 15 en
759 397 171 27 ändamålsenlig

169 433 124 27 anordning
308 433 25 21 af
346 434 37 20 det
400 440 42 20 nya
457 433 71 25 huset,
544 433 83 21 hvilket
643 433 28 20 då
681 432 72 21 tillika
763 431 72 22 kunde
846 431 85 22 erhålla

169 469 32 20 ett
217 467 8 21 i
241 468 73 27 någon
330 468 50 21 mån
397 467 123 28 prydligare
536 467 170 21 arkitektoniskt
721 469 56 25 yttre
793 468 28 19 än
837 467 36 20 det
885 473 45 14 som

168 501 143 22 riddarhuset
331 509 30 14 nu
381 509 58 20 eger,
454 502 7 21 i
477 501 118 28 synnerhet
614 509 35 14 om
665 508 50 14 man
731 502 137 26 undantager
883 500 47 21 huf-

168 536 136 22 vudfasaden
321 538 45 19 mot
382 537 72 25 söder;
471 543 49 14 men
536 536 36 21 vid
588 535 159 28 öfvervägande
762 535 25 22 af
800 536 36 21 det
848 535 82 22 sakför-

168 570 114 26 hållande,
308 573 33 18 att
365 570 80 21 aflidne
468 570 125 21 arkitekten
615 570 124 28 Sjöströms,
755 577 35 14 om
809 569 40 22 ock
865 570 65 27 något

169 607 56 19 stort
243 605 103 27 tilltagna
365 605 81 26 förslag
464 605 34 20 till
518 607 31 18 ett
565 605 166 27 fyraståndshus
747 605 12 20 å
775 604 155 21 Observatorii-

169 639 89 27 bergen,
275 640 38 20 der
335 639 57 21 dock
412 639 133 21 kostnadsfri
564 639 115 27 tomtplats
695 639 25 21 af
732 638 135 28 Helsingfors
882 639 49 20 stad

169 673 71 21 skulle
264 673 101 26 erhållas,
385 674 29 26 på
436 674 70 26 grund
526 673 24 21 af
564 673 234 27 fackmannapröfning
813 673 118 21 beräknats

170 708 99 21 erfordra
292 714 27 14 en
337 708 94 20 kostnad
452 708 25 21 af
495 709 54 19 nära
564 708 50 27 2'/,
630 708 99 26 miljoner
744 708 43 24 mk,
803 708 63 20 torde
882 708 50 20 med

170 748 27 15 en
221 742 123 27 disponibel
365 749 83 14 summa
469 742 24 21 af
507 743 78 20 endast
601 742 66 26 något
683 741 60 21 öfver
760 743 10 19 1
787 741 81 27 miljon,
885 748 46 14 som

169 776 36 21 för
219 776 126 21 ändamålet
365 777 99 25 återstår,
481 776 67 21 sedan
568 776 68 28 priset
657 776 32 21 för
705 776 140 27 tomtplatsen
862 775 69 22 afdra-

167 810 52 28 gits,
235 810 76 28 hvarje
327 811 67 21 tanke
410 811 28 27 på
454 818 26 14 en
491 810 59 28 dylik
562 811 85 27 lösning
658 811 25 21 af
690 811 84 27 frågan,
785 810 66 21 också
861 811 69 20 under

169 844 158 28 förutsättning
344 847 33 19 att
393 848 146 24 programmet
550 845 33 21 för
594 845 64 21 huset
669 845 105 27 betydligt
785 844 144 26 inskränktes,

169 880 69 20 redan
254 879 25 21 af
293 880 60 21 detta
369 879 47 21 skäl
431 880 70 21 måsta
517 880 138 27 öfvergifvas.

239 913 42 22 Det
296 914 69 21 under
381 921 34 14 n:o
431 914 13 21 2
459 917 114 24 upptagna
589 914 104 27 förslaget
712 927 27 3 —
757 914 64 22 hvars
833 914 94 21 förverk-

168 948 91 27 ligande
276 948 55 21 dock
347 949 62 20 torde
420 948 65 22 hafva
495 948 45 22 lika
551 949 53 21 liten
615 949 67 27 utsigt
694 956 46 14 som
751 948 180 28 nästföregäende

167 984 36 20 att
219 982 24 21 af
256 982 262 22 Riddarhusdirektionen
534 983 120 26 medgifvas
670 996 27 2 —
713 982 72 22 kunde
801 983 7 21 i
823 983 24 21 sä
863 983 67 21 mätto

169 1016 108 25 förordas,
293 1019 32 18 att
349 1017 67 26 enligt
439 1017 121 21 detsamma
580 1019 37 23 ett,
638 1024 34 14 om
691 1017 42 21 ock
747 1017 90 26 mindre,
854 1017 78 21 dock
918 1012 18 36 i

169 1051 46 21 alla
230 1050 39 21 fall
280 1051 120 21 fristående
410 1051 40 21 hus
461 1052 50 20 med
522 1051 41 22 luft
574 1052 41 21 och
625 1051 43 28 ljus
679 1051 48 22 från
739 1051 43 22 alla
793 1051 58 21 sidor
861 1051 71 21 skulle

169 1086 14 21 å
199 1086 43 20 den
258 1085 89 28 angifna
359 1085 85 28 platsen
456 1086 92 21 framför
559 1087 138 20 riddarhuset
708 1086 75 21 kunna
793 1086 22 21 få
826 1088 106 25 utrymme

169 1119 114 22 äfvensom
307 1120 114 27 samteliga
443 1128 46 13 rum
511 1121 7 20 i
538 1121 48 21 dess
607 1121 66 21 nedre
689 1121 86 26 våning,
793 1120 139 21 alldenstund

169 1154 94 21 skvären
280 1154 90 21 framför
380 1155 138 21 riddarhuset
529 1155 105 27 betydligt
646 1155 79 21 sluttar
735 1157 44 19 mot
789 1155 142 21 Alexanders-

169 1190 77 25 gatan,
263 1189 82 21 erhålla
368 1195 26 15 en
418 1189 116 27 tillräcklig
557 1189 59 28 höjd,
633 1192 53 19 utan
703 1191 32 19 att
751 1189 91 21 takåsen
858 1189 25 21 af
896 1189 36 21 det

169 1230 44 20 nya
235 1223 65 20 huset
323 1223 93 21 behöfde
439 1223 52 27 höja
514 1224 32 27 sig
569 1223 59 22 öfver
647 1224 92 21 takåsen
759 1224 13 20 &
787 1223 145 26 riddarhuset,

170 1259 54 20 utan
248 1257 68 21 husen
339 1257 88 22 behålla
450 1265 82 14 samma
555 1258 59 27 höjd,
631 1259 71 20 såsom
726 1259 48 20 med
797 1257 102 22 afseende
920 1258 13 21 å

169 1293 66 20 deras
251 1293 54 20 nära
321 1291 109 28 granskap
446 1293 138 26 synnerligen
600 1292 96 27 önskligt
712 1299 57 14 vore.

241 1326 41 20 Om
299 1327 60 19 detta
375 1325 81 28 förslag
472 1326 86 22 komme
568 1327 34 20 till
612 1327 124 25 utförande,
749 1327 39 20 har
799 1326 135 21 kommissio-

171 1366 42 14 nen
229 1359 66 22 tänkt
310 1360 32 27 sig
357 1366 27 14 en
400 1361 68 20 sådan
484 1361 124 27 anordning
619 1368 52 14 vara
682 1360 131 27 nödvändig,
824 1362 33 19 att
868 1361 65 21 nedre

169 1394 111 27 våningen
305 1394 32 21 uti
359 1394 139 22 riddarhuset
520 1395 70 21 skulle
610 1396 117 20 omändras
748 1395 40 21 och
807 1394 87 22 inredas
910 1396 24 20 så

169 1430 35 19 att
220 1429 128 21 densamma
364 1430 50 20 med
429 1429 92 27 tillbjelp
538 1429 24 21 af
576 1430 26 20 de
613 1429 91 27 lokaler,
715 1436 45 14 som
771 1429 73 21 kunde
854 1429 80 28 inrym-
