1031 1678
185 125 27 22 88

225 189 20 26 c)
261 187 114 22 Tomterna
385 187 54 22 n:ris
451 186 13 22 2
476 187 40 22 och
528 185 14 23 4
554 186 38 23 vid
604 186 125 27 Skilnaden,
741 186 114 29 tillhörige
863 186 53 29 Apo-

154 223 100 28 tekaren,
263 221 78 23 Girsön
355 221 40 22 och
409 221 219 22 skräddarmästaren
642 220 141 23 Bilkenroths
796 220 120 29 arfvingar.

225 257 76 21 Säsom
316 256 76 26 kändt,
408 257 24 20 är
447 256 42 21 den
504 255 60 22 förra
578 257 90 24 tomten,
685 255 136 21 oberäknadt
831 256 39 20 der
879 255 37 21 be-

155 291 86 27 fintliga
255 291 73 25 uthus,
345 292 45 20 mot
404 292 67 26 gatan
487 289 85 28 bebygd
588 290 50 21 med
653 291 32 20 ett
700 289 129 27 tvävänings
839 289 77 22 trähus

155 325 42 22 och
211 325 52 21 inne
279 325 29 27 pä
322 325 83 27 gärden
420 325 50 20 med
486 326 30 19 ett
532 324 149 27 obetydligare
692 323 89 21 stenhus
792 323 125 22 äfvenledes

154 360 8 22 i
184 360 37 22 tvä
241 359 112 27 väningar,
376 358 42 22 och
436 359 41 21 den
492 365 77 15 senare
584 359 50 21 med
649 359 32 20 ett
695 358 131 27 tvävänings
840 358 77 21 trähus

155 394 41 21 och
212 396 32 19 ett
260 393 65 22 smalt
340 393 90 21 stenhus
444 395 46 19 mot
504 394 67 25 gatan
587 394 63 24 samt,
666 394 60 19 utom
741 392 67 21 uthus
823 393 29 26 pä
867 393 49 26 gär-

155 430 49 24 den,
220 429 51 20 med
286 429 31 20 ett
332 427 61 27 längt
408 427 40 21 och
464 427 70 30 smalt,
556 427 50 21 med
621 427 37 21 det
673 428 44 19 mot
733 429 67 24 gatan
815 426 101 27 liggande

155 463 91 22 stenhus
270 461 166 28 sammanbygdt
454 461 89 22 stenhus
558 462 75 20 utmed
649 463 94 19 tomtens
759 462 58 20 östra
832 461 84 25 rälinie,

155 498 70 27 bägge
241 496 118 22 stenhusen
374 496 7 21 i
397 497 36 20 tvä
448 496 110 27 väningar.
588 495 92 22 Arealen
696 495 25 22 af
733 495 59 22 bäda
807 498 110 19 tomterna

154 532 201 25 tillsammantagne
371 531 64 26 utgör
450 530 99 27 omkring
564 531 80 26 49,000
655 530 130 27 gvadratfot.
815 530 41 21 Om
866 530 50 21 här-

153 566 58 21 ifrän
227 566 67 21 ocksä
308 565 101 27 afdrages
424 565 18 27 ej
459 565 84 21 mindre
559 565 41 21 den
617 564 66 27 areal,
699 571 46 14 som
757 565 12 20 ä
781 567 84 18 tomten
876 564 40 21 N:o

153 603 16 20 4
191 603 109 25 upptages
320 599 24 22 af
362 601 26 20 de
409 601 37 20 der
461 599 113 28 befintliga
590 599 118 21 stenhusen
725 611 26 4 —
767 599 75 22 hvilka
857 599 58 21 kom-

153 635 119 22 missionen
288 641 64 14 anser
367 634 75 21 kunna
458 635 94 27 gvartsä,
569 633 46 22 dels
631 634 92 21 emedan
735 634 26 21 de
772 634 68 21 mäste
852 640 64 15 anses

154 671 152 26 representera
321 671 32 19 ett
368 669 65 21 värde
449 669 24 21 af
486 669 66 21 minst
568 669 93 25 150,000
676 668 70 25 mark,
762 668 46 21 dels
824 669 90 20 emedan

154 706 27 20 de
202 703 71 22 skulle
288 703 97 27 skymma
400 704 164 26 granngärdens
580 702 72 26 uthus,
678 715 23 3 —
727 704 28 20 än
771 702 40 22 ock
827 702 88 22 arealen

154 738 25 22 af
197 739 42 21 den
257 739 58 26 gäng
335 737 52 22 eller
407 737 124 28 gärdsplan,
554 744 46 14 som
620 737 91 21 framför
727 744 82 14 samma
825 737 90 21 stenhus

153 774 72 21 blefve
241 772 130 27 nödvändig,
396 772 24 21 sä
436 772 93 22 äterstär
544 773 60 20 ännu
620 772 34 21 för
669 772 78 27 själfva
761 772 153 21 ständerhuset

154 814 27 15 en
192 807 123 27 disponibel
325 807 60 21 areal
395 806 25 22 af
432 806 79 26 34,000
522 806 132 28 gvadratfot.
685 806 78 21 Denna
773 807 60 20 areal
843 806 71 22 blefve

153 842 68 27 enligt
245 841 179 21 kommissionens
444 841 87 27 mening
551 840 49 22 fullt
619 840 117 28 tillräcklig
754 840 33 22 för
806 847 27 15 en
848 840 7 21 i
871 840 43 22 allo

153 876 93 28 begväm
262 875 41 22 och
319 876 76 27 rymlig
410 875 114 27 inredning
540 875 24 21 af
578 877 31 19 ett
624 874 159 27 treständshus,
795 876 25 20 sä
829 874 86 29 mycket

152 918 61 14 mera
235 917 48 14 som
304 910 63 21 huset
390 910 39 21 här
451 910 85 21 komme
559 912 33 18 att
612 910 66 21 blifva
697 912 32 18 ett
749 909 96 22 hörnhus
866 910 50 21 med

153 946 81 21 tvänne
249 944 179 27 hufvudfasader,
439 944 73 22 hvilka
522 944 107 22 hvardera
639 944 74 21 kunde
723 944 123 21 utsträckas
857 945 58 20 ända

153 979 34 22 till
208 986 27 14 en
250 979 67 27 längd
333 978 24 22 af
375 979 41 21 170
432 978 31 22 fot
479 978 40 22 och
534 978 74 22 hvilka
624 978 85 22 säledes
725 978 69 22 blefve
809 978 106 28 tillfylles-

153 1013 98 28 görande
267 1013 34 21 för
315 1013 141 27 upptagande
472 1012 24 21 af
509 1013 130 21 ständernas
654 1012 125 28 plenisalar.
817 1012 99 22 Platsens

152 1047 130 28 lämplighet
297 1047 8 21 i
321 1047 64 27 öfrigt
400 1047 33 21 för
449 1049 31 19 ett
496 1047 130 22 ständerhus
640 1048 63 20 torde
713 1047 25 21 af
747 1047 169 21 kommissionen

153 1083 112 27 knappast
281 1081 93 22 behöfva
389 1081 104 28 päpekas,
512 1082 28 21 dä
556 1083 41 20 den
613 1083 24 20 är
653 1082 24 21 sä
693 1081 93 22 centralt
802 1081 91 28 belägen
910 1082 6 20 i

152 1117 78 22 staden
247 1123 46 15 som
309 1115 84 28 möjligt
408 1118 56 19 samt
478 1116 68 27 ligger
556 1116 37 21 vid
604 1123 26 14 en
642 1116 25 21 af
675 1117 27 20 de
712 1116 120 21 förnämsta
843 1117 73 26 öppna

153 1151 88 28 platser,
262 1150 110 22 hvarifrän
389 1150 8 21 i
412 1149 58 22 olika
484 1149 125 28 riktningar
623 1151 53 26 utgä
687 1151 88 20 stadens
786 1150 131 27 esplanader

153 1185 42 22 och
214 1185 151 25 boulevarder,
388 1185 120 27 hvarjämte
529 1185 201 27 byggnadsgunden
746 1186 24 19 är
785 1185 25 21 af
822 1185 43 27 god
880 1185 37 21 be-

153 1219 130 22 skaffenhet.
309 1219 109 21 Afräknas
430 1219 56 22 ifrän
497 1220 42 20 den
551 1219 7 21 i
569 1219 55 21 Herr
634 1219 100 22 Laurells
745 1218 50 22 bref
803 1219 34 21 för
845 1219 72 21 denna

152 1253 117 28 tomtplats
285 1255 113 26 upptagna
413 1253 147 28 köpesumma,
572 1254 93 26 650,000
675 1253 70 25 mark,
756 1253 162 22 ofvannämnda

154 1289 93 25 150,000
263 1287 69 29 mark,
347 1287 88 22 hvartill
450 1289 76 21 värdet
540 1288 34 21 för
586 1288 165 27 gvarblifvande
762 1287 90 22 stenhus
862 1295 55 20 upp-

153 1323 101 25 skattats,
279 1322 41 22 och
343 1325 32 18 ett
395 1323 63 21 tiotal
476 1325 63 19 tusen
559 1323 62 21 mark
638 1323 8 21 i
661 1323 122 27 ersättning
798 1321 33 22 för
847 1323 71 27 öfriga

153 1357 14 21 ä
181 1358 68 26 sagde
265 1359 79 19 tomter
359 1356 113 28 befintliga
486 1356 48 27 hus,
557 1357 74 21 hvilka
647 1357 67 21 borde
729 1356 131 22 bortskaffas
876 1356 42 22 och

152 1390 110 28 försäljas,
278 1392 24 20 sä
317 1390 70 22 skulle
403 1392 29 26 pä
446 1391 79 28 själfva
540 1392 86 27 platsen
642 1391 80 27 belöpa
737 1391 32 27 sig
785 1398 27 14 en
823 1390 95 22 kostnad

153 1425 25 21 af
191 1425 71 27 knapt
279 1432 26 14 en
321 1425 47 21 half
381 1426 76 27 miljon
472 1428 56 20 samt
544 1426 82 22 äterstä
642 1426 33 21 för
691 1425 74 21 husets
781 1424 136 29 uppförande
