1031 1678
221 119 28 21 24

194 182 55 19 samt
265 180 36 21 det
316 180 153 21 värdefullaste
484 179 22 21 af
520 180 89 25 arkivet,
620 181 53 19 utan
685 181 32 19 att
727 179 96 22 bortföra
833 180 118 21 detsamma

192 214 48 21 från
263 214 82 25 staden,
369 214 63 21 hafva
454 213 202 26 Bankfullmäktige,
675 213 7 21 i
701 213 94 26 enlighet
817 214 48 21 med
880 213 70 22 Bank-

193 248 148 21 direktionens
357 248 73 21 derom
450 248 74 27 gjorda
539 247 164 26 framställning,
720 247 41 21 den
777 248 27 21 30
820 248 59 26 April
896 249 54 20 1885

192 282 138 26 bemyndigat
353 281 197 21 Bankdirektionen
573 283 33 19 att
628 281 45 21 låta
692 281 33 21 för
740 281 122 22 ändamålet
877 282 74 21 inreda

194 317 31 20 ett
240 316 7 20 i
262 315 136 22 bankhusets
412 315 147 26 källarvåning
574 315 107 26 befintligt
697 321 54 15 rum.

550 405 10 28 $
577 406 20 21 8.

51 457 136 20 Bestämningar
265 451 24 26 a)
304 451 49 20 Med
369 451 155 26 godkännande
540 451 24 20 af
578 451 209 21 Bankdirektionens
797 451 32 21 uti
841 451 110 22 skrifvelse

57 480 125 39 pr
195 485 33 21 för
247 485 41 21 den
308 485 27 21 25
353 485 122 20 November
495 485 55 21 1884
569 485 125 21 framstälda
709 485 79 26 förslag
803 485 63 21 hafva
881 485 70 21 Bank-

53 525 34 18 zel-
100 527 29 15 och
143 525 45 17 läne-
199 515 129 35 fullmäktige
347 519 41 20 den
407 519 27 21 29
453 519 7 20 i
480 519 64 26 sagde
563 519 83 26 månad,
664 519 54 20 efter
733 519 36 21 det
784 525 120 20 gemensam
921 519 31 21 öf-

52 571 19 22 0
84 544 67 48 rarelse
168 561 21 27 4.
200 553 134 26 Verlägening
356 553 7 20 i
385 554 72 19 ämnet
479 553 48 20 med
549 553 140 20 Direktionen
713 554 34 25 egt
769 560 53 19 rum,
845 553 47 21 frän
911 553 40 21 den

93 598 60 13 serna.
179 583 9 33 =
197 588 10 20 1
223 587 90 21 Januari
331 587 56 21 1885
402 587 104 20 faststält:
526 587 166 21 diskonträntan
706 587 33 21 för
754 587 111 21 inhemska
880 588 72 21 vexlar

195 621 33 20 till
251 619 43 25 4'/>
317 623 89 24 procent
428 621 32 20 för
482 627 51 14 rena
553 621 138 20 affärsvexlar
710 621 12 20 &
738 622 32 20 tre
785 621 100 21 månader
901 622 51 20 eller

195 655 87 20 kortare
301 655 38 24 tid,
358 655 33 19 till
409 655 13 21 5
441 656 88 24 procent
548 655 34 20 för
601 655 42 21 alla
663 655 67 21 andra
749 656 71 20 vexlar
835 655 39 21 och
891 656 32 20 till
938 656 13 20 6

195 690 90 24 procent
307 688 33 21 för
363 688 43 20 alla
427 688 226 26 vexelomsättningar;
676 689 120 21 räntefoten
818 689 33 21 för
873 689 35 20 län
927 695 25 14 ur

196 722 95 25 Banken,
307 722 105 26 beviljade
428 723 44 20 mot
487 724 51 24 pant
554 722 22 21 af
590 722 51 26 guld
657 722 40 21 och
713 722 76 26 silfver,
801 723 100 21 arbetadt
912 723 40 21 och

197 756 119 25 oarbetadt,
340 756 148 26 obligationer,
506 756 113 21 utfärdade
638 756 23 21 af
679 758 67 19 stater
761 757 51 21 eller
827 757 125 21 kommuner

196 790 51 21 eller
266 790 33 20 för
318 790 73 21 hvilka
410 791 68 20 stater
495 790 69 26 ingätt
579 791 91 25 garanti,
686 790 108 21 äfvensom
809 790 143 27 bankdeposi-

196 824 117 21 tionsbevis
329 824 32 20 till
377 824 43 27 4'/2
436 826 93 24 procent,
548 824 33 20 för
596 824 35 21 län
648 827 45 18 mot
708 826 52 24 pant
775 824 22 21 af
811 824 141 27 obligationer

196 858 23 21 af
236 859 66 19 annat
321 858 51 26 slag,
393 858 68 20 aktier
480 858 38 20 och
534 858 128 21 intecknade
678 858 134 21 skuldsedlar
827 859 32 20 till
874 859 13 21 5
902 865 50 20 pro-

197 894 47 19 cent
260 892 40 20 och
316 892 33 20 för
365 892 34 20 län
415 893 44 19 mot
474 894 52 24 pant
541 892 23 21 af
578 892 26 20 de
619 892 6 21 i
641 892 12 27 8
671 893 25 20 19
712 898 63 15 mom.
784 888 12 36 e
817 892 22 21 af
852 892 99 26 gällande

196 926 129 26 reglemente
340 926 33 20 för
388 926 87 20 Banken
491 926 138 26 uppräknade
644 926 125 21 säkerheter
784 926 31 21 till
829 927 13 20 6
853 928 98 24 procent;

197 961 55 19 samt
267 961 78 19 räntan
360 959 34 21 för
409 960 162 25 kassakreditiv,
588 960 105 26 beviljade
709 961 44 19 mot
768 962 52 24 pant
835 960 23 21 af
871 960 81 26 obliga-

196 994 76 25 tioner,
295 994 115 19 utfärdade
428 994 22 20 af
467 995 65 19 stater
552 994 51 20 eller
622 994 125 20 kommuner
766 994 52 20 eller
832 994 33 20 för
880 994 72 21 hvilka

197 1029 67 19 stater
282 1027 69 26 ingått
370 1027 84 26 garanti
472 1027 107 21 äfvensom
594 1027 251 27 bankdepositionsbevis
861 1028 32 20 till
908 1028 44 25 4!/>

196 1063 95 24 procent,
307 1067 49 14 men
372 1062 45 19 mot
432 1063 52 24 pant
498 1061 22 20 af
534 1061 67 20 andra
616 1061 46 26 slag
677 1061 33 20 till
725 1062 13 21 5
753 1063 88 24 procent
851 1062 64 24 jemte
929 1062 23 21 !.»

195 1097 90 24 procent
303 1095 7 20 i
327 1095 96 20 inträdes
445 1095 67 26 afgift.
542 1095 70 20 Dessa
634 1096 130 19 räntesatser
786 1095 70 21 blefvo
875 1101 76 20 genom

195 1129 71 20 beslut
285 1129 24 20 af
326 1129 41 20 den
386 1129 29 20 24
434 1129 119 21 November
569 1129 55 21 1885
640 1129 111 20 bestämda
767 1130 32 19 att
811 1129 78 26 jemväl
904 1129 47 20 från

197 1163 40 20 den
262 1163 10 20 1
296 1163 91 20 Januari
411 1163 54 20 1886
488 1163 132 20 fortfarande
642 1163 63 26 gälla,
721 1163 44 20 tills
787 1163 73 29 derom
879 1163 73 20 kunde

195 1197 67 20 varda
285 1197 133 20 annorlunda
441 1197 131 25 förordnadt,
589 1197 55 20 dock
660 1197 49 20 med
729 1197 76 20 sådant
819 1197 79 26 tillägg,
914 1197 38 20 be-

195 1231 107 20 träffande
324 1231 171 25 diskonträntan,
519 1232 32 19 att
573 1231 196 20 Bankdirektionen
788 1231 164 26 bemyndigades

197 1265 123 20 diskontera
335 1265 32 20 tre
383 1264 113 21 månaders
509 1265 77 25 vexlar,
598 1265 140 26 accepterade
749 1265 50 20 eller
810 1265 142 20 endosserade

196 1299 23 20 af
232 1299 82 20 banker
329 1299 52 20 eller
397 1298 71 21 firmor
484 1298 39 21 och
538 1304 101 21 personer
654 1298 48 21 med
713 1299 40 20 den
765 1299 54 20 mest
829 1298 123 21 obestridda

196 1333 101 26 soliditet,
313 1333 32 21 till
360 1333 44 27 4'/>
418 1334 94 25 procent,
529 1333 61 20 äfven
606 1333 6 20 i
628 1333 102 21 händelse
741 1333 61 21 dessa
818 1333 71 21 vexlar
904 1333 48 20 icke

195 1367 73 21 kunde
287 1368 7 20 i
313 1369 74 24 sträng
409 1367 85 26 mening
516 1367 101 21 hänföras
636 1368 31 20 till
687 1368 106 26 egentliga
809 1368 142 20 affärsvexlar.

195 1402 77 20 Denna
287 1401 103 26 rättighet
406 1401 68 21 skulle
490 1401 63 21 likväl
568 1401 47 21 icke
626 1402 21 20 få
658 1401 23 22 af
690 1402 162 20 bankkontoren
863 1402 7 20 i
880 1401 72 21 lands-
