1031 1678
512 136 40 21 XX

235 226 213 27 Donationsfonden.

156 274 28 16 att
202 273 99 17 Utskottet
318 274 47 16 trott
383 273 28 22 sig
428 273 47 17 böra
487 273 60 17 uttala

133 313 22 12 en
175 308 77 21 önskan,
273 309 31 20 att,
323 307 29 18 till
365 307 93 18 vinnande
472 307 19 18 af
503 307 44 17 reda

133 342 35 17 och
187 342 92 22 öfversigt
296 342 6 16 i
321 342 157 22 räkenskaperna,
492 341 55 17 dona-

132 376 122 18 tionsfonden
267 376 61 18 blefve
341 376 90 22 indragen
444 378 48 15 samt
505 376 42 17 dess

133 409 53 19 såväl
197 409 102 24 tillgångar
308 415 38 13 som
356 410 77 17 skulder
442 403 116 25 öfverförda.

133 445 30 17 till
177 445 95 18 allmänna
285 445 125 22 siatsfonden;

158 620 29 16 att
196 619 97 17 Utskottet
303 619 85 16 anmärkt
398 623 28 12 om
436 617 31 18 det
476 618 72 21 oegent-

135 653 38 22 liga
193 653 40 18 deri
254 655 29 16 att
303 653 113 17 statsverket
434 652 116 18 fortfarande

134 686 49 19 läter
195 688 30 17 för
239 693 46 16 egen
296 688 79 21 räkning
384 687 84 17 bebruka
478 687 22 17 de
508 685 42 18 frän

136 722 22 18 de
171 722 70 18 inlösta
252 722 170 22 donationsgodsen
432 722 88 16 utbrutna
530 720 20 18 sä

135 756 76 18 kallade
230 756 101 22 hofiägren,
352 762 29 11 om
397 756 35 17 ock
445 756 27 17 ett
484 754 67 18 sådant

135 791 110 18 förfarande
265 791 29 17 till
308 796 21 12 en
342 791 67 22 början
422 790 48 18 varit
483 790 19 17 af
513 790 37 17 för-

136 824 115 19 hällandena
262 825 102 23 päkalladt,
375 826 35 17 och
418 825 48 17 hade
475 825 77 17 Utskot-

137 862 36 17 tet.
182 863 48 15 trott
245 861 29 22 sig
285 861 51 17 finna
347 860 109 23 ytterligare
468 860 42 17 stöd
522 859 30 17 för

138 896 61 17 denna
217 896 29 17 sin
266 895 49 23 äsigt
330 895 28 17 uti
371 895 23 17 de
406 895 58 23 dryga
477 895 75 17 kostna-

560 916 2 11 H

138 930 58 18 derna
205 931 29 17 för
244 930 179 22 donationsgodsens
432 930 120 21 förvaltning,
560 928 2 6 |

137 965 66 18 hvilka
215 965 104 18 kostnader
331 964 165 23 hufvudsakligast
507 965 45 16 hän-

137 1000 54 17 förde
209 1000 27 21 sig
251 1000 30 17 till
294 1000 22 17 de
329 998 141 23 ifrågavarande
483 999 80 22 hofläg-
559 994 9 31 |

138 1040 39 12 ren.

137 1103 31 18 för
185 1104 116 17 statsverket
314 1103 131 22 förmänligast
457 1109 29 12 om
500 1103 54 17 dessa

138 1137 85 23 hofläger
244 1138 62 17 blefve
326 1138 146 17 utarrenderade
492 1137 61 18 såsom

138 1173 75 22 vanliga
225 1173 102 21 boställen;

201 1035 44 17 Med
259 1034 88 18 afseende
357 1033 11 18 å
377 1034 55 17 dessa
440 1033 112 23 omständig-
561 1024 1 11 |

137 1069 55 18 heter
209 1069 50 18 hade
279 1069 97 18 Utskottet
392 1070 61 16 ansett
466 1069 31 17 det
508 1073 55 16 vara
553 1065 13 30 |

553 136 49 21 XVI

589 273 32 18 Uti
635 272 118 23 underdänig
766 273 100 18 skrifvelse
880 273 20 18 af
912 273 36 18 den
960 274 22 17 25

556 323 1 12 |
566 307 79 18 Januari
666 309 44 16 1888
728 308 35 17 har
778 307 86 22 Senaten,
880 308 58 22 jemte
952 308 31 17 det

556 336 1 18 |
567 342 82 17 Senaten
666 342 29 17 till
709 342 52 17 Hans
774 342 106 22 Kejserliga
893 342 90 22 Majestät

566 376 76 18 insändt
655 376 126 23 underdänigt
794 376 71 23 förslag
877 376 30 18 till
915 382 67 16 propo-

567 411 56 17 sition
642 409 97 24 angående
758 411 113 22 omsättning
887 410 20 17 af
919 410 22 17 de
954 410 29 17 för

566 445 73 17 inlösen
659 445 20 17 af
697 445 210 22 donationslägenheter
924 445 5 17 i
944 445 39 17 Wi-

556 474 66 28 borgs
642 480 36 17 och
698 479 27 18 S:t
742 480 79 17 Michels
840 480 31 17 län
888 481 95 20 upptagna

557 527 1 8 |
567 513 86 22 statslån,
666 508 90 24 hemstält
765 519 28 12 om
803 513 179 18 donationsfondens

535 544 3 4 "|
556 548 173 19 sammanslående
743 548 42 18 med
799 548 122 18 statsfonden.

556 580 2 19 |

557 627 1 5 '
591 618 37 17 Det
647 618 34 17 har
700 617 42 18 icke
760 617 73 18 kunnat
851 617 93 18 undvikas
957 618 28 16 att

568 652 140 22 förvaltningen
725 652 20 17 af
756 651 96 23 hoflägren
864 652 30 17 till
908 657 22 12 en
943 652 41 17 bör-

566 687 34 22 jan
614 686 109 23 öfvertagits
737 686 20 18 af
769 686 117 18 statsverket.
906 685 29 18 Då
944 686 40 17 des-

558 716 1 3 |
572 727 26 12 sas
613 722 126 22 begränsning
752 721 34 17 och
799 719 129 24 egoförmäner
936 720 50 18 först

569 756 48 18 efter
630 756 32 17 det
674 755 98 18 storskifte
785 754 10 18 &
807 755 70 22 godsen
886 754 100 23 försiggätt

569 791 63 17 blifvit
649 790 92 18 definitivt
755 790 103 21 bestämda,
873 790 35 17 har
921 790 64 17 nämli-

558 758 2 16 |

570 831 34 17 gen
624 825 62 23 nägon
703 824 144 22 utarrendering
859 824 20 18 af
891 824 95 17 desamma

560 869 1 9 |
570 860 42 17 iecke
625 860 74 16 kunnat
710 858 141 23 ifrägakomma,
861 860 46 16 enär
915 858 72 18 visshet

570 895 42 17 icke
625 894 114 18 förefunnits
749 893 64 18 derom
823 895 27 15 att
859 893 37 17 alla
905 893 23 17 de
937 898 48 16 egor,

571 934 39 12 som
630 928 94 18 derintills
743 927 75 18 häfdats
835 927 59 17 under
908 929 26 15 ett
946 926 40 18 hof-

571 964 57 22 läger,
646 962 71 23 jemväl
735 962 47 18 efter
795 961 106 19 storskiftet
913 962 73 16 komme

572 1000 28 15 att
624 997 89 18 förblifva
740 996 102 18 detsamma
866 995 120 22 underlagda.

571 1033 71 17 Härtill
661 1033 85 16 kommer
759 1033 28 15 att
800 1031 22 17 de
835 1030 54 18 flesta
901 1030 20 17 af
934 1030 54 17 dessa

571 1067 85 22 hofläger
669 1067 31 17 vid
712 1066 52 17 tiden
776 1065 30 18 för
819 1065 79 22 godsens
910 1065 77 20 inlösen,

561 1098 1 8 |
572 1101 52 18 såväl
643 1102 42 17 med
705 1100 87 19 afseende
805 1099 11 18 å
828 1099 108 23 byggnader
949 1104 39 12 som

562 1157 1 3 |
572 1137 51 21 häfd,
645 1136 96 17 befunnits
755 1135 6 17 i
774 1133 20 19 så
806 1134 111 22 bristfälligt
929 1133 59 21 skick,

562 1161 1 19 |
573 1173 28 16 att
619 1170 58 23 nägot
689 1170 92 22 antagligt
794 1169 62 18 anbud
869 1168 11 18 &
893 1169 41 17 dem
947 1168 42 17 icke

573 1206 49 17 varit
642 1207 29 16 att
691 1204 90 24 päräkna.
803 1221 1 3 ,
814 1204 28 17 De
855 1203 133 22 uppoffringar,

562 1239 1 16 |
573 1241 116 17 statsverket
709 1239 36 18 fätt
765 1239 104 17 vidkännas
886 1238 6 17 i
910 1237 34 18 och
960 1237 31 17 för

573 1275 82 22 godsens
674 1273 150 19 iständsättande
843 1273 30 18 för
891 1275 27 15 ett
934 1273 56 17 ratio-

562 1306 2 30 ;
573 1310 39 17 nelt
631 1309 123 18 bebrukande
774 1308 94 17 äfvensom
887 1307 30 18 för
936 1307 55 17 deras

573 1344 122 21 förvaltning,
714 1343 65 17 kunna
803 1342 48 17 dock
873 1342 42 17 icke
936 1346 54 12 anses

563 1375 2 27 |
574 1378 101 21 fruktlösa,
695 1379 44 16 enär
757 1376 97 23 hoflägren
867 1381 77 13 numera
958 1380 33 17 ega

575 1414 27 16 ett
614 1412 94 22 betydligt
719 1412 59 22 högre
791 1410 62 22 värde,
867 1412 23 16 än
899 1410 31 17 vid
938 1409 52 18 tiden

575 1446 30 18 för
622 1446 55 18 deras
690 1446 73 17 inlösen
777 1447 47 16 samt
838 1445 22 17 de
873 1445 10 17 ä
897 1444 95 18 desamma

565 1480 2 27 |
575 1481 76 17 införda
659 1480 117 18 förbättrade
789 1480 83 18 metoder
885 1480 6 16 i
904 1479 88 17 afseende
