1031 1678
183 131 28 22 48

157 194 64 21 söder
236 194 41 21 och
293 195 64 23 öster,
371 194 88 21 hvälfda
474 194 84 21 källare
569 194 75 21 kunna
654 193 99 26 inrättas,
765 193 73 21 hvilka
849 193 70 21 såsom

153 228 96 21 varande
269 229 136 27 synnerligen
424 229 48 21 litet
491 228 119 27 eldfarliga,
634 229 49 20 med
703 229 46 20 stor
769 227 70 22 fördel
853 227 63 22 torde

155 262 76 22 kunna
246 263 89 28 uthyras
351 263 33 21 till
399 263 184 27 varumagasiner.

224 297 39 20 Att
286 297 159 28 terasserings-,
461 297 144 27 grundnings-
625 296 41 22 och
682 295 157 28 jordarbetena
857 296 61 21 torde

154 331 100 21 erfordra
275 338 25 14 en
320 331 160 28 "pprosimattv
501 331 94 21 kostnad
611 331 24 21 af
653 331 92 25 150,000
760 330 53 26 Fm.,
830 329 88 27 tillföljd

153 364 84 26 hvaraf,
277 381 4 4 .
313 383 4 4 .
530 381 41 5 8
603 382 4 4 a
637 381 5 5 x
674 381 4 5 x
710 380 4 4 x
746 381 4 4 x
782 380 4 4 =
819 364 98 26 150.000.

153 405 35 14 om
204 399 34 21 för
253 402 84 19 tomten
349 382 113 39 herataaa
493 415 39 5 m
600 414 186 6 <.
817 398 100 26 400,000.

154 433 33 21 för
201 433 199 28 byggnadsarbetet
416 433 70 22 skulle
502 415 82 40 återstå
603 449 39 5 sor
747 449 40 4 L.
819 432 98 25 935,000.

691 473 91 21 Summa
798 472 120 26 1,500,000.

225 518 88 21 hvilken
329 526 84 14 summa
428 519 66 22 borde
510 526 53 14 vara
578 519 50 21 fullt
639 519 124 27 tillräcklig,
775 519 56 21 efter
841 518 76 22 beräk-

153 552 52 27 ning
221 552 25 21 af
262 559 27 14 en
305 554 81 27 åtgång
402 553 24 22 af
439 554 57 21 circa
512 554 13 21 2
542 553 100 28 miljoner
657 553 57 28 tegel
729 553 34 21 till
780 553 137 28 byggnaden:

221 592 51 22 Med
292 593 119 28 anledning
429 594 25 21 af
471 593 138 22 förestäende
624 593 119 28 utredning
759 600 54 15 anse
829 593 33 28 sig
877 600 39 14 un-

155 627 147 22 dertecknade
317 635 20 14 v.
353 627 95 27 Alfthan,
473 628 136 27 Gripenberg
624 628 41 21 och
680 627 87 22 Decker
784 627 75 22 kunna
875 627 41 21 och

152 660 53 22 böra
220 660 89 23 förorda
324 662 166 27 ifrägavarande
504 662 58 27 plats
578 662 32 21 till
625 662 139 28 uppförande
777 662 24 21 af
819 663 98 20 ständer-

153 695 72 27 huset,
245 696 112 21 hvaremot
375 696 165 22 undertecknad
560 696 113 26 Sanmark,
696 696 34 22 för
749 697 33 21 sin
798 696 41 28 del,
855 698 25 20 är
895 696 25 21 af

154 730 43 20 den
213 730 57 27 äsigt
285 732 33 19 att
333 730 128 28 lämpligare
472 731 57 27 plats
540 730 34 22 för
584 731 126 21 ändamålet
721 731 67 21 borde
799 730 116 22 anskaffas.

459 771 135 27 Helsingfors
610 772 41 20 den
669 772 27 21 10
711 778 57 14 mars
785 772 62 21 1887.

224 810 25 22 G.
266 817 43 15 von
324 811 103 27 Alfthan.
702 811 40 21 Th.
758 811 89 22 Decker.

223 844 45 22 Sed.
284 845 140 29 Gripenberg.
628 846 23 21 C.
669 846 25 22 G.
711 845 134 22 Sanmark*.

220 907 60 22 Därä
296 908 128 22 meddelade
440 909 25 21 hr
476 908 123 22 Schauman
610 916 27 14 en
649 911 44 19 mot
705 910 61 20 detta
776 908 140 22 betänkande

151 941 96 27 afgifven
263 943 134 21 reservation
413 944 25 20 af
450 944 240 21 utskottsmedlemmen
706 944 27 20 hr
749 943 115 27 Sanmark,
876 943 40 21 och

151 982 40 15 var
206 977 69 27 sagda
290 978 132 21 reservation
438 978 24 21 af
475 978 97 27 följande
588 978 91 27 lydelse:

223 1015 184 28 ,,Undertecknad
422 1017 44 22 kan
482 1017 48 22 icke
549 1019 49 20 med
614 1019 37 20 det
667 1017 24 22 af
698 1017 217 28 ständerhusdelega-

150 1049 74 22 tionen
247 1051 94 22 tillsatta
358 1052 85 21 utskott
462 1052 76 21 förena
558 1052 33 27 sig
607 1059 35 14 om
657 1054 34 19 att
706 1052 33 21 till
755 1052 58 27 plats
828 1051 35 22 för
878 1053 37 20 det

149 1084 112 22 blifvande
277 1086 151 21 ständerhuset
443 1086 87 22 förorda
546 1089 109 26 gvarteret
670 1087 102 30 Bäfvern,
782 1087 132 21 åtminstone

149 1119 24 20 sä
188 1119 65 27 länge
269 1121 76 26 andra,
361 1121 68 27 enligt
444 1121 44 21 min
504 1121 62 28 åsigt,
583 1121 171 27 fördelaktigare
769 1121 94 26 belägna
873 1121 41 21 och

149 1153 112 22 sannolikt
277 1153 99 28 billigare
392 1157 84 24 tomter,
493 1156 71 21 säsom
579 1155 192 28 packhustomten,
786 1155 15 21 f.
817 1156 19 21 d.
849 1155 65 28 ryska

148 1187 304 28 proviantmagasinstomten,
480 1192 109 19 tomterna
612 1191 10 20 1
649 1190 40 21 och
713 1191 13 20 2
749 1190 32 21 uti
804 1192 109 25 gvarteret

148 1221 94 22 Gäddan
253 1223 37 21 vid
300 1223 119 22 Skilnaden
430 1226 56 19 samt
497 1224 102 27 slutligen
611 1224 231 27 Observatoriibergen
853 1225 59 20 ännu

149 1256 35 21 stä
199 1256 87 27 deleg:n
302 1257 34 21 till
351 1257 62 22 buds.
451 1258 37 22 Uti
503 1261 110 25 gvarteret
628 1259 98 21 Bäfvern
741 1259 98 21 kommer
854 1259 58 21 stän-

149 1291 103 21 derhuset
268 1291 133 28 ohjelpligen
417 1296 33 18 att
464 1293 60 28 ligga
538 1293 32 22 uti
586 1300 27 15 en
628 1300 55 21 grop
694 1293 41 21 och
745 1295 33 20 att
789 1293 123 22 domineras

147 1325 24 21 af
185 1326 37 20 det
237 1325 108 29 betydligt
360 1327 67 27 högre
443 1327 93 28 belägna
549 1327 131 22 bankhuset.
711 1329 38 20 Att
759 1328 153 20 ständerhuset

146 1358 99 23 kommer
263 1363 34 19 att
316 1360 83 23 erhälla
417 1363 69 20 större
503 1362 146 22 dimensioner
665 1363 29 20 än
710 1363 62 21 detta
787 1368 77 16 senare
879 1362 32 21 af-

146 1393 85 28 hjelper
253 1394 49 22 icke
322 1395 206 23 missförhällandet.
566 1396 84 22 Genom
668 1396 150 28 uppförandet
838 1396 25 22 af
883 1403 27 15 en

145 1430 72 20 terass
233 1428 45 22 kan
295 1430 60 21 detta
365 1430 8 21 i
384 1431 72 27 någon
467 1431 50 21 män
528 1431 113 26 kacheras,
653 1438 50 14 men
714 1438 27 14 en
753 1434 76 23 terass,
841 1431 24 21 af
873 1432 37 20 det
