1031 1678
204 136 14 20 4

175 198 36 27 vit,
235 199 24 20 så
278 197 45 22 vidt
339 197 60 22 detta
413 197 7 21 i
435 197 52 27 följd
501 197 23 22 af
538 197 26 22 de
579 197 126 22 förändrade
720 196 161 22 förhållandena
896 203 40 15 nu-

176 238 58 15 mera
249 238 38 15 var
303 231 89 27 möjligt.

245 266 10 21 I
277 266 77 21 sådant
377 265 97 22 afseeude
496 265 50 22 aflät
569 265 153 27 Delegationen
741 264 40 22 den
797 265 25 20 21
839 263 97 23 Oktober

178 301 53 20 1885
255 300 33 21 till
311 299 124 28 skulptören
457 299 33 22 W.
510 299 114 27 Runeberg
645 299 8 20 i
675 298 60 22 Paris
750 305 25 15 en
791 298 108 22 skrifvelse
916 297 22 23 af

176 333 93 28 följande
285 333 90 28 lydelse:

247 368 43 26 »Af
304 368 130 22 Ständernas
449 367 71 22 beslut
533 368 7 20 i
554 366 59 28 fråga
624 372 35 17 om
669 366 142 28 uppresandet
823 366 22 22 af
853 372 27 16 en
891 368 45 20 äre-

176 402 49 22 stod
250 403 23 20 åt
297 401 243 27 Kejsaren-Storfursten
566 401 120 21 Alexander
710 401 28 26 II,
760 400 81 21 hvilket
866 400 71 21 beslut

177 436 69 21 blifvit
268 435 58 22 Eder
348 435 7 21 i
377 435 118 22 hufvudsak
515 435 127 26 meddeladt,
663 434 92 27 framgår
770 435 31 20 att
816 434 120 22 Ständerna

177 470 78 21 önskat
277 469 148 22 åstadkomma
444 471 145 20 monumentet
604 475 76 20 genom
695 468 119 22 samarbete
830 468 52 22 eller
896 467 40 22 täf-

176 505 36 20 lan
232 504 77 21 mellan
325 504 58 21 Eder
398 503 39 22 och
452 503 124 28 skulptören
592 503 106 22 Takanen.
729 503 33 21 Då
777 509 76 20 genom
869 502 68 22 Taka-

177 545 52 15 nens
253 537 119 28 beklagliga
391 537 97 22 fränfälle
504 537 68 22 denna
587 537 132 26 samvärkan,
735 543 46 15 som
796 537 21 21 af
831 537 58 21 Eder
904 536 33 22 till

177 572 54 22 först
253 573 7 20 i
277 572 81 27 princip
373 571 69 22 blifvit
456 571 118 27 föreslagen
590 571 39 22 och
644 570 85 22 hvartill
744 571 27 21 Ni
786 571 60 21 äfven
862 577 75 15 senare

177 606 105 22 förklarat
304 606 59 21 Eder
384 605 63 28 villig,
471 612 87 15 numera
580 607 24 20 är
626 605 86 27 omöjlig
731 605 67 27 gjord,
813 605 125 22 ankommer

181 640 36 21 det
240 641 27 26 pä
290 640 59 21 Eder
370 646 72 15 ensam
458 641 32 20 att
504 639 92 22 inlämna
612 639 36 22 det
662 645 41 22 nya
717 639 84 27 projekt
816 639 33 22 till
864 645 73 16 monu-

178 676 88 22 mentet,
282 680 46 15 som
344 673 7 21 i
367 673 129 22 Ständernas
511 673 39 21 här
565 672 85 28 bilagda
665 672 108 22 skrifvelse
788 679 63 15 mom.
867 674 12 20 2
893 679 44 15 om-

177 708 107 22 förmäles.
315 708 43 21 Det
377 714 51 14 vore
444 707 59 27 dock,
519 707 66 27 enligt
600 707 164 27 Delegationens
779 707 72 25 tanke,
866 708 33 20 att
914 708 24 20 sä

178 742 45 21 vidt
247 742 82 26 möjligt
351 741 129 27 tillmötesgå
502 741 129 22 Ständernas
651 741 88 26 önskan,
755 748 34 14 om
804 741 35 21 vid
853 741 85 27 projek-

178 778 43 20 tets
244 776 138 27 uppgörande
405 776 80 26 hänsyn
500 776 71 21 kunde
586 777 60 25 tagas
662 775 31 22 till
710 776 25 21 de
751 775 71 27 motiv,
838 782 46 15 som
899 775 39 22 fin-

178 816 39 16 nas
239 809 108 29 uttry&tta
370 810 7 21 i
397 810 40 21 den
452 810 163 27 hädangängnes
631 810 72 22 eskiss.
734 810 94 22 Härmed
843 810 95 22 inskrän-

178 845 38 21 kes
233 844 54 22 dock
302 845 28 26 pä
344 844 54 22 intet
414 846 42 20 sätt
472 844 39 22 den
526 844 70 27 frihet,
613 844 120 22 Ständerna
749 844 55 21 velat
819 844 70 22 lämna
903 851 35 15 en-

179 879 53 21 hvar
251 878 22 22 af
287 878 155 22 konstnärerna
458 878 33 22 vid
507 878 39 22 den
563 878 102 28 förnyade
680 878 154 27 behandlingen
850 878 22 22 af
885 885 53 21 upp-

179 912 72 28 giften.

247 948 43 20 Det
306 953 40 21 nya
362 946 89 28 projekt,
467 947 151 27 Delegationen
632 947 81 27 hoppas
725 948 106 26 emottaga
842 947 22 21 af
873 947 64 27 Eder,

179 981 39 21 bör
234 981 134 27 fullständigt
383 981 7 21 i
406 981 76 21 modell
498 980 116 22 framställa
630 982 155 21 monumentets
801 981 138 21 arkitektoni-

179 1015 62 21 niska
263 1015 59 21 säväl
342 1021 44 16 som
402 1015 102 27 plastiska
519 1015 84 27 former,
620 1015 107 22 äfvensom
741 1015 69 22 utvisa
825 1015 41 22 den
881 1017 58 20 rätta

180 1049 101 21 inbördes
304 1049 152 27 proportionen
479 1049 75 22 mellan
576 1050 47 21 dess
646 1049 68 22 skilda
729 1049 86 27 partier.
846 1049 41 22 Om
903 1050 37 21 det

179 1083 49 22 med.
244 1083 81 28 hänsyn
341 1083 32 21 till
390 1083 143 22 arkitekturen
548 1084 7 21 i
571 1084 74 21 värket
660 1083 69 22 blefve
743 1083 74 28 nödigt
831 1085 33 20 att
873 1083 67 22 anlita

180 1124 25 15 en
229 1117 101 27 arkitekt,
353 1117 53 21 böra
426 1117 128 22 Ständernas
569 1118 158 27 bestämningar
741 1117 46 22 icke
803 1124 60 15 anses
878 1117 62 28 lägga

180 1152 66 25 nägot
261 1151 76 22 hinder
352 1151 7 21 i
375 1153 66 25 vägen
456 1151 32 22 för
504 1153 30 20 ett
550 1152 75 21 sädant
640 1151 125 22 samarbete.
786 1152 43 21 För
845 1153 32 20 att
892 1158 48 21 pro-

178 1185 69 26 jektet
271 1185 53 22 skall
341 1185 70 22 kunna
426 1185 100 22 bedömas
542 1186 17 27 ej
576 1186 81 21 mindre
673 1186 6 21 i
695 1186 45 21 sina
755 1185 104 22 särskilda
874 1186 66 25 delar,

181 1221 27 19 än
228 1219 7 20 i
251 1220 106 21 anseende
372 1219 32 21 till
420 1220 78 21 värkan
514 1219 22 22 af
551 1220 35 21 det
602 1220 54 27 hela,
673 1222 24 19 är
712 1220 130 27 nödvändigt
857 1221 32 20 att
905 1220 35 21 det

181 1253 81 22 utföres
285 1254 6 20 i
315 1254 66 21 sädan
403 1254 66 26 skala,
485 1256 31 19 att
531 1254 167 27 hufvudfiguren,
714 1254 81 27 plinten
811 1253 128 29 oberäknad,

181 1287 32 22 får
229 1294 26 15 en
271 1288 51 26 höjd
338 1288 22 21 af
373 1288 63 21 minst
454 1289 8 20 1
480 1290 71 20 meter.

251 1323 66 20 Detta
339 1323 84 26 projekt
443 1323 39 21 bör
496 1323 45 21 före
557 1323 40 21 den
614 1324 25 20 15
655 1323 175 21 nästkommande
846 1323 94 27 Septem-

181 1356 39 21 ber
236 1356 104 21 inlämnas
356 1356 32 21 till
404 1356 151 28 Delegationen
571 1357 39 21 och
626 1357 73 21 därvid
714 1356 85 28 åtföljas
814 1358 21 20 af
846 1363 25 15 en
881 1356 60 23 kost-

183 1390 178 26 nadsberäkning,
384 1391 109 21 utvisande
516 1392 26 20 de
563 1391 84 27 belopp,
662 1391 33 21 för
709 1391 71 21 hvilka
795 1393 146 20 monumentet

181 1424 72 22 kunde
269 1424 23 22 af
305 1425 58 21 Eder
381 1424 79 22 utföras
476 1426 39 20 och
530 1426 116 27 uppställas
662 1426 117 26 fullfärdigt
793 1426 28 26 pä
835 1425 104 27 platsen.*

252 1458 32 22 Pä
300 1459 69 21 denna
384 1459 108 22 skrifvelse
508 1459 40 22 fick
564 1460 152 28 Delegationen
732 1459 22 23 af
767 1460 124 27 skulptören
899 1460 42 22 Ru-
