1031 1678
226 107 27 19 78

197 170 45 24 der,
259 171 26 20 H.
302 171 7 20 i
325 171 109 26 egenskap
450 170 22 21 af
490 170 197 22 Landskamrerare
709 171 40 21 och
765 170 21 21 S.
802 171 73 21 såsom
897 170 61 22 Vice-

195 205 201 22 landssekreterare
412 205 35 21 vid
462 205 174 27 Länestyrelsen,
653 205 68 26 enligt
738 204 220 22 Advokatfiskalsem-

194 239 62 22 betet
272 239 115 22 meddelad
407 239 135 28 upplysning,
559 242 53 19 utan
634 239 151 28 skiljaktighet
800 239 65 22 fattat
880 239 77 27 ifråga-

194 274 95 21 varande
312 274 79 27 utslag,
413 274 67 21 måtte
501 273 33 22 för
554 274 120 27 dymedelst
690 274 22 21 af
725 274 112 27 uppenbar
853 273 104 22 obetänk-

195 307 85 22 samhet
295 307 110 22 föröfvadt
420 308 112 21 embetsfel
556 308 62 21 fällas
634 308 32 21 till
682 315 79 14 ansvar
773 308 86 27 jemlikt
875 309 24 20 12
917 307 11 28 $
946 309 8 19 1

193 342 50 26 kap.
260 342 25 21 R.
301 342 32 26 B.,
349 342 95 22 hvarhos
459 342 191 22 Advokatfiskalen
666 342 106 22 förbehöll
783 341 78 22 aflidne
872 342 84 21 Krono-

181 375 92 27 "fogden
288 376 38 21 N:s
347 376 195 22 rättsinnehafvare
562 378 70 26 öppen
653 378 45 20 rätt
719 378 32 19 att
767 376 104 23 särskildt
885 376 7 20 i
908 376 48 26 laga

193 410 92 27 ordning
307 410 23 21 af
348 410 217 22 Senatskamreraren
585 411 27 20 H.
630 410 40 22 och
693 410 154 27 Kronofogden
863 410 22 21 S.
901 410 55 21 söka

193 444 135 27 återvinning
352 444 23 21 af
396 445 27 21 de
442 445 124 25 kostnader,
590 445 101 21 bemälde
713 443 194 23 rättsinnehafvare
926 444 30 26 pä

192 479 69 26 grund
277 478 23 22 af
315 479 123 27 Kejserliga
454 479 105 22 Senatens
575 479 73 27 utslag
663 479 23 21 af
700 479 42 21 den
758 481 12 18 6
787 479 96 21 Oktober
900 480 54 19 1884

191 513 42 21 fätt
248 513 127 22 vidkännas.

261 548 120 27 Kejserlige
404 547 128 22 Hofrättens
555 548 94 27 utslag
641 543 15 36 i
666 549 61 20 detta
747 548 42 21 mäl
809 547 71 28 utgafs
900 547 54 21 efter

191 581 76 28 anslag
283 583 40 20 den
333 584 12 19 7
355 583 121 21 November
493 584 65 24 1885;
575 583 40 20 och
631 582 49 21 fann
694 582 115 21 Hofrätten
819 582 134 21 Guvernörs-

191 616 96 22 embetet
309 617 35 21 vid
367 617 188 26 handläggningen
576 617 23 21 af
612 617 166 26 ifrägavarande
793 617 80 21 ärende
889 615 65 22 hafva

190 649 85 22 förfarit
289 650 102 27 felaktigt
406 651 52 25 deri,
475 652 38 24 att,
530 651 67 21 ehuru
612 651 91 21 Bonden
719 651 26 21 K.
761 651 48 21 icke
818 652 74 20 senast
900 650 53 21 mid-

190 684 71 21 fastan
287 686 62 25 1877,
373 685 29 27 pä
422 687 44 19 sätt
484 685 78 21 honom
582 685 68 27 enligt
665 685 128 21 Hofrättens
810 684 49 22 dom
874 684 23 22 af
911 684 41 22 den

191 720 26 20 30
241 719 98 21 Oktober
364 722 54 19 1875
443 720 76 26 älegat,
544 720 93 27 erbjudit
659 720 34 21 W.
715 720 180 25 bördeskillingen
919 718 33 22 för

189 752 161 28 ifrågavarande
367 754 71 21 halfva
453 754 25 21 B.
489 754 105 25 hemman,
611 754 40 22 och
669 754 40 22 den
727 760 72 15 vunna
813 754 80 21 börden
915 759 36 21 ge-

189 794 49 14 nom
255 788 68 26 sagda
345 788 150 22 försummelse
514 789 54 21 varit
587 788 122 26 förverkad,
731 788 220 22 Guvernörsembetet

188 822 72 26 likväl,
277 822 6 21 i
300 822 54 22 strid
369 824 50 20 med
436 823 180 27 stadgandeti10
629 823 10 27 $
652 826 11 18 5
673 824 51 26 kap.
741 823 19 21 J.
776 823 24 21 B.
819 823 40 21 och
872 822 77 26 Kongl.

187 856 147 27 förklaringen
358 857 41 21 den
416 859 11 19 7
444 858 91 26 Augusti
554 859 61 23 1766,
632 858 61 26 älagt
717 857 160 21 vederbörande
902 863 48 15 exe-

186 891 65 21 kutor
275 893 32 19 att
329 891 104 21 befordra
453 892 65 26 sagde
535 892 49 21 dom
600 892 31 21 till
647 891 168 27 verkställighet
830 893 56 19 samt
902 891 47 21 der-

186 926 85 26 igenom
295 925 61 27 gifvit
379 926 151 27 Kronofogden
550 927 26 21 N.
592 927 117 27 anledning
729 926 32 22 till
778 926 41 22 den
835 926 22 22 af
871 926 78 21 honom

186 960 41 21 den
244 962 24 19 16
289 961 101 21 Oktober
408 963 52 19 1877
483 962 102 26 vidtagna
608 962 149 26 afhysningen,
782 967 46 15 som
850 960 46 22 haft
916 960 32 20 till

185 994 81 27 påföljd
283 997 32 19 att
330 996 32 19 W.
378 995 57 21 intill
451 996 41 21 den
509 998 25 18 22
551 996 59 27 April
632 998 56 19 1880
705 996 55 21 varit
776 995 55 21 skild
847 995 47 21 från
910 994 36 21 be-

185 1029 117 27 sittningen
314 1029 23 21 af
350 1029 129 27 hemmanet,
488 1032 56 19 samt
560 1031 61 20 detta
631 1031 36 26 fel,
684 1033 53 19 enär
753 1030 102 21 ärendets
870 1028 76 23 bered-

183 1063 50 26 ning
249 1063 42 22 och
305 1063 153 27 föredragning
473 1064 36 21 vid
523 1064 168 28 Länestyrelsen
708 1065 118 21 aiikommit
838 1064 13 21 ä
861 1064 83 21 Krono-

183 1097 78 26 fogden
278 1097 29 26 S.,
317 1099 79 20 stanna
411 1098 77 21 honom
504 1105 74 15 ensam
593 1099 32 21 till
640 1099 55 24 last;
712 1099 7 21 i
730 1099 108 21 anseende
851 1098 92 24 hvartill,

183 1131 40 22 och
241 1132 68 27 jemte
331 1132 37 21 det
383 1132 202 23 Advokatfiskalens
605 1136 58 19 emot
681 1133 217 22 Senatskamreraren
917 1132 26 21 H.

181 1166 8 20 i
209 1166 67 22 mälet
298 1166 87 22 utförda
408 1167 118 26 pästäende
549 1167 23 22 af
589 1167 117 22 Hofrätten
727 1167 144 26 förkastades,
892 1165 52 23 Hof-

181 1202 72 19 rätten
276 1201 103 27 pröfvade
402 1202 92 26 rättvist,
517 1202 49 22 med
585 1203 49 21 stöd
653 1202 23 22 af
697 1205 25 19 12
739 1203 14 26 &
770 1205 10 18 1
797 1203 49 26 kap.
867 1202 24 21 R.
910 1201 33 26 B,

182 1234 64 22 döma
262 1235 21 22 S.
300 1237 33 20 att
348 1235 53 22 böta
415 1238 27 19 40
458 1237 58 21 daler
531 1237 49 21 med
596 1239 26 19 76
638 1237 62 21 mark
712 1239 27 19 80
750 1237 71 26 penni,
832 1236 32 22 till
875 1238 71 19 utsatt

181 1269 130 28 fördelning;
333 1270 40 21 och
392 1270 109 23 lemnades
516 1269 154 29 Kronofogden
685 1272 40 21 N:s
741 1271 201 25 rättsinnehafvare,

178 1303 87 27 jemlikt
287 1304 203 23 Advokatfiskalens
513 1305 72 22 derom
606 1306 76 32 gjorda
701 1305 112 25 förbehäll,
830 1307 66 26 öppet
911 1307 33 20 att

181 1337 23 21 af
215 1337 155 28 Kronofogden
381 1339 21 21 S.
414 1340 54 20 söka
478 1340 137 21 utbekomma
629 1341 123 25 ersättning
761 1340 34 22 för
805 1340 64 21 demi
881 1339 62 22 ofvan

181 1372 76 27 antydt
273 1372 102 22 afseende
390 1372 140 24 förorsakade
546 1375 124 26 kostnader,
680 1380 35 16 om
731 1375 27 21 de
774 1374 77 22 trodde
867 1374 32 28 sig
910 1374 32 22 till

181 1406 42 21 slik
237 1406 60 22 talan
313 1414 40 20 ega
368 1407 43 28 fog.
