1031 1678
167 133 50 22 VIII

139 195 130 22 kostnaden.
299 195 165 28 Delegationen,
480 202 45 15 som
540 194 49 22 icke
604 195 58 21 hade
673 195 66 27 nägot
750 196 33 20 att
793 195 108 22 anmärka

139 232 46 19 mot
200 229 81 29 själfva
295 229 205 28 ritningsförslaget,
516 229 84 22 hvilket
615 230 92 21 tvärtom
722 229 8 21 i
745 229 44 22 allo
799 229 102 22 tillfreds-

139 264 71 22 stälde
226 265 50 26 den,
292 264 40 22 och
348 266 58 20 emot
421 263 212 28 kostnadsförslaget
648 264 69 27 ansäg
733 263 32 28 sig
781 263 53 23 böra
848 265 54 26 göra

140 299 78 21 endast
233 299 44 21 den
292 298 142 28 päminnelse,
449 300 33 20 att
497 298 8 21 i
520 299 121 20 detsamma
656 297 67 22 borde
738 298 125 22 observeras
873 305 28 15 en

139 335 51 26 post
204 333 35 21 för
255 333 140 27 omläggning
410 333 25 21 af
447 332 115 22 trottoiren
578 332 42 21 och
635 332 115 28 planering
765 333 63 27 kring
838 333 63 21 huset

140 368 29 27 pä
184 368 81 25 20,000
280 367 69 26 mark,
365 367 141 27 hvarigenom
522 367 36 21 det
574 366 70 22 skulle
655 366 62 28 höjas
727 366 49 22 frän
789 368 114 26 1,050,000

140 402 63 21 mark
218 402 34 21 till
269 402 114 26 1,070,000
398 402 70 25 mark,
483 401 74 20 kunde
572 400 86 21 således
668 401 36 21 vid
715 400 120 22 sistnämda
845 408 56 14 sam-

140 437 115 20 manträde
278 435 56 22 fatta
357 436 37 21 det
414 435 120 27 afgörande
556 434 102 27 beslutet,
674 437 32 19 att
725 437 31 19 ett
771 435 131 22 ständerhus

141 470 57 22 skall
213 470 129 28 uppbyggas
358 470 13 21 å
387 471 110 26 gvarteret
517 469 131 30 ,Bäfvern'',
665 469 68 28 enligt
748 470 27 21 de
791 469 112 22 definitiva

141 505 115 27 ritningar,
272 511 45 15 som
333 504 125 22 arkitekten
474 503 100 28 Nyström
592 503 57 22 hade
665 505 33 20 att
712 504 8 21 i
735 503 167 22 öfverensstäm-

141 539 67 22 melse
223 540 51 20 med
285 535 52 25 sina
352 541 76 19 senast
443 538 123 22 inlemnade
577 538 41 21 och
628 538 119 27 godkända
757 538 144 22 eskissritnin-

141 580 40 21 gar
195 573 134 22 oförtöfvadt
351 573 106 28 uppgöra.
488 573 133 27 Härigenom
641 572 57 22 hade
713 573 90 21 ärendet
819 573 84 20 säledes

141 607 137 22 framskridit
294 608 82 21 derhän
392 609 39 25 att,
447 614 35 15 om
498 607 47 22 icke
566 607 70 28 nägra
651 607 126 28 ytterligare
793 607 108 27 svärighe-

141 645 34 18 ter
197 649 60 21 yppa
279 643 40 26 sig,
335 642 83 22 hvilket
441 642 151 27 delegationen
615 642 49 21 icke
682 642 40 21 har
738 641 116 27 anledning
869 643 34 20 att

141 676 107 26 förmoda,
268 678 80 20 största
372 676 68 28 utsigt
456 683 30 14 nu
501 675 116 28 föreligger
640 678 33 19 att
695 675 152 22 ständerhuset
869 675 33 21 till

141 712 66 20 nästa
222 711 107 27 landtdag
344 710 45 22 kan
400 710 119 22 fullbordas
530 710 40 22 och
582 710 92 28 inbjuda
684 710 87 22 landets
780 712 33 19 tre
824 710 79 21 ofrälse

143 745 70 22 Stånd
227 747 35 20 att
278 746 39 21 där
331 745 76 27 intaga
422 744 63 28 plats.

212 865 40 22 Att
271 866 152 27 delegationen
442 866 49 21 med
506 865 103 22 afseende
629 866 13 21 å
658 864 122 28 disponibla
795 864 70 21 medel
880 865 25 20 är

142 900 8 20 i
165 899 86 22 tillfälle
269 902 32 20 att
321 900 131 28 förverkliga
470 900 38 21 sitt
531 899 209 23 ofvanomförmälda
759 898 72 22 beslut
849 898 55 21 skall

142 934 85 27 framgå
242 934 49 22 från
309 935 163 21 nedanstående
487 934 137 28 redogörelse
640 934 59 22 öfver
711 934 41 21 den
764 932 142 22 ekonomiska

143 968 140 28 ställningen.
313 968 77 22 Denna
410 976 38 14 var
467 970 42 20 den
527 970 10 20 1
554 969 53 21 Juni
622 968 149 22 innevarande
787 968 24 21 år
825 967 41 22 och
881 968 26 20 är

143 1004 60 20 ännu
219 1003 7 20 i
241 1003 124 22 hufvudsak
380 1003 106 28 följande:

485 1071 81 22 Debet:

143 1121 30 22 Af
186 1122 125 22 Ständerna
325 1122 108 28 beviljade
450 1123 76 27 anslag
540 1123 22 21 in
580 1129 83 15 summa
696 1138 4 5 .
734 1123 113 26 1,500,000
862 1121 44 22 mk.

143 1157 82 21 Värdet
249 1158 14 20 å
287 1157 170 22 öfverblifvande
481 1157 171 28 byggnadsplats
678 1157 25 21 af

201 1191 59 21 circa
275 1191 80 26 24,000
370 1198 35 21 qv.
413 1191 43 22 fots
471 1192 59 21 areal
544 1192 68 27 jämte
628 1192 13 21 å
657 1192 42 21 den

202 1225 115 28 befintliga
337 1225 132 28 byggnader,
491 1233 45 14 som
564 1226 135 21 fortfarande

201 1259 78 22 kunna
294 1261 94 26 gvarstä,
405 1260 67 27 enligt
487 1260 160 27 uppskattning
662 1277 5 4 .
697 1276 6 5 .
756 1260 92 25 100,000
863 1259 43 21 mk.

143 1294 85 21 Räntor
239 1294 13 21 å
263 1294 291 23 kassakreditiv
434 1290 11 34 i
455 1294 97 23 Nordiska
562 1295 45 21 akt.
616 1294 88 22 banken
786 1293 69 26 1,345:
872 1294 34 21 54.

143 1329 72 27 Hyror
230 1329 51 21 från
297 1329 109 27 gårdarna
421 1329 7 21 i
444 1332 68 24 gvart.
529 1329 94 22 Bäfvern
665 1346 3 4 =.
700 1346 4 4 .
786 1329 70 25 8,803:
872 1329 35 21 33.

142 1357 19 27 Ä
178 1363 161 22 kassakreditiv
358 1364 4 20 i
377 1364 108 22 Nordiska
500 1364 45 22 akt.
562 1364 87 22 banken
668 1364 33 20 in-

201 1398 120 21 nestående
341 1415 6 5 .
378 1415 4 5 .
414 1415 4 5 .
452 1414 4 6 .
485 1415 4 5 .
521 1415 4 5 .
555 1414 5 6 «
628 1415 4 4 n
664 1415 4 4 n
699 1414 4 5 S
774 1398 83 24 16,205:
874 1398 33 20 77.

580 1439 59 21 S:ma
656 1438 61 22 F:mk
738 1438 119 26 1,626,354:
873 1439 36 21 64.
