1031 1678
819 133 26 22 91

112 195 181 28 öfverskjutande
311 195 107 28 kapitalet
434 196 40 21 och
490 196 46 21 förr
550 196 54 21 eller
619 202 76 15 senare
711 195 24 22 af
754 196 120 21 ständerna

112 230 101 28 afyttras,
229 237 34 14 om
279 231 26 20 de
320 231 24 20 så
359 230 75 21 önska.

184 265 76 22 Såsom
276 264 25 22 af
313 265 37 21 det
365 264 158 23 ofvanstående
538 265 62 21 torde
611 265 91 26 framgå,
711 265 24 20 är
745 264 131 22 valfriheten

113 299 8 21 i
142 299 102 22 afseende
264 299 13 21 å
292 299 139 28 tomtplatser
449 300 70 20 under
534 300 73 20 denna
623 298 118 28 betingelse
756 299 121 27 ingalunda

113 336 54 22 stor,
190 333 114 21 hvarutom
323 333 63 21 faran
405 335 33 19 att
454 333 152 21 åstadkomma
620 335 33 19 ett
667 333 48 25 hus,
738 340 47 14 som
800 333 19 27 ej
837 340 40 14 ens

116 367 141 22 närmelsevis
276 369 121 20 motsvarar
417 367 75 28 billiga
508 367 124 27 fordringar
647 367 41 21 och
703 366 174 29 förväntningar,

114 403 27 20 är
159 401 174 28 öfverhängande
349 402 41 21 och
406 402 57 27 förty
479 408 77 15 manar
571 402 33 20 till
620 401 99 28 försigtig
734 401 143 22 slutbehand-

114 436 47 27 ling
183 435 25 22 af
229 435 83 28 frågan.
349 436 75 27 Enligt
444 435 180 22 kommissionens
640 435 67 22 tanke
721 435 44 21 kan
781 435 74 22 derför
869 436 8 21 i

114 470 69 21 saken
199 470 34 21 för
247 471 137 21 närvarande
399 470 52 28 föga
466 471 94 20 uträttas
574 477 80 20 genom
669 476 27 15 en
707 469 122 22 diskussion
841 477 36 14 om

114 505 145 27 tomtplatser,
275 505 87 21 hvilken
376 505 26 28 ju
417 505 18 27 ej
454 507 68 19 annat
536 504 74 21 kunde
626 505 28 20 än
670 505 49 20 med
729 504 64 27 högst
803 504 23 21 få
836 505 41 21 och

114 539 140 28 obetydande
273 539 139 28 afvikningar
432 540 14 20 å
463 547 41 20 nyo
520 539 60 28 plöja
594 540 42 20 den
652 539 73 27 gamla
739 539 137 28 kretsgängs-

114 573 70 22 fåran.
215 573 60 22 Skall
290 573 65 22 målet
371 574 102 27 slutligen
489 573 81 26 säkert,
586 581 35 13 om
636 575 41 20 ock
692 573 115 28 långsamt,
824 581 52 20 upp-

115 609 46 24 nås,
184 609 68 20 måste
275 608 91 27 verkligt
389 609 40 20 och
452 608 101 27 alvarligt
571 608 74 21 arbete
665 608 6 21 i
689 608 68 21 sådan
778 608 98 28 riktning

116 643 125 27 nedläggas.
271 642 33 21 Då
319 643 169 21 kommissionen
504 643 128 21 förutsätter
647 643 72 20 såsom
734 642 90 21 alldeles
839 649 37 15 na-

113 677 84 27 turligt,
216 679 33 19 att
264 676 26 22 de
306 676 140 22 medlemmar
462 678 7 20 i
485 677 159 27 delegationen,
667 676 73 22 hvilka
755 676 58 22 fästa
828 676 47 22 huf-

115 712 117 26 vudvigten
255 712 73 27 derpå,
352 714 33 19 att
406 712 26 21 de
451 712 47 27 fyra
517 712 92 20 stånden
628 711 117 27 inrymmas
764 711 8 21 i
788 713 31 19 ett
834 711 42 21 och

114 752 84 15 samma
213 746 47 26 hus,
276 746 87 21 komma
377 748 33 20 att
418 746 54 28 yrka
481 747 29 27 på
521 753 26 14 en
558 746 129 26 utvidgning
697 745 25 21 af
737 745 139 22 riddarhuset

112 780 62 22 öfver
195 780 184 28 Regeringsgatan
393 781 23 21 in
432 782 29 26 på
482 783 111 25 qvarterat
611 780 108 26 Servalen,
737 780 36 22 vid
791 780 82 22 hvilket

115 814 98 28 projekts
231 815 114 21 utförande
360 815 113 27 lätteligen
490 816 94 20 riskeras
600 817 32 19 att
647 815 34 21 för
696 815 66 27 något
778 815 25 21 af
816 816 58 20 stån-

115 850 43 20 den
180 849 53 21 eller
253 850 101 27 möjligen
376 850 35 21 för
433 850 45 21 alla
495 851 54 25 göra
567 849 101 22 vistelsen
684 849 7 21 i
706 849 63 21 huset
785 848 34 22 till
835 849 41 21 och

115 884 50 21 med
181 884 80 27 olidlig,
277 884 40 21 och
333 887 34 18 att
381 885 27 21 de
424 884 141 22 medlemmar
575 884 53 27 åter,
640 890 45 15 som
696 884 7 20 i
715 883 90 21 främsta
816 890 58 14 rum-

115 920 44 20 met
181 918 46 22 afse
249 919 103 21 ståndens
371 918 163 28 begvämlighet
552 918 41 22 och
609 918 105 28 derjämte
730 918 59 21 hålla
803 918 30 26 pä
849 924 27 15 en

115 953 43 21 viss
172 953 113 27 värdighet
301 953 54 21 bäde
371 953 7 21 i
394 953 36 21 det
444 956 58 24 yttre
518 953 40 21 och
574 954 36 20 det
625 953 47 21 inre
687 952 25 22 af
720 952 85 21 landets
815 953 62 20 stän-

114 986 87 28 derhus,
224 988 61 20 skola
304 987 73 22 känna
395 988 33 27 sig
446 988 86 26 dragna
547 987 33 21 till
595 987 87 28 platsen
697 987 37 21 vid
749 986 127 26 Skilnaden,

115 1022 37 21 vid
167 1021 58 22 valet
240 1021 78 22 hvaraf
332 1022 56 21 dock
403 1024 31 19 ett
450 1022 179 21 öfverskridande
644 1021 25 22 af
686 1021 190 27 anslagssumman

114 1057 102 28 möjligen
231 1056 72 22 kunde
319 1057 87 27 uppstä,
422 1057 24 21 sä
462 1057 34 21 fär
511 1056 169 22 kommissionen
695 1055 89 22 föreslä:

321 1125 44 27 1:0)
381 1127 35 20 att
435 1126 48 21 med
505 1132 91 21 egarene
616 1125 35 22 till
663 1125 116 28 gårdarna
793 1124 52 22 N:is
860 1125 16 21 2

253 1160 36 22 och
313 1162 14 19 4
348 1161 37 21 vid
406 1160 124 22 Skilnaden
553 1159 81 28 träffas
651 1160 35 21 det
703 1159 58 28 aftal
777 1160 39 25 att,
839 1159 36 27 för

253 1195 102 22 händelse
373 1195 32 28 af
425 1195 76 22 anbud
521 1195 15 21 å
554 1195 64 21 deras
631 1194 84 28 gårdar
729 1194 56 27 från
799 1195 78 20 annat

253 1229 51 26 häll,
320 1229 110 22 desamma
445 1229 48 27 före
508 1229 51 28 köps
574 1229 128 28 afslutande
717 1227 124 29 hembjudas
851 1227 24 22 ät

253 1264 149 27 delegationen
418 1264 34 21 till
467 1264 79 27 inköp;

321 1299 42 27 2:0)
384 1300 33 21 att
432 1299 150 28 delegationen
596 1301 84 25 uppgör
694 1298 25 21 ät
733 1298 32 27 sig
779 1299 31 20 ett
820 1303 54 21 pro-

251 1339 63 22 gram
326 1333 42 27 för
383 1333 36 21 det
433 1333 121 21 tillärnade
569 1333 68 26 huset,
653 1332 38 22 och
706 1333 35 21 att
753 1331 60 22 detta
820 1338 54 20 pro-

251 1373 63 21 gram
329 1366 35 21 mä
379 1366 117 22 innehålla
506 1366 51 22 både
567 1366 35 22 det
609 1366 84 21 minsta
702 1365 94 28 möjliga,
807 1364 66 22 hvar-

252 1401 47 21 med
316 1408 54 14 man
385 1401 73 21 kunde
474 1401 95 28 åtnöjas,
585 1401 38 21 och
638 1401 36 21 det
687 1407 44 15 som
745 1400 129 28 derutöfver

253 1442 62 22 synes
330 1436 100 28 önskligt,
446 1442 50 15 men
511 1436 9 21 i
534 1435 90 28 nödfall
638 1435 73 22 kunde
726 1434 125 27 undvaras;
