1031 1678
355 197 45 27 3:0)
422 198 34 20 att
478 196 150 28 delegationen
649 203 77 22 genom
744 197 115 28 skrifvelse
875 196 37 22 till

285 230 260 22 riddarhusdirektionen
566 233 40 26 gör
620 231 33 28 sig
668 233 106 20 närmare
788 231 122 22 underrät-

286 265 37 25 tad
338 272 34 15 om
387 265 25 22 de
426 264 76 27 vilkor,
518 265 72 22 under
600 265 75 22 hvilka
685 265 142 22 riddarhuset
835 265 74 22 kunde

286 300 75 27 afstäs
375 299 109 28 antingen
498 299 10 22 i
522 299 38 22 och
576 299 36 28 för
626 300 121 28 utvidning
762 299 35 22 till
811 301 31 20 ett
851 299 59 22 enda

285 334 133 22 ständerhus
439 334 52 21 eller
508 334 38 21 ock
560 334 10 21 i
587 334 106 22 ändamål
711 336 34 20 att
764 335 15 20 ä
793 334 48 22 dess
856 335 55 20 tomt

286 369 106 27 uppföres
414 369 106 27 antingen
536 370 30 20 ett
587 370 53 26 nytt
664 368 173 28 fyraständshus
857 368 55 22 eller

286 405 44 19 mot
351 403 209 28 Alexandersgatan
575 404 30 20 ett
620 403 153 21 treständshus
787 404 32 27 af
837 404 72 26 ofvan

286 437 116 28 beskrifna
420 437 150 27 beskaffenhet,
594 439 58 20 samt
669 437 97 28 derefter
784 437 127 22 bestämmer

287 479 33 14 om
335 471 38 22 och
387 471 81 22 hvilket
483 471 28 28 af
522 472 62 21 dessa
596 472 90 28 förslag
696 471 73 22 kunde
778 471 85 22 komma
875 471 35 22 till

287 506 135 27 utförande;

356 541 44 27 4:0)
423 542 34 20 att
476 541 150 28 delegationen
644 541 55 22 låter
717 540 106 28 anskaffa
845 541 38 21 och
901 540 9 21 i

287 575 125 28 öfvertryck
434 575 154 28 mångfaldiga
610 575 47 22 alla
675 575 26 22 de
718 575 129 22 situations-
870 575 40 21 och

287 609 129 28 höjdplaner
432 617 26 14 m.
474 610 22 27 fl.
512 610 101 28 möjligen
628 610 81 28 nödiga
727 610 122 27 ritningar,
864 616 45 15 som

283 644 43 27 för
343 643 141 28 uppgörande
502 643 31 27 af
548 643 88 28 projekt
651 643 33 22 till
699 645 30 20 ett
744 643 135 22 ständerhus
893 643 15 21 å

287 677 202 22 riddarhustomten
511 677 51 22 eller
584 678 14 20 &
617 679 108 20 tomterna
744 678 43 20 n:is
805 678 16 20 2
837 677 38 21 och
895 679 14 19 4

289 712 34 21 vid
337 712 124 22 Skilmaden
476 712 79 22 kunna
569 719 56 15 vara
640 712 116 28 behöfliga;

357 747 45 27 5:0)
423 748 34 20 att
474 746 148 28 delegationen
640 753 34 15 nu
689 746 9 21 i
709 746 90 27 princip
815 746 94 21 besluter

287 783 39 25 att,
349 782 46 20 med
415 781 137 28 angifvande
568 782 31 27 af
619 781 35 21 det
672 782 43 26 för
730 781 108 21 hvardera
853 781 59 25 utaf

287 815 61 21 dessa
361 815 83 27 platser
459 816 123 27 disponibla
598 815 200 29 byggnadskapital,
815 815 93 28 inbjuda

288 850 46 21 alla
348 850 114 22 inhemska
477 850 119 22 arkitekter
611 852 34 20 att
659 850 86 28 deltaga
760 850 9 21 i
785 850 35 22 två
830 850 78 26 skilda,

285 884 31 28 på
331 886 30 20 ett
375 884 53 22 eller
442 886 75 21 annat
526 886 46 20 sätt
582 885 135 26 anordnade,
726 884 117 22 allmänna
850 884 58 28 pris-

289 918 107 28 täflingar
414 926 32 14 om
465 919 141 28 uppgörande
626 920 31 26 af
676 918 181 28 eskissritningar
875 918 35 22 till

288 955 31 20 ett
331 953 133 22 ständerhus
474 954 33 26 på
522 954 70 27 ofvan
608 954 97 25 anförda
723 955 82 20 tvänne
817 953 91 27 platser.

358 988 43 27 6:0)
424 989 33 20 att
478 988 150 27 delegationen
652 988 98 27 vidtager
772 988 78 28 åtgärd
873 994 35 14 om

289 1021 139 28 uppgörande
443 1021 32 28 af
478 1021 58 27 plan
546 1021 38 21 och
594 1021 70 22 vilkor
670 1021 43 28 för
723 1021 25 22 de
757 1021 9 22 i
773 1021 136 28 föregående

285 1055 75 28 punkt
373 1055 83 22 nämda
467 1055 192 28 pristäflingarne.

444 1228 178 33 Tillägg.

219 1300 74 23 Sedan
316 1301 137 22 förestående
475 1301 138 22 "betänkande
632 1302 68 21 redan
721 1301 71 21 blifvit
807 1301 104 21 affattadt

149 1335 42 21 och
203 1335 119 27 justeradt,
337 1336 74 21 inkom
428 1336 32 22 till
471 1336 168 21 kommissionen
651 1336 48 21 från
711 1335 25 21 hr
745 1335 88 21 Laurell
843 1337 67 25 ytter-

148 1375 60 15 mera
231 1370 88 27 uppgift
341 1370 29 27 på
388 1370 68 27 priset
475 1370 34 21 för
530 1377 26 14 en
572 1370 58 21 inom
646 1369 170 22 kommissionen
829 1369 81 27 jemväl

148 1403 33 21 till
197 1403 104 28 pröfning
316 1406 113 26 upptagen
444 1404 65 28 plats,
532 1404 119 22 bestående
667 1404 25 21 af
705 1404 26 21 de
748 1406 33 19 tre
796 1404 37 20 vid
848 1403 62 21 hvar-

147 1438 71 22 andra
233 1438 97 28 belägna
345 1440 86 26 gårdar,
447 1446 45 15 som
507 1439 110 27 begränsa
628 1439 157 27 Kaserntorget
799 1440 44 20 mot
854 1438 58 21 öster
