1031 1678
173 126 28 21 46

145 188 96 22 anmälte
259 188 28 21 hr
303 183 88 32 Öhberg
406 188 75 21 härvid
498 189 133 21 reservation
647 191 45 19 mot
708 188 66 21 ordf:s
790 189 7 20 i
813 189 68 27 sagda
896 190 11 25 $

145 222 145 22 omförmälda
311 224 82 25 vägran
417 225 32 19 att
471 223 55 27 ånyo
545 222 34 21 till
598 223 135 27 granskning
752 223 41 21 och
812 223 8 21 i
839 223 39 21 afs.
894 224 14 20 å

145 257 136 27 omröstning
301 259 98 25 upptaga
418 257 26 21 hr
464 257 147 28 Gripenbergs
628 257 185 27 eskissritningar,
834 257 74 22 hvilka

145 290 42 21 enl.
209 291 68 21 ordf:s
294 291 87 28 mening
403 292 67 21 redan
489 291 71 21 blifvit
580 291 152 22 underkända.
762 291 10 21 I
788 292 72 21 denna
876 297 32 15 re-

146 325 109 21 servation
270 325 104 22 förenade
390 326 32 26 sig
437 326 37 20 hrr
489 325 117 22 Estlander
620 326 42 20 och
677 326 85 26 Elving.

504 389 12 26 8
533 389 19 20 2.

215 428 61 21 Ordf.
299 428 103 28 uppläste
424 430 34 19 det
476 429 36 21 vid
532 431 87 19 senaste
636 429 163 21 sammanträde
815 428 93 21 tillsatta

147 462 94 21 utskotts
263 462 141 22 betänkande
426 469 49 21 ang.
494 465 109 20 tomterna
623 463 7 21 i
649 465 109 26 gvarteret
780 463 128 27 ,Bäfvern',

148 496 82 22 hvilket
245 497 140 22 betänkande
402 505 37 14 var
454 498 24 21 så
493 497 102 28 lydande:

343 578 12 10 »
361 561 43 21 Till
418 560 294 29 Ständerhusdelegationen.

216 600 41 21 Vid
274 601 299 28 Ständerhusdelegationens
590 601 161 22 sammanträde
767 601 41 21 den
825 602 12 20 5
849 601 59 20 inne-

147 635 96 21 varande
259 642 58 15 mars
332 635 66 22 hafva
412 635 177 22 undertecknade
604 635 71 22 blifvit
691 636 92 20 utsedde
799 637 32 19 att
842 635 66 21 inför-

148 668 70 22 skaffa
233 669 29 21 all
279 670 93 27 behöflig
390 670 116 26 utredning
526 671 93 20 rörande
636 670 141 27 möjligheten
793 672 38 22 att,
848 669 8 21 i
871 676 37 14 en-

147 702 68 28 lighet
234 705 50 20 med
300 705 75 20 därom
390 704 64 22 väckt
468 704 87 27 förslag,
578 704 95 27 uppföra
688 706 31 18 ett
735 703 150 21 treståndshus
901 704 8 20 i

148 740 112 24 qvarteret
277 738 129 30 ,,Bäfvern',
421 739 112 21 midtemot
549 739 106 21 Finlands
672 738 64 22 bank.
769 738 49 21 Med
833 738 75 21 anled-

148 772 52 27 ning
216 772 91 22 härutaf
319 773 66 21 hafva
400 773 183 26 undertecknade,
600 773 55 21 efter
670 773 96 21 anställd
782 773 80 21 allmän
874 772 34 22 be-

147 806 97 28 sigtning
260 807 25 21 af
298 808 85 26 platsen
400 808 40 21 och
450 808 67 21 sedan
528 808 158 21 förberedande
697 807 56 22 aftal
763 807 85 21 träffats
858 808 51 20 med

147 841 164 22 vederbörande
331 845 127 25 tomtegare,
480 842 90 22 kommit
590 842 34 21 till
642 843 42 20 den
704 842 148 27 öfvertygelse,
875 844 33 18 att

148 876 154 22 ständerhuset
325 877 42 21 kan
391 877 104 27 uppföras
511 878 13 20 å
539 877 167 27 ifrågavarande
721 878 88 26 qvarter
824 876 35 21 vid
872 876 36 20 Ni-

148 910 137 28 kolaigatan,
309 918 46 14 men
378 914 32 18 att
429 912 7 20 i
456 912 67 21 sådan
540 911 104 21 händelse
660 911 102 27 samtliga
777 911 7 20 i
799 913 110 25 qvarteret

148 944 94 22 Bäfvern
259 945 124 28 befinteliga
398 947 14 21 4
427 948 79 19 tomter
520 947 69 20 mäste
604 946 7 20 i
622 946 33 20 sin
666 945 74 21 helhet
750 945 87 25 inlösas,
849 945 61 21 detta

149 979 122 22 sistnämda
286 980 66 21 bland
367 983 69 19 annat
451 980 63 22 äfven
526 980 91 25 derföre,
629 982 33 19 att
672 979 117 22 Professor
799 979 111 21 Saltzman

150 1014 78 21 endast
244 1015 30 26 på
289 1015 36 20 det
341 1014 71 21 vilkor
427 1017 71 19 ansett
514 1015 32 26 sig
561 1014 76 21 kunna
653 1013 76 22 bifalla
745 1013 34 21 till
794 1013 83 21 inlösen
889 1013 24 20 af

149 1049 34 20 sin
199 1049 86 26 ägande
301 1051 60 23 tomt,
385 1051 32 19 att
433 1049 125 21 densamma
574 1049 8 20 i
596 1049 33 20 sin
646 1048 75 21 helhet
736 1050 68 25 tages.
835 1047 75 26 Enligt

151 1083 67 21 redan
239 1083 143 21 härförinnan
398 1083 290 27 Ständerhusdelegationen
703 1089 79 20 genom
798 1082 49 21 dess
863 1082 48 20 ord-

149 1117 94 22 förande
261 1117 129 22 meddelade
405 1117 111 28 uppgifter
530 1117 66 22 hafva
610 1117 165 21 vederbörande
791 1117 120 26 tomtägare

149 1152 58 27 gjort
223 1152 98 28 anspråk
335 1153 69 26 uppå:

149 1204 126 21 Statsrådet
291 1211 18 14 v.
325 1203 149 27 Willebrandt,
490 1203 33 22 för
538 1203 33 22 sin
585 1203 35 22 vid
632 1203 93 21 Nicolai-

178 1241 68 24 gatan
262 1239 85 26 ägande
362 1241 62 24 tomt,
440 1245 27 14 en
483 1238 60 21 lösen
559 1237 25 22 af
609 1254 5 4 .
646 1254 5 5 .
682 1253 5 6 .
720 1253 3 3 .
755 1236 46 21 Fm.
817 1237 95 24 150,000.

149 1278 42 21 och
205 1278 58 21 förre
280 1279 139 21 handlanden
430 1279 95 26 Silfvius,
538 1278 33 21 för
582 1279 48 20 dess
641 1278 37 21 vid
689 1277 36 22 Ni-

179 1312 126 28 colaigatan
321 1313 93 27 belägna
429 1316 54 19 tomt
503 1330 4 4 .
539 1331 3 4 .
575 1330 3 3 .
610 1329 5 5 .
683 1329 5 5 <
721 1328 66 9 <,
815 1311 98 26 160,000,

150 1352 41 21 och
207 1352 40 21 har
263 1353 106 21 utskottet
384 1356 118 25 yttermera
516 1352 106 22 laikat
632 1325 19 60 jä
639 1354 43 19 att:

151 1392 111 22 Professor
282 1393 118 27 Saltzman,
419 1393 33 21 för
468 1395 83 19 tomten
567 1392 35 22 vid
613 1392 114 27 Kyrkoga-

180 1429 45 23 tan,
242 1427 69 28 begär
326 1427 100 28 omkring
475 1444 4 4 =.
510 1444 4 4 .
546 1444 5 4 «
583 1443 3 4 <
618 1442 4 6 <
655 1443 4 5 «
692 1441 39 5 <<
817 1424 99 26 130,000.
