1031 1678
235 123 29 19 20

207 186 138 23 derrätterne
361 186 42 22 och
419 186 134 22 hofrätterne
569 186 125 27 handlagda
709 187 48 25 mål,
775 193 47 15 som
838 187 82 27 dragits
934 193 40 15 un-

207 221 40 22 der
270 220 99 28 pröfning
392 221 7 21 i
422 221 68 27 högre
513 221 53 22 eller
589 221 80 27 högsta
683 221 91 26 instans,
792 221 52 22 eller
860 221 23 22 af
897 221 54 27 dem,
967 222 8 21 i

208 255 75 22 hvilka
306 255 92 28 ändring
420 255 48 22 icke
491 256 69 25 sökts,
579 255 98 22 befinnes
695 255 35 22 stå
745 255 32 21 till
793 255 49 22 hela
857 256 83 21 antalet
954 255 24 22 af

210 290 27 21 de
253 289 36 22 vid
305 289 28 22 de
349 290 71 21 skilda
435 290 74 27 slagen
525 289 23 22 af
562 290 121 21 domstolar
698 289 124 28 handlagda
837 291 81 26 målen;
934 290 42 22 och

205 324 83 27 jemväl
302 324 121 22 resultaten
439 324 23 22 af
476 331 26 15 en
518 324 58 27 dylik
589 324 127 27 jemförelse
732 324 63 22 hafva
807 324 109 22 ofvanföre
927 324 49 22 blif-

208 358 32 22 vit
262 358 111 28 uppgifna.
402 358 51 22 Men
476 358 66 22 också
557 358 132 27 freqvensen
705 358 42 22 och
763 358 177 22 beskaffenheten
955 358 23 22 af

207 392 30 22 de
252 392 113 22 fiskaliska
380 393 133 26 aktionerna,
530 399 34 15 om
581 392 63 21 äfven
661 393 66 21 dessa
741 404 28 3 —
786 393 40 21 och
841 393 7 21 i
860 393 118 27 synnerhet

209 427 27 21 de
259 426 67 22 bland
350 427 55 26 dem,
427 427 73 21 hvilka
519 427 45 21 ledt
579 427 35 21 till
632 427 87 21 svårare
738 427 196 27 ansvarspåföljder
950 438 24 4 —

209 461 122 27 lyckligtvis
347 461 70 22 måste
433 468 64 15 anses
513 468 51 15 vara
581 462 84 26 ganska
680 461 22 22 få
717 461 7 21 i
740 461 134 22 förhållande
891 461 33 22 till
935 461 42 22 tal-

210 495 102 22 rikheten
335 496 22 21 af
370 496 86 21 landets
474 497 96 20 domare-
594 496 40 21 och
651 495 70 27 öfriga
737 496 239 27 embetsmannaperso-

209 530 45 26 nal,
272 532 37 19 äro
326 529 109 28 sjelffallet
450 530 18 27 ej
486 532 51 19 utan
553 530 116 27 betydelse
680 530 33 21 för
721 530 146 22 besvarandet
875 530 22 21 af
903 531 73 26 spörs-

211 564 74 27 målet,
302 565 55 21 huru
373 565 35 21 väl
422 565 88 26 lagarne
524 565 7 20 i
548 565 120 21 allmänhet
686 564 69 22 blifvit
771 565 130 22 handbafda.
932 565 45 22 Här

210 599 73 22 nedan
299 599 111 22 meddelas
426 606 29 15 nu
472 606 26 15 en
512 599 140 26 redogörelse
673 599 33 22 för
721 599 94 22 berörda
831 600 99 21 aktioner
945 599 31 22 äf-

209 639 91 16 vensom
316 633 142 22 öfverhufvud
473 633 33 22 för
521 634 101 27 samtliga
637 634 40 21 hos
686 634 243 22 Prokuratorsembetet
940 641 36 14 an-

211 668 74 21 mälda
299 668 109 26 klagomål
424 668 39 21 och
480 668 64 27 eljest
554 669 78 20 väckta
640 668 74 27 frågor
723 674 34 16 om
767 666 55 24 åtals
833 669 143 25 anställande,

210 702 89 21 hvilken
321 702 139 27 redogörelse
476 702 94 27 grundar
586 702 34 27 sig
636 703 46 21 dels
699 703 28 26 på
742 702 234 28 Prokuratorsexpedi-

210 736 87 22 tionens
321 743 56 21 egna
400 737 133 27 handlingar,
558 737 47 21 dels
630 738 41 21 ock
687 737 29 27 på
732 738 26 20 de
775 738 46 21 från
837 737 139 22 Hofrätterne

212 770 103 22 inkomna
331 772 83 21 arbets-
430 771 40 22 och
486 771 112 21 fiskaliska
614 771 197 27 förteckningarna.

494 944 75 26 1884.

368 1007 118 27 Klagomål
500 1007 38 21 hos
554 1007 147 21 Prokuratorn
932 1008 26 19 67

235 1047 67 22 bland
317 1047 74 21 hvilka
406 1047 150 22 öfverlemnats
574 1047 32 21 till
622 1047 56 21 åtal:

234 1087 78 21 genom
328 1081 171 22 Advokatfiskal:
517 1083 57 20 emot
591 1082 131 21 underrätt.
753 1097 5 6 .

541 1133 12 9 »
573 1111 9 36 =
594 1115 143 28 länestyrelse
756 1133 2 4 .
791 1131 4 5 .
827 1131 4 6 .

214 1160 2 20 i
542 1167 11 9 »
575 1146 13 35 =
597 1157 71 14 annan
684 1150 146 27 myndighet
818 1146 15 35 .

234 1184 35 22 vid
287 1184 166 27 grekisk-ryska
468 1185 84 26 andliga
568 1185 108 26 styrelsen
692 1185 7 20 i
715 1184 87 55 Wihorg
825 1199 5 6 «
848 1195 2 19 |

234 1221 59 20 samt
307 1219 36 21 vid
357 1219 87 21 landets
460 1219 152 27 domkapitel
611 1215 15 36 .
644 1235 5 5 .
680 1235 5 4 .
718 1236 4 4 .
754 1236 3 4 .
826 1235 5 6 3

233 1253 110 22 föranledt
358 1253 33 21 till
406 1253 134 27 underdänig
556 1253 131 22 hemställan
719 1269 4 6 .
755 1269 4 5 .
791 1268 5 6 .
826 1269 5 5 .

234 1290 59 19 samt
307 1288 34 21 till
356 1287 135 28 fullföljande
506 1288 39 21 hos
565 1288 114 21 Guvernör
689 1288 53 21 eller
753 1287 78 22 under-

293 1323 45 20 rätt
352 1322 112 22 hänvisats
499 1338 5 6 .
535 1339 5 4 .
825 1337 5 6 .

233 1362 52 16 men
301 1356 26 22 de
343 1356 75 27 öfriga,
434 1362 47 16 som
496 1335 84 52 ansetts
596 1338 53 40 icke
651 1334 58 53 böra
717 1338 114 40 föranleda

293 1390 33 22 till
342 1390 72 28 dylika
430 1391 106 27 åtgärder,
553 1391 95 27 utgjort.
681 1407 4 5 .
717 1407 5 5 .
753 1407 4 5 .
789 1406 6 7 .
825 1406 5 5 .
844 1386 12 37 |
867 1392 27 20 54

867 1433 25 19 67
907 1428 14 34 |
932 1432 25 19 67

872 1252 28 22 09
872 1217 28 22 20
883 1186 9 11 <
872 1149 28 20 —4
882 1119 12 17 0
872 1082 28 19 ma

883 1323 11 19 »w
