1111 1803
283 251 60 23 Efter
358 252 132 27 granskning
505 252 23 21 af
543 252 102 22 Senatens
662 250 226 29 propositionsförslag
898 250 7 22 i
916 250 54 22 före-

214 287 94 21 varande
323 286 67 28 fråga,
405 286 69 22 finner
486 287 37 27 jag
537 287 117 21 detsamma
665 287 47 21 icke
723 286 190 22 öfverensstämma
922 285 48 21 med

215 322 26 20 de
263 321 92 27 Nådigst
377 322 114 27 godkända
513 322 180 28 grundprinciper,
716 323 28 26 på
767 321 72 21 hvilka
858 320 26 22 de
901 320 70 22 finska

214 358 128 25 truppernas
365 356 147 27 organisation
528 356 39 22 och
583 356 131 27 förvaltning
730 356 55 21 skall
800 355 63 27 fotas,
879 355 40 21 och
934 361 36 14 an-

215 397 34 15 ser
260 391 36 27 jag
312 392 38 25 att,
360 397 33 15 om
409 391 93 22 berörda
518 391 91 27 grunder
620 393 97 25 antagas,
728 391 69 27 någon
809 389 145 28 likformighet
964 389 7 21 i

215 425 150 22 härsmaktens
388 425 146 28 organisatioe
557 426 57 21 inom
637 425 164 28 Kejsaredömet
822 424 47 22 icke
892 424 78 26 vinnes,

214 461 53 20 utan
289 461 33 20 att
345 461 39 21 den
404 460 124 27 afsöndring
543 460 24 22 af
581 461 25 21 de
621 460 67 22 finska
703 462 116 25 trupperna
834 459 47 22 från
897 459 27 21 de
938 465 33 20 ry-

215 494 45 28 ska,
283 501 47 15 som
353 495 124 22 framkallat
500 496 26 21 de
545 495 22 22 af
580 495 206 27 Krigsministerium
802 494 121 27 föreslagna
938 499 33 15 re-

214 529 115 28 formerna,
345 529 96 22 kommer
457 532 33 20 att
505 529 133 22 fortfarande
653 530 94 21 kvarstå.

284 564 43 21 För
349 565 40 20 den
412 565 106 26 händelse,
542 566 32 19 att
596 565 60 21 Hans
683 565 102 26 Majestät
799 563 109 28 Kejsaren,
924 563 48 21 med

215 599 102 21 afseende
339 600 14 21 å
371 599 103 22 Senatens
497 599 164 28 framställning,
684 599 83 22 täcktes
786 599 3 21 i
804 598 73 22 Nåder
898 597 74 22 bifalla

216 634 79 27 dertill,
319 636 32 20 att
374 635 25 21 de
422 635 109 22 allmänna
550 635 120 27 grunderna
686 635 32 21 för
735 634 185 27 »Förordningen«
938 639 34 16 om

216 669 25 21 de
264 669 70 22 finska
356 671 128 26 truppernas
502 670 144 27 organisation
668 670 39 22 och
723 669 128 27 förvaltning
867 668 105 22 underka-

215 705 45 20 stas
276 704 126 21 ständernas
417 705 105 27 pröfning,
539 705 138 21 öfversänder
690 705 36 26 jag
741 704 79 21 härhos
835 704 49 20 mitt
893 702 79 27 förslag

215 738 34 22 till
264 738 71 28 Nådig
349 740 133 26 proposition
498 740 7 20 i
520 740 91 20 berörda
626 740 85 21 ärende.
741 739 33 21 De
790 738 6 22 i
812 738 66 27 sagda
891 738 82 26 förslag

216 772 91 22 anförda
325 773 93 27 grunder
435 774 71 21 blefvo
521 774 6 20 i
543 773 72 22 Nåder
632 774 115 27 godkända
763 773 66 27 enligt
843 772 130 22 Hufvudsta-

216 807 53 21 bens
285 808 147 27 underdåniga
448 808 274 28 föredragningsmemorial
738 808 23 22 af
775 809 24 21 år
816 808 51 21 1891
881 808 40 21 N:o
933 807 38 21 141

216 841 40 22 och
281 841 24 22 år
329 842 54 22 1893
406 843 40 21 N:o
464 844 18 20 7.
512 843 50 21 Ifall
577 843 59 21 Hans
652 843 101 27 Majestät
769 842 103 27 Kejsaren
887 841 86 22 bifaller

216 876 33 22 till
273 879 32 19 att
327 877 109 22 desamma
460 878 140 21 öfverlemnas
623 878 32 21 till
671 878 137 26 landtdagen,
823 876 71 22 kunde
910 876 63 22 Stän-

217 910 77 22 dernas
310 912 99 26 yttrande
430 918 40 20 om,
486 912 7 22 i
508 912 85 22 hvilken
609 912 47 22 mån
674 912 141 22 omförmälda
830 910 92 28 grunder
936 912 37 20 äro

217 944 116 28 afpassade
357 946 55 21 efter
434 946 26 22 de
482 946 73 22 lokala
570 946 163 22 förhållandena
748 946 7 22 i
770 946 74 21 landet
859 945 39 21 och
913 945 7 21 i
935 945 39 21 all-

219 980 87 22 mänhet
329 980 127 28 tillämpliga
478 981 13 21 å
513 981 59 22 lifvet
591 982 6 20 i
616 981 96 27 Finland,
727 987 51 15 vara
801 980 33 22 till
856 981 61 26 nytta
939 979 35 21 vid

220 1014 197 28 »Förordningens«
435 1016 72 21 vidare
522 1016 128 27 behandling
665 1016 7 21 i
687 1015 183 27 Krigskonseljen,
887 1014 38 22 och
940 1014 34 21 får

216 1048 38 28 jag
267 1049 84 22 derföre
360 1050 120 27 ödmjukast
488 1050 93 27 anhålla,
590 1051 36 21 det
636 1050 50 22 ville
696 1050 68 22 Eders
775 1050 118 26 Excellens,
905 1048 69 22 tillika

218 1083 49 21 med
283 1083 103 22 Senatens
402 1084 82 27 förslag
498 1085 7 20 i
522 1085 68 21 denna
605 1085 66 27 fråga,
680 1085 33 22 till
724 1085 60 21 Hans
796 1084 111 27 Majestäts
918 1082 56 28 pröf-

216 1117 53 27 ning
293 1117 130 23 öfverlemna
446 1119 24 21 af
491 1119 42 27 mig
555 1119 99 27 bifogade
669 1119 80 27 förslag
765 1119 33 21 till
814 1117 69 28 Nådig
897 1123 77 21 propo-

217 1153 65 21 sition
305 1153 111 27 angående
434 1154 121 27 grunderna
574 1154 33 21 för
622 1154 26 21 de
664 1154 69 21 finska
748 1156 127 24 truppernas
891 1151 83 28 organi-

217 1187 71 22 sation
304 1187 39 22 och
359 1187 135 28 förvaltning.
723 1209 5 4 5

287 1221 40 22 Om
342 1222 65 27 tiden,
423 1223 27 20 dä
466 1223 106 27 förslagen
587 1223 32 21 till
636 1222 158 22 ofvannämnda
804 1221 83 27 Nädiga
898 1227 77 21 propo-

217 1256 90 21 sitioner
329 1256 65 22 varda
417 1257 32 21 till
472 1257 60 21 Hans
554 1257 120 27 Kejserliga
693 1256 102 28 Majestät
810 1255 164 26 öfverlemnade,

217 1290 63 22 torde
293 1290 38 28 jag
345 1290 22 22 fä
382 1293 82 20 emotse
479 1292 157 21 underrättelse
651 1291 85 22 säsnart
751 1291 34 27 sig
799 1292 53 26 göra
867 1290 63 21 läter.

287 1353 131 23 Afskriftens
433 1354 104 28 riktighet
552 1354 120 28 bestyrker:
688 1354 77 22 Grefve
781 1353 88 22 Armfelt.

600 1435 94 22 Öfversatt
706 1439 21 18 af
736 1438 24 19 H.
773 1438 20 18 E.
806 1438 101 18 Heideman.

348 1542 123 23 Helsingfors,
483 1543 103 22 Kejserliga
599 1543 87 18 Senatens
700 1542 85 23 tryckeri,
799 1543 50 17 1899.
