1109 1781
805 151 46 21 123

127 217 80 28 rande,
228 217 130 29 oegentligt
375 225 54 21 nog,
449 225 28 14 en
495 218 88 29 mängd
595 219 96 28 specielt
703 219 102 22 militära
818 227 69 21 ange-

127 251 136 29 lägenheter
285 255 38 18 äro
343 252 179 22 öfverlämnade.
549 253 34 21 På
601 253 77 28 grund
697 253 23 22 af
738 253 39 22 det
790 253 96 22 anförda

127 286 43 22 har
196 286 113 22 Komitén
335 286 79 22 funnit
440 287 84 28 nödigt
544 287 9 21 i
571 287 113 28 förslaget
705 287 37 22 till
765 288 62 21 finsk
848 288 40 28 lag

127 321 77 21 införa
232 323 41 19 art.
303 321 56 27 236,
381 321 9 21 i
411 321 139 29 fullständig
577 321 239 23 öfverensstämmelse
834 322 52 21 med

127 355 164 28 ordalydelsen
309 355 23 22 af
351 357 42 20 art.
415 355 48 21 313
481 355 9 22 i
508 355 176 29 Kejsardömets
702 356 45 29 lag.

196 418 47 21 Art.
267 419 53 20 237.
357 417 61 22 Dei
436 418 77 21 denna
535 419 84 21 artikel
638 419 131 28 föreslagna
787 419 99 22 bestäm-

127 452 116 28 ningarna
269 452 56 29 ingå
349 452 52 21 icke
425 453 8 20 i
451 452 45 22 den
515 453 76 22 finska
609 453 76 28 lagen,
704 461 52 14 men
774 454 112 21 Komitén

126 486 44 22 har
188 489 78 19 ansett
286 486 148 29 nödvändigt
452 489 35 19 att
505 488 8 21 i
526 487 69 28 lagen
607 488 160 28 uttryckligen
780 489 106 28 angifves

127 521 21 29 ej
167 521 90 22 mindre
276 521 85 28 stället,
381 521 40 22 der
433 526 181 24 värnemännen,
627 523 9 21 i
649 522 111 22 händelse
773 523 24 21 af
809 523 77 21 landt-

128 558 93 19 värnets
240 555 142 28 inkallande,
401 564 44 20 ega
463 556 89 22 infinna
571 557 42 28 sig,
633 560 30 18 än
682 557 69 21 äfven
764 558 121 27 terminen,

127 590 64 22 inom
209 590 96 22 hvilken
324 590 64 22 detta
407 590 42 22 bör
467 591 50 27 ske;
537 592 30 28 pä
587 591 78 28 grund
681 592 66 21 häraf
765 592 43 21 har
810 586 13 38 i
841 592 45 22 för-

126 624 76 28 slaget
213 627 41 19 art.
267 625 63 21 314i
339 625 175 29 Kejsardömets
523 626 186 28 värnepligtslag
716 626 168 22 blifvitinförd.

196 690 46 20 Art.
263 690 54 21 238.
353 689 136 21 Införandet
506 690 9 20 i
534 689 45 22 den
597 689 76 22 finska
690 690 70 29 lagen
773 690 23 22 af
809 690 75 22 denna

129 723 92 27 artikel,
240 730 49 14 som
307 724 36 20 till
363 723 161 29 ordalydelsen
542 724 217 22 öfverensstämmer
776 725 53 21 med
843 726 41 20 art.

130 758 48 21 315
200 758 9 21 i
230 757 174 29 Kejsardömets
431 758 46 29 lag,
505 758 106 29 päkallas
631 758 22 22 af
672 758 27 22 de
718 760 8 20 i
744 758 140 30 föregäende

127 792 85 21 artikel
231 792 48 21 237
298 792 131 28 föreslagna
448 792 167 30 stadgandena.

196 856 46 20 Art.
264 857 52 19 289.
355 852 147 32 OÖfverföring
522 856 22 21 af
562 860 127 17 värnemän
707 856 52 22 från
777 859 35 19 ett
829 864 58 21 upp-

127 889 152 22 bädsomräde
307 890 38 21 till
366 892 34 18 ett
422 893 72 18 annat
517 894 25 17 är
561 890 74 29 enligt
653 890 207 30 bestämningarna
879 891 7 20 i

128 926 41 19 art.
189 924 48 21 317
257 924 8 21 i
283 924 174 29 Kejsardömets
475 924 39 29 lag
533 924 100 28 tilläten,
646 925 7 21 i
667 925 106 21 afseende
790 925 97 22 hvartill

128 959 77 28 någon
233 958 128 29 anledning
387 958 52 22 icke
466 958 125 23 förefinnes
619 962 35 19 att
681 960 102 21 förmena
811 960 75 21 finske

127 996 126 18 värnemän
272 993 75 22 denna
365 993 120 29 rättighet.

197 1057 46 20 Art.
265 1057 50 21 240,
344 1056 47 21 Det
409 1057 8 20 i
435 1056 138 22 vidstående
593 1057 83 21 artikel
689 1057 123 21 faststälda
825 1057 62 21 stad-

128 1089 90 29 gandet
244 1091 85 20 saknas
351 1091 50 20 helt
420 1091 43 21 och
481 1091 73 21 hållet
572 1091 8 21 i
599 1091 44 21 den
663 1091 75 22 finska
756 1091 69 28 lagen
844 1091 44 21 och

127 1124 9 21 i
153 1124 168 29 förordningen
339 1125 36 21 för
395 1125 223 22 Storfurstendömet
637 1125 22 22 af
677 1126 26 21 år
718 1126 61 21 1882
791 1126 42 21 N:o
848 1126 38 21 22.

127 1159 112 21 Komitén
267 1159 42 21 har
332 1159 64 22 velat
423 1159 106 29 tillämpa
557 1159 127 22 detsamma
709 1161 12 20 å
745 1160 39 21 det
811 1160 77 21 finska

126 1193 157 28 landtvärnet,
303 1193 51 22 med
373 1194 136 28 anslutning
531 1194 39 21 till
587 1194 130 22 innehållet
735 1194 22 21 af
775 1197 43 19 art.
839 1195 49 20 318

126 1227 9 22 i
165 1227 173 29 Kejsardömets
370 1228 147 29 författning,
544 1229 101 22 hvarvid
671 1228 112 22 Komitén
811 1231 77 19 ansett

127 1262 179 28 ifrågavarande
333 1262 149 29 bestämning
504 1265 83 26 utgöra
607 1266 34 19 ett
659 1263 72 22 bland
749 1263 28 22 de
795 1265 93 20 väsent-

126 1296 86 29 ligaste
230 1297 161 28 stadgandena
410 1297 147 22 beträffande
574 1297 157 22 landtvärnet.

199 1355 46 21 Art.
267 1357 45 19 241.
349 1355 12 21 1
379 1355 109 28 gällande
507 1355 76 22 finska
601 1356 39 28 lag
653 1359 26 18 är
691 1355 121 28 terminen,
825 1355 62 21 inom

127 1388 97 22 hvilken
241 1389 151 22 landtvärnet
410 1389 42 22 bör
470 1389 102 22 inkallas
591 1389 43 22 och
643 1392 128 27 uppsättas,
784 1389 52 22 icke
847 1397 40 13 an-

127 1423 88 28 gifven,
234 1424 43 21 och
296 1424 43 21 har
357 1424 110 21 Komitön
487 1424 64 29 förty
569 1426 77 20 ansett
663 1424 84 28 nödigt
759 1426 35 20 att
803 1431 84 21 genom

127 1458 44 21 här
187 1458 140 28 föreslagna,
346 1458 8 21 i
372 1458 140 29 fullständig
532 1458 237 22 öfverensstämmelse
781 1458 53 22 med
846 1460 41 19 art.
