1111 1792
260 159 30 21 92

224 224 58 32 REN
298 227 47 21 Den
370 228 74 21 finske
472 230 189 26 representanten
682 228 43 21 har
742 227 135 27 framhållit,
897 229 35 20 att
950 228 30 28 pä

226 261 113 29 frivillige
358 262 70 22 borde
446 262 9 21 i
472 262 121 22 moraliskt
610 262 131 22 hänseende
759 261 81 22 ställas
859 264 120 26 strängare

224 295 133 29 fordringar
383 300 28 17 än
438 297 30 28 på
486 296 52 21 dem
556 303 48 14 som
622 296 94 21 inträda
734 296 8 21 i
759 296 73 28 tjenst
850 296 59 21 efter
926 296 53 21 lott-

224 330 65 29 ning,
299 330 105 22 hvarföre
422 331 47 21 han
486 331 64 21 velat
567 330 119 22 bibehålla
698 331 14 26 8
726 330 28 21 91
770 331 8 20 i
790 330 111 29 gällande
909 330 70 27 kraft,

224 371 54 14 men
295 364 43 22 har
355 364 111 22 Komitén
483 365 51 21 icke
552 365 92 22 kunnat
656 365 81 21 förena
749 365 36 28 sig
795 364 86 28 härom,
893 364 87 22 allden-

225 399 73 21 stund
316 399 46 22 alla
379 399 133 29 ynglingar,
531 407 49 14 som
598 400 73 21 önska
688 399 93 22 inträda
799 399 9 21 i
820 399 73 28 tjenst
905 399 75 21 såsom

224 433 113 28 frivillige
363 434 8 21 i
398 433 44 22 den
468 434 70 28 ryska
562 433 86 28 armén,
669 434 84 21 hvaraf
771 433 68 22 äfven
858 433 28 22 de
904 433 76 22 finska

224 470 127 26 trupperna
377 470 84 27 utgöra
484 476 28 13 en
531 468 42 27 del,
593 468 75 29 enligt
685 467 123 23 Komiténs
827 468 78 27 tanke,
923 468 57 21 böra

224 509 44 21 ega
287 510 85 14 samma
395 503 125 21 moraliska
538 503 55 21 halt.
629 503 34 21 På
681 502 76 29 grund
775 502 68 21 häraf
860 503 72 20 måste
950 502 28 21 do

225 537 205 28 omständigheter,
448 545 48 14 som
514 539 86 26 utgöra
617 537 83 22 hinder
717 537 36 21 för
771 537 92 21 inträde
881 537 8 20 i
907 537 72 28 tjenst

224 571 75 21 såsom
316 571 98 29 frivillig
432 571 41 22 vid
491 571 28 22 de
536 571 76 22 finska
630 574 132 26 trupperna,
780 579 58 13 vara
856 571 122 26 desamma,

224 613 49 14 som
291 605 71 29 lägga
379 605 83 22 hinder
480 607 7 20 i
506 610 75 24 vägen
599 606 36 21 för
647 606 92 21 inträde
753 605 41 22 vid
804 605 175 29 Kejsardömets

225 639 74 29 öfriga
317 643 100 26 trupper.

296 710 45 21 Art.
372 711 46 20 126.
456 709 49 22 Art.
527 710 46 21 173
594 710 7 20 i
620 709 174 29 Kejsardömets
812 709 39 28 lag
871 716 54 21 eger
942 709 36 20 sin

224 743 169 29 motsvarighet
411 744 8 21 i
438 745 13 25 $
470 744 30 21 92
521 744 23 21 af
562 744 45 21 den
624 744 76 21 finska
712 744 75 28 lagen,
796 751 53 14 men
862 743 29 21 dä
905 743 73 21 öfver-

224 777 189 22 ensstämmelsen
432 778 51 21 icke
502 782 25 17 är
536 778 144 29 fullständig,
694 778 96 21 föreslår
799 777 112 22 Komiten
919 780 35 18 att
965 778 13 25 S

227 812 30 21 92
277 812 50 21 helt
345 812 42 21 och
405 812 73 21 hället
496 813 60 28 finge
572 813 65 28 gifva
649 820 51 14 rum
709 813 36 21 för
755 814 42 20 art.
810 813 47 20 173
868 812 8 21 i
885 812 94 28 Kejsar-

225 846 89 21 dömets
341 847 44 27 lag.
421 846 35 21 De
482 847 181 28 hufvudsakliga
688 847 132 28 grunderna
843 846 78 21 härför
940 849 38 18 äro

224 881 113 28 följande:

294 915 169 29 Värnepligten
479 918 92 25 utgöres
589 916 30 27 pä
638 918 84 19 tvenne
741 917 55 19 sätt:
815 916 30 27 pä
863 914 76 28 grund
955 914 23 22 af

224 949 105 29 lottning
346 950 56 20 eller
419 950 75 21 såsom
511 949 105 29 frivillig.
643 950 12 20 I
674 950 42 20 allt
734 957 47 14 som
801 949 73 27 angår
890 948 28 21 de
927 948 52 22 huf-

225 983 140 29 vudsakliga
382 984 132 28 grunderna
527 984 35 22 för
580 984 174 28 värnepligtens
773 983 129 29 utgörande
921 983 58 21 efter

224 1017 111 29 lottning,
353 1018 43 21 har
413 1018 119 27 Komitön,
550 1018 77 22 sävidt
644 1018 97 29 möjligt,
760 1018 69 28 bragt
847 1017 45 21 den
903 1017 75 21 finska

224 1052 216 28 värnepligtslagen
458 1053 9 21 i
486 1052 237 22 öfverensstämmelse
741 1052 52 22 med
805 1052 173 28 Kejsardömets

223 1086 148 29 författning,
394 1087 42 21 och
458 1087 73 21 finnes
550 1088 39 21 det
607 1087 89 21 derföre
714 1087 51 21 icke
783 1088 73 26 något
875 1086 50 21 skäl
944 1088 35 19 att

224 1120 119 22 bibehälla
361 1121 39 21 det
419 1121 71 21 andra
508 1124 71 20 sättet
598 1124 34 19 att
649 1124 84 25 utgöra
751 1121 163 28 värnepligten
926 1120 52 22 obe-

225 1154 65 22 rördt
318 1156 23 20 af
367 1156 163 28 fordringarna
551 1157 8 21 i
580 1156 144 21 sistnämnda
750 1155 147 28 författning.
936 1152 43 23 Er-

225 1190 119 21 sättandet
363 1190 22 21 af
404 1191 12 25 $
436 1190 31 21 92
485 1190 52 21 med
556 1193 41 19 art.
619 1190 46 21 173
685 1190 107 28 betingas
807 1190 117 20 dessutom
932 1193 47 17 sär-

225 1224 74 21 skildt
316 1225 21 27 ej
356 1224 89 22 mindre
465 1224 22 22 af
504 1224 206 28 nödvändigheten
728 1226 35 20 att
781 1224 68 21 äfven
861 1224 9 20 i
884 1223 44 21 den
937 1223 42 21 fin-

223 1258 44 21 ska
285 1258 214 29 värnepligtslagen
517 1259 77 21 indela
613 1259 27 21 de
658 1258 112 29 frivillige
788 1258 8 21 i
815 1261 85 19 tvenne
915 1257 64 21 kate-

223 1292 84 28 gorier,
326 1293 8 21 i
352 1293 104 28 enlighet
479 1294 52 20 med
552 1294 45 20 den
616 1293 22 21 af
656 1293 112 21 Komitön
785 1292 72 22 redan
877 1294 103 26 antagna

223 1334 48 20 nya
289 1326 153 30 indelningen
456 1327 23 21 af
492 1328 27 20 de
531 1328 76 21 finska
616 1327 195 22 läroanstalterna
822 1328 9 20 i
840 1326 139 28 kategorier,

224 1364 31 18 än
279 1361 69 21 äfven
370 1362 24 21 af
412 1362 28 21 de
458 1362 62 22 förut
537 1362 132 28 föreslagna
687 1369 47 21 nya
752 1360 228 31 tjensteterminerna

223 1395 36 21 för
277 1396 139 28 uppbädade
434 1396 80 22 finnar.
