1109 1770
852 137 12 20 7

143 205 176 29 paragrafernas
336 204 200 23 sammanstående
549 205 8 21 i
569 205 216 28 värnepligtslagen
798 205 36 21 för
846 205 56 20 Fin-

143 239 70 22 land?
243 239 67 22 Huru
333 239 74 22 skulle
427 239 39 21 det
483 240 31 27 gå
532 239 52 22 med
603 242 16 18 t.
638 247 34 13 ex.
691 239 70 28 tyska
778 239 68 28 riket,
864 246 38 14 om

143 274 105 28 bayrare,
267 273 106 22 sachsare
399 273 42 22 och
464 273 74 22 andra
555 273 82 29 tyskar
655 273 67 29 hyste
741 281 86 14 samma
845 281 57 21 upp-

144 308 104 28 fattning
273 315 36 14 om
333 309 51 20 sina
407 308 103 21 militära
535 307 162 29 skyldigheter
715 315 49 14 som
781 307 121 22 finnarne?

144 342 133 29 Tysklands
296 343 101 21 militära
415 343 66 21 makt
498 349 56 15 vore
572 343 152 28 naturligtvis
739 343 22 21 af
777 343 71 28 ingen
864 342 38 21 be-

144 377 97 28 tydelse,
267 384 36 15 om
330 377 99 28 Bayern,
449 376 103 23 Sachsen
571 377 43 21 och
633 377 73 21 andra
725 377 37 21 till
780 377 62 21 riket
859 376 42 22 hö-

144 411 71 22 rande
234 414 71 19 stater
323 411 56 22 ville
397 411 98 29 bidraga
514 411 37 22 till
569 411 73 22 rikets
660 411 90 22 försvar
768 411 82 22 endast
862 418 39 21 ge-

144 453 54 14 nom
225 445 112 22 försvaret
364 446 23 21 af
414 446 51 21 sina
489 453 61 21 egna
571 449 96 25 gränser
688 445 43 22 och
751 446 67 21 äfven
838 445 64 21 detta

145 480 82 22 endast
253 480 30 21 dä
310 480 131 22 omedelbar
467 480 51 22 fara
546 480 84 21 hotade
655 480 122 22 desamma.
813 480 46 21 Det
877 483 26 18 är

144 515 45 21 lätt
208 516 35 20 att
260 514 118 22 föreställa
397 515 35 28 sig
445 514 39 22 det
496 514 106 29 mäktiga
615 514 80 29 Ryska
708 515 117 21 Zarrikets
838 514 64 22 ställ-

144 550 65 28 ning,
228 556 37 14 om
283 549 114 28 polacker,
417 551 94 26 tatarer,
531 549 122 27 Sibiriens,
670 546 233 32 Östersjöprovinser-

144 592 43 13 nas
205 583 43 22 och
267 584 112 21 särskilda
399 583 73 22 andra
485 586 205 26 guvernementers
704 584 141 21 innevänare
855 583 47 21 till-

146 617 88 29 egnade
262 618 35 28 sig
323 618 118 22 finnarnes
464 618 62 28 äsigt
544 620 35 19 att
597 618 84 21 endast
698 620 53 26 eget
768 618 56 21 land
843 617 60 22 skall

144 652 116 22 försvaras
279 652 43 22 och
340 660 55 14 vore
414 652 83 29 villiga
516 655 35 19 att
569 653 48 28 gäi
631 652 60 29 krig,
705 652 44 22 den
763 660 44 14 ena
820 652 82 21 endast

146 687 35 21 för
203 689 34 19 att
262 687 103 21 försvara
383 687 137 27 Warschau,
540 686 44 22 den
603 686 74 22 andra
694 687 53 27 Ufa,
765 687 45 21 den
829 686 73 29 tredje

146 721 62 29 Riga
227 728 18 14 o.
264 729 16 13 s.
299 729 21 14 v.

214 756 231 28 Värnepligtslagens
470 756 13 26 $
506 756 14 20 2
545 763 66 14 anses
631 756 84 28 jemväl
734 756 35 20 för
787 754 116 30 grundlag

145 790 7 20 i
172 790 107 21 Finland.

216 825 43 21 Att
285 824 68 22 döma
374 824 24 22 af
420 824 76 22 denna
520 825 12 26 $
551 832 54 14 vore
624 824 45 21 den
687 824 117 21 allmänna
822 827 81 18 värne-

147 859 90 28 pligten
255 858 77 22 införd
350 859 8 21 i
373 858 103 22 Finland
489 858 136 27 tillsvidare,
639 859 127 28 vilkorligt.
794 858 110 21 Emeller-

147 893 35 21 tid
207 897 26 17 är
251 893 38 21 det
307 893 25 28 ju
350 893 81 27 kändt,
451 895 34 19 att
504 893 162 28 värnepligten
684 893 105 21 hvarken
807 893 8 20 i
833 893 71 28 Ryss-

147 927 56 22 land
221 927 56 22 eller
295 927 100 22 Finland
414 927 83 22 införts
516 928 74 21 säsom
610 935 29 13 en
657 927 141 29 provisorisk
814 926 89 29 ätgärd,

147 964 57 19 utan
231 961 120 30 päbjudits
375 964 58 19 utan
450 962 75 27 några
543 969 50 14 som
611 961 61 22 helst
689 961 120 28 förbehåll,
829 962 76 21 såsom

147 1003 29 14 en
203 996 108 29 oafvislig
338 996 76 21 tidens
442 996 101 27 fordran,
568 996 42 21 och
635 1000 25 17 är
679 996 38 21 det
736 995 88 22 derföre
843 995 62 22 klart

148 1033 35 19 att
209 1030 52 22 med
288 1030 45 22 den
359 1031 134 28 personliga
520 1031 175 28 värnepligtens
713 1029 192 30 proklamerande

147 1065 72 28 nägot
237 1068 71 19 annat
328 1068 83 25 system
432 1065 51 22 icke
503 1065 46 22 kan
569 1073 66 14 anses
654 1065 151 22 existerande.

216 1099 219 29 Indelningsverket
465 1099 116 22 bibehölls
607 1100 9 21 i
642 1099 102 22 Finland
772 1099 23 22 af
821 1099 85 28 Kejsar

148 1133 131 22 Alexander
298 1134 17 27 I,
334 1141 52 15 men
399 1134 42 21 har
454 1134 8 21 i
474 1134 85 29 sjelfva
571 1134 83 21 verket
666 1134 79 21 blifvit
758 1134 53 29 föga
820 1133 86 22 tilläm-

147 1168 74 28 padt..
247 1168 81 22 Redan
355 1176 82 21 genom
465 1169 136 21 Manifestet
625 1169 23 21 af
666 1169 25 21 är
717 1169 64 21 1810
800 1168 54 27 (den
875 1168 29 21 15

147 1202 71 27 Mars)
242 1203 48 21 blef
311 1203 191 28 militärpligtens
521 1203 131 28 utgörande
670 1203 75 28 enligt
762 1203 144 27 indelnings-

147 1237 82 22 verket
248 1237 174 29 suspenderadt,
441 1238 30 27 pä
490 1237 40 22 det
548 1237 80 22 landet
645 1238 72 21 mätte
732 1237 95 22 beredas
842 1236 64 22 hvila

148 1271 43 22 och
218 1271 122 30 möjlighet
364 1272 38 21 till
424 1272 123 21 finansiela
568 1272 175 29 besparningar,
762 1272 42 21 och
822 1278 84 23 genom

148 1308 34 19 ett
211 1309 71 18 annat
299 1306 110 21 Manifest
430 1306 23 22 af
471 1306 46 21 den
536 1307 32 21 20
587 1306 50 22 Juli
656 1314 87 14 samma
761 1307 26 20 är
804 1305 102 23 infördes

147 1340 8 20 i
174 1340 79 22 stället
271 1340 35 22 för
324 1340 77 22 denna
419 1343 74 25 tunga
512 1340 45 22 den
575 1348 17 13 s.
611 1340 22 22 k.
647 1340 197 28 vakansafgiften,
858 1347 49 14 som

147 1374 38 21 till
210 1376 40 20 sitt
278 1374 84 30 belopp
389 1382 42 14 var
457 1375 95 28 mycket
571 1375 100 29 mättlig,
694 1375 4 21 i
717 1374 40 22 det
773 1374 134 22 densamma

147 1409 107 29 utgjorde
274 1409 83 21 endast
374 1409 91 21 hälften
484 1410 23 20 af
523 1409 62 22 hvad
598 1409 146 22 underhället
757 1410 22 20 af
792 1417 28 13 en
833 1408 74 29 krigs-

147 1450 54 14 man
229 1443 102 22 kostade.
368 1443 55 22 Med
451 1444 128 28 anledning
604 1444 23 21 af
648 1444 145 28 Krimkriget
811 1442 97 28 (förord-
