1111 1781
268 152 31 20 58

302 221 47 20 Art.
369 221 48 20 109.
446 219 187 22 Kommendören
645 219 37 21 för
693 219 76 21 finska
782 219 209 29 dragonregemen-

232 256 35 19 tet
285 255 45 21 och
348 253 214 22 Kommendörerna
580 253 36 22 för
634 253 28 21 de
678 253 75 22 finska
766 254 225 28 skarpskyttebatal-

233 290 105 28 jonerna,
358 289 118 21 äfvensom
495 288 8 21 i
521 288 161 28 befattningar
700 287 40 22 vid
758 288 28 21 de
799 288 75 21 finska
889 289 102 21 militära

233 323 150 28 styrelserna,
402 322 143 22 anstalterna
563 321 44 22 och
619 322 189 28 inrättningarna
821 323 106 21 anstälde
941 323 49 22 offi-

234 365 84 19 cerare,
338 357 80 21 hvilka
431 361 40 17 äro
484 356 134 29 infödingar
630 357 35 20 uti
679 356 27 21 de
719 357 76 21 finska
807 357 76 27 länen,
896 357 94 21 inskrif-

233 399 47 20 vas,
300 392 7 21 i
332 391 111 22 händelse
462 391 27 21 de
508 393 56 19 utan
584 398 57 21 egen
661 390 110 22 anhållan
789 391 131 28 entledigas
938 391 52 22 från

233 426 142 28 befattning,
393 425 40 22 vid
451 433 107 14 reserven
577 425 75 28 enligt
671 425 117 21 allmänna
805 425 109 28 grunder.

301 484 48 21 Art.
370 485 43 19 110.
454 479 69 25 Öfver
551 482 72 21 stabs-
652 482 42 21 och
722 483 192 27 öfverofficerare,
941 491 49 13 som

232 517 128 22 inskrifvas
377 517 40 21 vid
436 524 113 20 reserven,
569 517 61 21 föras
648 517 151 21 summariska
817 516 43 22 och
873 517 117 22 namnför-

233 552 140 28 teckningar
397 551 40 21 vid
461 551 86 21 Staben
567 551 35 21 för
620 551 145 21 Finländska
783 551 208 22 militärdistriktet

233 586 75 29 enligt
328 586 24 21 af
369 585 392 22 Distriktsmilitärbefälhafvarene
779 585 106 22 lemnade
897 586 93 28 uppgif-

233 623 41 18 ter.
311 616 33 25 Ät
368 619 99 22 nämnde
492 619 118 22 officerare
635 619 105 22 utfärdas
761 619 119 22 faststäldt
904 628 86 13 reserv-

233 655 77 29 intyg;
336 655 25 21 ät
379 654 27 21 de
425 661 28 14 ur
472 654 65 21 aktiv
555 655 72 28 tjenst
646 653 147 29 entledigade
812 667 32 2 —
863 654 23 22 af
905 654 28 22 de
951 655 39 21 be-

232 689 136 27 fälhafvare,
387 688 81 22 hvilka
486 688 102 22 utlemna
607 688 145 22 afskedsbref
765 688 43 22 och
821 691 103 25 attester,
937 697 52 13 men

234 724 24 21 ät
284 724 46 21 alla
352 723 73 29 öfrige
448 736 32 2 —
504 723 23 21 af
545 723 88 21 Staben
651 722 37 22 för
705 723 145 21 Finländska
868 723 122 22 militärdi-

233 758 101 21 striktet.

302 816 47 20 Art.
369 817 40 19 111.
446 815 43 21 Ett
507 814 161 29 sammandrag
687 814 64 22 öfver
769 814 89 22 antalet
871 814 117 22 officerare

231 850 44 21 och
302 850 141 28 tjenstemän
469 849 41 21 vid
537 856 107 14 reserven
665 849 108 21 insändes
795 849 23 21 af
843 849 87 21 Staben
953 850 36 21 för

232 884 144 22 Finländska
393 883 208 22 militärdistriktet
619 883 37 21 till
675 883 185 22 Hufvudstaben.

300 947 47 21 Art.
368 948 44 20 112.
449 946 48 21 Vid
515 954 106 13 reserven
640 946 105 21 anstälde
765 946 117 22 officerare
898 954 43 20 ega
954 949 35 19 att

231 982 9 20 i
258 981 52 27 alla,
335 980 66 22 deras
420 981 102 21 militära
540 980 248 29 tjensteförhällanden
807 980 98 22 rörande
924 984 65 18 ären-

231 1016 44 21 den
300 1014 78 23 vända
405 1015 36 28 sig
467 1015 37 21 till
527 1014 398 28 Distriktsmilitärbefälhafvarene;
952 1015 37 21 till

231 1050 66 21 desso
317 1049 157 22 befälhafvare
493 1049 99 21 insända
610 1049 28 21 de
656 1050 86 28 jemväl
760 1050 46 21 alla
823 1049 116 29 lagenligt
955 1057 33 13 er-

231 1084 129 28 forderliga
381 1084 129 28 uppgifter:
530 1091 36 14 om
586 1084 66 21 deras
671 1084 137 28 boningsort
826 1084 43 21 och
888 1091 37 14 om
943 1086 46 19 sta-

231 1118 144 30 digvarande
395 1119 42 21 och
456 1119 115 28 tillfälligt
590 1119 93 28 ombyte
702 1119 23 21 af
743 1119 139 27 densamma,
902 1126 36 14 om
954 1119 35 21 in-

231 1153 66 22 träde
320 1153 8 22 i
352 1153 55 22 civil
426 1154 73 28 tjenst
517 1161 37 13 om
571 1153 125 21 befordran
715 1153 7 21 i
741 1153 140 26 densamma,
901 1161 37 14 om
956 1153 32 22 af-

230 1189 65 28 gäng
317 1195 28 14 ur
367 1188 70 28 sagda
460 1188 78 29 tjenst,
560 1190 60 19 samt
638 1195 37 14 om
693 1188 139 28 utnämning
850 1187 38 22 till
905 1187 84 22 befatt-

231 1223 91 28 ningar,
341 1229 49 14 som
407 1222 74 21 befria
500 1221 51 22 dem
568 1222 52 21 frän
634 1222 135 21 inkallande
781 1222 36 21 till
830 1222 66 22 aktiv
908 1223 81 28 tjenst-

231 1258 94 28 göring;
350 1257 112 21 likaledes
481 1257 101 21 inlemna
601 1256 28 21 de
648 1257 68 28 intyg
734 1257 65 21 öfver
817 1256 119 22 förhinder
953 1256 36 22 för

232 1292 52 21 dem
306 1294 35 19 att
362 1291 8 21 i
393 1291 42 22 fall
459 1291 23 22 af
501 1291 96 21 kallelse
616 1291 89 21 infinna
724 1291 35 28 sig
777 1291 37 21 till
832 1291 157 29 tjenstgöring

232 1326 56 22 eller
306 1326 37 21 till
362 1326 179 28 öfningsmöten.

300 1391 47 20 Art.
367 1391 44 20 113.
449 1389 194 22 Reservfänrikar
655 1388 100 22 inkallas
767 1389 37 21 till
817 1389 172 28 öfningsmöten

231 1425 9 20 i
258 1423 99 23 fredstid
375 1423 74 29 enligt
467 1423 29 22 de
515 1423 37 22 till
570 1425 42 20 art.
633 1423 50 21 783
703 1423 62 22 band
776 1423 45 21 VII
839 1423 24 22 af
875 1423 49 22 Mil.
936 1423 52 22 förf.

232 1459 63 21 saml.
315 1459 24 21 af
357 1459 25 20 är
403 1458 63 21 1869
486 1457 95 30 bilagda
600 1458 82 28 regler.
