1109 1764
817 159 31 20 63

129 226 216 29 Krigsministeriet.
381 227 34 21 På
442 227 77 27 grund
545 226 67 22 häraf
635 226 42 22 har
695 226 118 28 Komitén,
832 226 51 22 med

131 260 160 22 bibehållande
319 261 22 21 af
360 262 13 25 $
392 261 33 21 40
444 261 8 21 i
470 268 31 14 nu
519 261 110 28 gällande
647 261 76 21 finska
741 262 46 28 lag,
807 263 77 19 ansett

128 295 83 29 nödigt
233 295 192 28 förfullständiga
443 295 134 22 densamma
595 295 53 21 med
667 296 98 22 anförda
783 296 99 21 bestäm-

128 330 57 28 ning
203 330 8 21 i
229 333 42 18 art.
290 330 32 21 80
341 330 24 21 af
383 329 174 29 Kejsardömets
576 330 46 28 lag.

196 399 47 21 Art.
265 400 36 20 58.
337 398 100 22 Jemlikt
456 401 41 19 art.
519 398 29 21 79
567 398 8 22 i
589 398 174 29 Kejsardömets
775 398 40 29 lag
828 398 56 22 böra

128 433 87 29 förslag
223 433 38 21 till
272 432 99 29 ändring
381 433 24 21 af
414 432 72 22 redan
496 432 93 22 bildade
598 432 218 30 uppbädsomräden
822 432 62 22 hem-

130 467 79 21 ställas
227 467 38 21 till
283 467 146 21 stadfästelse
449 467 22 21 af
487 467 100 22 Inrikes-
602 466 42 22 och
657 467 227 28 Krigsministrarne.

128 502 105 21 Emedan
251 502 8 21 i
271 502 102 21 Finland
386 502 45 21 den
451 502 71 21 civila
531 502 174 28 förvaltningen
715 501 170 22 omhänderhas

130 536 23 22 af
166 536 107 28 Senaten,
286 536 41 22 har
339 536 113 22 Komiten
465 539 76 18 ansett
551 536 177 28 ifrågavarande
738 536 146 22 stadfästelse

128 571 55 21 böra
210 571 40 20 ske
277 571 57 21 efter
361 570 231 22 öfverenskommelse
617 571 86 21 mellan
721 570 102 22 Senaten
841 570 42 22 och

128 605 199 28 Krigsministern.
363 605 11 21 I
393 605 128 28 anledning
539 605 23 21 af
578 607 201 26 representantens
792 605 36 21 för
840 605 45 21 den

129 639 74 22 finska
222 639 218 22 administrationen
458 639 147 29 invändning
625 639 118 29 angäende
757 639 127 29 oegentlig-

128 674 69 21 heten
216 674 23 21 af
256 674 179 28 bestämningen
453 676 36 19 att
507 674 102 22 Senaten
627 674 41 21 vid
685 674 106 22 fattande
811 674 23 21 af
846 674 39 21 be-

129 708 46 21 slut
193 708 70 22 borde
282 709 35 21 stä
335 709 8 21 i
360 708 114 22 beroende
487 708 24 22 af
523 709 206 28 Krigsministerns
742 708 73 28 bifall,
829 708 56 22 ville

128 742 111 22 Komitön
261 742 70 22 hafva
350 743 107 21 anmärkt
476 745 35 19 att
530 743 113 21 Senatens
662 742 140 29 befogenhet
820 743 66 28 inga-

128 777 73 21 lunda
218 778 115 28 förringas
346 777 140 28 derigenom,
500 780 35 19 att
547 777 102 22 Senaten
662 777 124 21 stadfäster
798 778 87 27 nägon-

130 811 51 28 ting
201 812 16 26 (i
236 812 65 21 detta
318 812 42 21 fall
372 812 88 28 förslag
470 812 37 21 till
517 812 100 28 ändring
627 811 23 22 af
660 812 224 28 uppbädsomräden)

129 846 58 21 efter
199 846 62 22 förut
277 846 85 22 träffad
375 846 230 22 öfverenskommelse
618 846 52 21 med
683 846 200 28 Krigsministern.

197 916 46 20 Art.
265 916 35 20 59.
337 914 112 22 Komiten
467 914 43 22 har
529 918 76 18 ansett
623 916 36 28 sig
672 916 79 21 kunna
764 915 49 21 läta
826 916 12 25 $
851 914 32 21 46

129 949 7 21 i
155 956 31 14 nu
204 949 107 28 gällande
330 949 75 21 finska
417 950 40 27 lag
469 949 102 28 kvarstä,
585 957 37 14 om
633 950 42 22 och
684 950 52 21 med
746 950 73 28 nägra
829 949 55 21 änd-

128 983 87 28 ringar;
235 984 97 21 sålunda
350 983 43 22 har
411 983 39 22 det
468 987 16 18 t.
503 992 34 13 ex.
557 986 87 20 ansetts.
663 984 69 28 högst
751 983 132 27 önskvärdt,

129 1020 35 19 att
181 1018 378 22 Distriktsmilitärbefälhafvaren
576 1019 68 28 ingär
665 1020 74 22 säsom
757 1018 102 22 ledamot
877 1018 7 20 i

128 1052 169 22 länenämnden
316 1053 112 27 (motiven
446 1053 36 21 för
500 1053 120 21 införande
634 1054 23 21 af
673 1052 212 23 Distriktsmilitär-

128 1086 157 22 befälhafvare
303 1087 75 21 finnas
397 1087 96 29 angifna
512 1088 8 21 i
537 1088 160 28 förklaringen
711 1088 34 22 till
758 1090 43 20 art.
816 1087 47 21 145
876 1086 9 21 i

128 1121 126 28 förslaget).
290 1122 122 21 Dessutom
432 1121 42 22 har
492 1122 112 22 Komiten
623 1125 71 19 ersatt
712 1122 174 27 benämningen

130 1155 165 28 ySekreterare*
304 1156 52 21 med
365 1156 121 28 uttrycket
497 1156 320 29 ,expeditionssekreterare*,
825 1156 60 21 hvil-

128 1190 40 21 ket
186 1190 123 22 äterfinnes
328 1191 7 21 i
355 1190 44 22 den
418 1193 48 19 mot
479 1192 12 26 $
502 1191 32 21 46
548 1191 114 21 svarande
676 1194 41 18 art.
729 1192 29 21 81
773 1192 8 20 i
791 1191 95 29 Kejsar-

129 1224 87 22 dömets
235 1224 46 29 lag.

197 1295 46 20 Art.
265 1295 35 20 60.
337 1294 83 28 Enligt
438 1294 143 22 innebörden
600 1295 23 21 af
639 1296 13 25 $
666 1295 31 21 42
711 1295 8 21 i
731 1303 32 14 nu
775 1295 111 28 gällande

128 1327 75 22 finska
221 1328 40 28 lag
273 1331 25 18 är
309 1328 226 29 uppbädsnämnden
546 1337 134 20 gemensam
692 1329 36 22 för
740 1330 75 21 länets
828 1337 58 20 upp-

129 1361 173 30 bädsomräden,
321 1370 53 13 men
393 1370 36 14 om
447 1363 65 22 länet
525 1367 24 17 är
561 1363 138 28 vidsträckt,
713 1364 46 21 kan
771 1364 40 21 det
821 1363 64 22 inde-

128 1397 34 20 las
180 1396 9 21 i
206 1399 86 19 tvenne
313 1397 204 28 uppbädsdistrikt
536 1397 42 22 och
597 1398 62 21 inom
677 1397 80 30 hvarje
776 1399 23 21 af
818 1398 67 21 dessa

128 1431 99 21 inrättas
247 1439 28 14 en
293 1431 101 22 särskild
412 1431 201 29 uppbädsnämnd.
643 1432 50 22 Art.
708 1433 31 21 60
752 1433 8 21 i
772 1433 114 27 förslaget

128 1465 42 21 har
189 1465 22 22 af
223 1465 112 22 Komiten
347 1466 148 22 formulerats
509 1466 51 22 med
575 1467 137 28 anslutning
722 1467 86 27 härtill,
819 1466 68 22 hvar-
