1111 1781
278 156 33 20 34

241 225 85 28 jemväl
353 225 98 29 bidraga
478 225 37 21 till
541 225 189 29 Kejsaredömets
757 225 102 22 försvar”
885 226 22 26 (8
934 226 66 27 128;,

241 259 107 22 hvarföre
376 259 69 22 också
473 259 40 22 det
537 259 75 22 finska
630 259 153 23 landtvärnet
801 260 78 21 kunde
898 260 101 22 inkallas

241 293 83 22 endast
348 293 35 22 till
401 294 199 21 fäderneslandets
619 294 91 22 försvar
728 294 61 22 blott
809 294 53 29 ,vid
880 294 117 29 fiendtligt

240 328 67 22 infall
326 329 8 20 i
352 328 139 22 detsamma*
511 329 22 26 ($
553 329 47 26 20).

312 362 76 23 Sedan
407 363 226 28 värnepligtslagens
652 363 128 29 vigtigasto
798 363 135 29 paragrafer
945 363 54 21 blif-

240 397 36 21 vit
303 397 110 22 affattade
437 398 9 21 i
470 397 43 22 full
540 397 238 22 öfverensstämmelse
802 397 52 22 med
878 397 27 22 de
923 397 74 22 finske

240 434 171 19 statsmännens
430 431 43 22 och
491 431 119 23 ledarenes
629 432 150 29 önskningar,
799 431 55 22 ville
873 431 124 22 ständerna

240 466 91 22 befästa
349 465 44 22 den
412 467 119 28 ställning,
549 474 50 14 som
617 466 136 29 härigenom
768 466 49 22 blef
829 467 95 28 skapad,
937 470 60 18 samt

240 501 91 21 beslöto
358 501 8 21 i
391 501 84 22 sädant
493 501 60 28 syfte
572 501 93 22 anhälla
684 503 35 20 att
738 501 165 29 paragraferna
922 501 75 21 skulle

239 535 111 28 tilläggas
368 535 256 29 grundlagsbetydelse.

308 569 193 29 Krigsministern
530 569 85 23 Grefve
643 570 104 29 Miljutin
769 569 128 29 tillstyrkte
916 573 80 18 värne-

238 604 153 29 pligtslagens
409 605 36 21 för
463 604 101 22 Finland
582 604 160 22 stadfästande
760 604 8 21 i
786 604 46 21 den
851 604 65 27 form,
929 603 66 22 hvari

238 638 132 22 densamma
390 639 47 21 blef
457 641 99 26 antagen
575 639 23 22 af
618 639 129 21 1877—78
760 639 36 21 års
809 638 120 29 landtdag,
943 645 52 14 men

238 673 84 22 härvid
346 673 42 22 bör
406 673 100 22 märkas:
528 675 43 24 1:0)
591 676 35 19 att
643 673 47 22 han
709 673 50 22 icke
779 673 78 22 blifvit
876 673 119 21 underrät-

239 707 41 22 tad
298 715 38 14 om
354 710 35 19 att
407 708 126 22 ständerna
551 708 64 21 velat
634 708 69 21 hafva
722 715 28 14 en
769 707 37 22 del
823 708 23 21 af
858 707 69 29 lagen
939 707 56 22 hän-

237 741 53 22 förd
317 742 36 21 till
381 742 185 29 grundlagarna;
592 743 48 28 2:0)
668 745 35 19 att
721 743 46 21 han
785 743 40 27 gaf
843 743 41 21 sitt
902 741 66 22 bifall
987 742 9 21 i

239 776 152 22 betraktande
409 777 72 28 deraf,
500 778 74 20 såsom
592 777 46 21 han
656 777 53 29 sjelf
720 777 69 27 skref,
803 779 34 19 att
850 777 81 28 sjelfva
943 780 51 17 vär-

237 811 179 28 nepligtslagen,
429 811 92 29 jemlikt
534 811 137 22 ständernas
680 811 146 28 hemställan,
841 811 74 21 skulle
931 811 62 21 stad-

238 845 70 22 fästas
336 848 35 19 att
394 846 63 28 gälla
481 846 153 29 provisoriskt
652 845 43 23 och
713 845 153 22 underkastas
884 845 108 26 revision,

236 879 72 22 sedan
335 879 44 22 den
406 880 128 29 tillämpats
558 880 75 22 under
656 881 30 21 10
712 881 36 20 års
766 880 45 27 tid;
830 879 44 22 och
893 880 44 27 3:o)
957 884 34 17 att

236 914 113 21 Finlands
374 914 72 22 Senat
465 915 58 21 hade
541 915 129 21 framhållit
688 914 109 22 hurusom
815 914 176 29 nödigbefunna

236 948 127 29 ändringar
389 949 8 21 i
424 949 226 28 värnepligtslagens
678 949 97 29 detaljer
802 949 44 22 och
869 948 122 22 redaktion

235 982 52 22 med
305 983 86 22 lätthet
408 983 78 22 kunde
504 984 123 21 framdeles
646 983 114 29 vidtagas.

304 1017 34 22 På
356 1018 76 28 grund
451 1018 24 22 af
493 1018 38 21 det
545 1017 166 23 ofvanstående
725 1017 41 22 har
778 1017 112 22 Komitén
903 1017 88 22 funnit:

308 1053 21 26 1)
348 1054 35 19 att
401 1052 29 21 de
448 1053 79 27 motiv,
547 1053 29 28 på
589 1052 81 22 hvilka
682 1052 125 22 ständerna
821 1051 101 30 grundat
934 1051 56 22 nöd-

234 1086 157 29 vändigheten
419 1089 36 19 att
476 1087 36 21 till
530 1087 173 28 grundlagarna
722 1087 97 21 hänföra
838 1087 28 26 $$
886 1086 21 27 2,
927 1087 20 26 3,
967 1086 23 22 4,

234 1121 22 26 5,
283 1121 21 27 6,
329 1121 21 27 9,
371 1121 37 27 13,
434 1121 37 28 19,
491 1121 37 27 20,
551 1121 52 27 120,
626 1121 54 28 121,
701 1121 46 22 122
768 1121 43 22 och
832 1121 46 21 123
899 1120 23 22 af
939 1124 50 18 vär-

233 1155 180 28 nepligtslagen,
433 1159 39 18 äro
497 1156 67 21 sökta
582 1155 44 22 och
644 1155 150 29 motsägande
813 1157 59 20 samt
890 1155 99 28 härflyta

232 1189 53 21 icke
304 1189 141 22 omedelbart
465 1190 22 21 af
505 1190 27 21 de
550 1190 61 21 förra
624 1190 173 29 grundlagarne
811 1189 43 22 och
867 1189 121 23 historien;

304 1224 23 27 2)
352 1226 35 19 att
405 1224 136 22 ständernas
560 1224 111 22 anhällan
689 1225 46 27 (om
752 1223 148 23 förklarande
920 1223 22 22 af
960 1231 29 14 en

232 1258 38 21 del
298 1258 23 22 af
343 1259 213 29 värnepligtslagen
578 1259 36 21 för
632 1259 125 29 grundlag)
777 1258 78 22 blifvit
874 1258 23 22 af
916 1258 73 22 Stats-

232 1292 159 22 sekreteraren
413 1294 36 21 för
467 1293 100 22 Finland
585 1293 139 29 föredragen
741 1294 36 21 för
795 1293 66 21 Hans
879 1292 110 29 Majestät

231 1327 121 29 Kejsaren,
379 1329 58 20 utan
465 1330 34 19 att
525 1328 195 28 Krigsministern
738 1328 79 21 derom
836 1327 93 29 afgifvit
947 1327 42 21 sitt

230 1361 118 28 yttrande,
368 1361 73 22 ehuru
460 1362 71 22 saken
549 1362 68 28 gälde
636 1370 29 14 en
683 1370 33 20 ny
734 1362 132 28 militärlag,
886 1368 49 14 som
947 1368 42 15 var

231 1395 24 21 af
279 1398 85 19 största
381 1396 120 29 betydelse
520 1396 36 22 för
573 1396 52 22 hela
642 1396 68 28 riket,
730 1396 43 22 och
791 1396 43 22 har
852 1395 136 23 ständernas

230 1430 173 29 framställning
432 1430 98 22 sälunda
556 1430 85 22 hittills
659 1431 52 21 icke
730 1431 91 21 kunnat
838 1430 75 22 blifva
930 1437 59 21 upp-
