1111 1756
253 147 28 22 28

225 215 72 22 röfvas
313 215 70 22 denna
405 215 104 28 rättighet
530 215 77 22 endast
622 215 34 22 för
670 215 42 22 den
727 214 32 22 tid
773 214 43 21 han
833 216 24 19 är
873 214 85 22 anstäld
972 215 8 20 i

225 250 74 27 tjenst,
322 249 122 23 hvarunder
466 250 43 21 han
530 250 72 22 dömes
618 250 23 21 af
653 250 111 27 krigsrätt.
794 249 67 22 Detta
876 249 43 22 kan
934 249 46 21 icke

225 290 63 16 anses
305 284 103 22 innebära
423 285 71 27 någon
510 284 122 27 kränkning
643 284 23 21 af
674 283 102 22 Finlands
788 283 116 22 autonomi.
923 283 56 21 Från

223 319 69 27 sagda
315 319 110 22 autonomi
446 321 63 25 göres
532 319 78 21 endast
628 320 33 20 ett
676 318 101 27 tillfälligt
793 317 38 22 och
847 318 82 21 mindre
944 317 35 22 be-

225 353 96 28 tydande
336 353 112 28 undantag
463 353 42 28 (för
520 359 26 16 en
563 353 34 22 del
613 353 22 21 af
642 352 168 28 befolkningen),
821 352 89 21 hvarvid
920 352 59 21 detta

225 387 114 28 undantag
362 387 99 28 betingas
484 387 23 22 af
528 387 26 22 de
576 389 56 20 mest
654 387 120 21 olikartade
798 386 123 27 fordringar
944 386 35 21 be-

225 422 106 22 träffande
354 422 66 22 rikets
445 422 89 22 försvar.
564 421 29 22 Så
615 421 119 27 väsentliga
755 421 164 22 statsintressen
942 420 38 22 och

225 457 50 22 kraf
288 457 54 22 böra
358 457 74 22 ställas
448 457 58 22 öfver
522 457 97 22 enskilda
640 456 152 27 medborgares
808 456 6 21 i
829 455 92 22 Finland
936 457 43 20 rät-

225 491 100 27 tigheter.
356 491 42 22 För
420 491 136 22 närvarande
579 491 74 22 dömas
676 491 108 27 krigsmän
805 491 6 20 i
829 489 56 22 finsk
907 490 72 27 tjenst,

226 525 67 28 enligt
309 526 11 27 $
338 527 11 20 7
365 526 7 21 i
388 525 130 28 Strafflagen
534 525 33 22 för
581 525 71 22 finska
667 525 106 22 militären
789 524 73 29 (Storf.
878 524 102 22 Finlands

224 560 231 28 författningssamling
481 560 34 22 för
541 561 24 21 år
589 561 54 21 1886
665 560 40 21 N:o
729 560 43 27 23),
795 561 60 20 utom
878 559 101 22 Finlands

226 596 91 25 gränser
340 594 23 22 af
382 594 55 22 finsk
460 594 98 23 domstol.
567 595 17 27 !)
621 594 97 22 Anförda
741 594 120 27 stadgande
883 593 40 22 fick
944 593 36 22 be-

224 629 123 27 klagligtvis
369 629 75 27 inflyta
460 630 24 21 år
501 630 59 26 1886,
577 631 53 20 utan
654 631 33 20 att
705 629 63 21 hafva
782 628 69 22 blifvit
866 628 113 27 behörigen

225 663 146 28 uppskattadt
386 663 47 22 från
449 664 51 27 rysk
516 664 116 27 synpunkt.
656 663 123 22 Emellertid
790 663 79 22 strider
879 663 101 27 stadgan-

225 698 38 22 det
278 700 58 20 emot
350 698 174 28 Kejsaredömets
538 699 108 27 grundlag
660 699 52 28 (art.
728 700 47 25 787,
792 699 47 25 790,
851 699 48 25 791,
911 698 67 21 798—

225 734 43 21 800
284 734 7 20 i
305 733 181 28 förordningarna
501 734 113 27 angående
629 734 142 26 rättegången
787 733 6 21 i
809 732 109 27 brottmål,
929 734 50 20 tom.

225 768 46 27 XV,
288 768 61 22 2:dra
365 768 60 22 delen
441 768 23 22 af
477 768 171 27 Lagsamlingen,
666 768 54 21 1876
736 768 35 20 års
787 767 88 25 edition,
890 766 38 22 och
940 769 40 19 art.

226 804 42 20 216
290 803 7 21 i
320 802 112 22 kriminala
455 803 235 27 rättegångsstadgan),
714 802 67 27 enligt
807 802 84 21 hvilken
914 801 66 22 saken

225 838 57 21 skall
304 837 132 27 handläggas
452 838 7 21 i
475 838 40 20 den
538 839 41 24 ort,
603 837 38 21 der
662 837 83 21 brottet
767 836 110 26 föröfvats,
896 836 39 21 och
950 836 30 21 af-

227 872 75 22 dömas
326 872 66 27 enligt
413 872 91 28 lagarna
521 872 7 21 i
548 872 37 22 det
606 872 58 26 land,
687 872 86 21 hvarest
796 872 65 21 saken
885 870 95 28 afgjorts,

226 906 82 28 egande
323 906 64 22 likväl
408 907 118 21 domstolen
546 909 51 25 taga
612 906 82 27 hänsyn
710 906 32 21 till
759 906 25 21 de
799 905 128 28 rättigheter
942 904 38 22 och

227 940 128 28 privilegier,
371 941 71 21 hvilka
458 942 40 21 den
514 941 106 22 tilltalade
634 941 7 21 i
657 942 48 26 eget
720 940 51 22 land
787 940 100 27 åtnjuter.

295 975 69 21 Dessa
379 976 108 27 sistsagda
506 976 121 27 personliga
642 975 127 27 rättigheter
784 974 54 22 böra
853 974 39 22 och
907 974 73 22 kunna

227 1009 138 27 naturligtvis
381 1012 61 25 tagas
459 1010 7 21 i
483 1010 141 21 betraktande
641 1009 60 22 äfven
718 1010 27 20 då
759 1009 70 21 finnar
848 1010 84 20 komma
948 1010 33 20 att

226 1044 60 27 tjena
301 1044 7 21 i
325 1044 25 21 de
367 1044 63 27 ryska
446 1046 131 26 truppernas
599 1044 41 26 led,
656 1050 48 15 men
721 1044 48 21 dess
785 1044 74 27 längre
873 1044 43 21 kan
931 1050 49 16 man

225 1078 48 22 icke
288 1079 28 27 gä
332 1078 38 22 och
390 1079 46 21 icke
459 1079 65 21 heller
542 1079 42 21 kan
600 1085 50 15 man
665 1078 33 22 för
713 1079 98 21 tinnarne
826 1078 69 27 skapa
910 1079 70 26 nägon

227 1113 68 21 sädan
313 1114 191 26 exterritorialitet,
520 1120 45 15 som
582 1113 66 27 enligt
663 1112 168 22 internationela
846 1112 60 28 lagar
922 1112 59 22 alltid

227 1147 94 28 ätnjutes
345 1148 76 21 endast
444 1148 24 21 af
487 1148 98 27 furstliga
608 1154 104 20 personer
734 1147 38 21 och
792 1147 63 21 deras
870 1153 110 21 represen-

225 1183 74 20 tanter
314 1182 39 21 hos
369 1182 117 21 utländska
500 1182 89 21 makter.

295 1210 18 28 Ä
329 1216 142 27 nyssanförda
494 1217 130 21 abnormitet
639 1217 7 21 i
662 1216 129 28 Strafflagen
812 1216 33 21 för
859 1215 69 23 finska
944 1216 37 20 mi-

225 1250 79 22 litären
328 1250 66 22 fästes
422 1250 191 28 uppmärksamhet
636 1250 23 22 af
679 1250 177 28 Krigsministern
880 1250 24 21 år
928 1250 51 21 1891

294 1347 15 23 1)
335 1348 123 23 Anmärkning.
483 1350 9 20 $
505 1349 16 16 7.
547 1348 70 23 »Begär
635 1349 65 22 någon,
719 1353 38 12 som
774 1347 52 23 lyder
844 1347 59 18 under
921 1347 61 18 denna

225 1376 37 23 lag,
274 1377 52 17 brott
338 1376 23 18 dä
373 1377 37 17 han
423 1377 82 18 befinner
518 1377 28 23 sig
558 1379 49 16 utom
625 1377 64 18 landet
704 1377 30 18 vid
745 1377 49 17 finsk
806 1378 55 21 trupp
875 1376 46 18 eller
932 1376 49 18 kom-

225 1405 116 23 mendering;
353 1410 43 13 vare
410 1405 79 18 straffad
502 1406 59 17 säsom
574 1411 29 12 om
614 1405 124 23 förbrytelsen
750 1405 47 18 hade
810 1405 48 18 inom
870 1404 64 18 landet
945 1404 37 18 för-

225 1433 66 18 öfvats.
316 1434 40 22 Lag
368 1439 68 13 samme
448 1439 50 16 vare,
510 1439 29 13 om
551 1434 60 23 någon
623 1434 55 23 eljest
690 1435 50 17 utom
752 1433 65 18 landet
829 1433 65 23 begått
906 1433 76 22 tjenste-

227 1462 112 23 förbrytelse
352 1463 34 17 och
398 1463 63 18 derför
474 1463 40 18 icke
527 1465 48 16 utom
588 1463 64 18 landet
664 1463 53 18 dömd
729 1463 79 18 blifvite.
