1111 1770
821 162 30 20 39

129 232 32 20 23
189 230 67 22 Febr.
287 230 62 22 1789
378 230 129 22 innehåller
530 230 7 21 i
559 232 13 26 8
593 232 21 26 7,
634 230 59 21 efter
710 229 109 23 förbudet
838 232 49 19 mot

128 265 106 22 våldsam
251 265 115 28 värfning,
386 264 183 22 slutmomentet:
589 264 75 29 ,,dock
682 265 38 21 må
738 264 51 22 icke
808 265 77 27 någon

129 300 6 20 i
155 299 90 23 nödfall
271 299 54 21 eller
343 299 8 21 i
369 299 127 28 krigstider
513 299 153 29 undandraga
685 299 37 28 sig
739 298 84 22 Rikets
841 298 46 22 för-

128 342 61 20 svar,
208 334 24 21 tå
251 334 51 21 thet
318 333 90 22 fordras
426 334 42 21 och
488 334 153 29 omtränger'.

198 369 12 21 I
241 368 40 22 det
311 368 171 28 sammanhang,
510 368 66 22 hvari
609 368 64 22 detta
702 367 130 29 stadgande
861 371 26 17 är

128 402 141 28 meddeladt,
294 402 43 22 och
364 402 30 22 då
420 402 93 22 dermed
536 404 106 28 jemföres
661 402 57 22 sista
736 402 151 21 momentet
874 398 18 38 i

129 438 106 28 punkten
261 438 28 20 10
309 438 22 20 af
352 437 64 21 1723
436 438 36 20 års
492 437 78 29 adliga
588 437 141 29 privilegier,
748 437 74 20 måste
841 436 45 21 den

129 474 78 19 staten
235 471 135 29 härigenom
394 471 145 22 förbehållna
563 474 48 19 rätt
630 471 37 22 till
686 471 86 21 allmän
789 470 96 21 utskrif-

129 506 65 28 ning,
213 507 70 28 jemte
302 505 40 22 det
359 506 44 21 den
423 509 25 18 är
466 506 123 21 inskränkt
608 506 36 21 till
662 505 97 27 nödfall,
777 505 57 21 eller
853 505 34 20 så-

129 541 59 21 dant
214 540 99 27 tillfälle,
338 540 29 22 då
394 540 91 21 landets
509 541 91 21 försvar
630 541 40 20 det
697 539 190 29 oundgängligen

130 575 99 27 kräfver,
249 575 84 28 jemväl
351 582 67 14 anses
436 575 130 28 begränsad
585 574 125 27 såtillvida,
725 576 34 19 att
776 574 52 21 icke
841 573 46 22 alla

130 609 152 28 medborgare
301 613 38 18 äro
359 609 133 22 densamma
509 609 179 28 underkastade,
707 611 58 19 utan
783 608 62 22 blott
858 615 29 14 en

131 643 180 28 samhällsklass,
331 643 122 29 allmogen,
468 644 43 21 och
523 644 63 21 inom
599 643 77 22 denna
690 643 132 29 egentligen
835 642 52 21 icke

131 678 73 21 heller
222 678 158 29 jordegarene,
398 681 57 18 utan
472 678 66 21 deras
551 679 58 21 barn
622 678 43 22 och
678 677 135 30 tjenstefolk
826 680 61 19 samt

130 713 62 28 öfrig
211 712 111 22 obesuten
341 713 105 28 allmoge.

200 747 118 21 Hvilande
337 748 30 27 på
384 747 181 29 uppfattningen
584 749 35 20 att
632 749 76 19 staten
721 747 36 21 för
769 747 42 20 sitt
823 746 64 29 själf-

131 781 99 22 bestånd
252 781 51 22 icke
322 781 46 22 kan
386 781 106 22 undvara
510 782 143 28 rättigheten
673 783 33 20 att
725 781 93 28 påkalla
837 781 50 20 sina

131 815 164 29 medborgares
319 816 132 28 personliga
472 815 141 22 medverkan
631 815 37 22 till
686 815 91 22 landets
790 815 96 26 försvar,

136 863 27 2 —
184 851 44 21 och
255 850 88 21 således
368 851 29 28 på
421 851 173 28 värnepligtens
621 849 154 30 grundtanke,
798 863 27 1 —
846 849 42 22 har

131 885 99 21 anförda
258 885 87 27 lagbud
372 885 60 21 dock
457 885 51 21 icke
533 885 51 28 höjt
601 885 37 28 sig
656 885 37 20 till
712 884 175 28 ståndpunkten

132 921 37 19 att
186 919 7 21 i
213 918 83 22 sådant
315 919 107 21 afseende
434 918 106 22 likställa
552 919 46 21 alla
611 918 204 22 samhällsklasser.
834 918 53 21 Men

131 954 71 28 jemte
219 960 56 21 nyss
295 953 103 29 antydda
416 953 159 29 begränsning
592 953 86 22 företer
696 952 141 29 stadgandet
856 952 32 21 äf-

134 995 43 13 ven
196 988 59 21 brist
273 988 30 28 på
320 992 105 17 närmare
443 988 176 28 bestämningar
635 988 42 21 och
691 987 198 28 inskränkningar

132 1022 37 22 för
187 1022 238 29 utskrifningsrätten.
455 1022 75 29 Ingen
549 1022 145 29 åldersgräns
712 1022 75 21 finnes
805 1023 83 27 uppta-

131 1064 53 21 gen,
204 1056 71 29 ingen
293 1056 100 30 ordning
411 1056 100 29 stadgad
529 1056 37 22 till
585 1056 75 29 skydd
679 1059 47 19 mot
739 1056 150 28 godtyckligt

133 1090 138 22 förfarande.

202 1125 221 29 Värnepligtslagen
448 1126 90 21 medför
565 1125 131 29 väsentliga
724 1124 165 28 förändringar

133 1160 148 21 härutinnan.
317 1160 71 21 Utom
407 1160 39 21 det
465 1162 35 20 att
518 1161 13 26 $
553 1162 19 26 1,
602 1173 6 2 —
632 1167 48 14 som
698 1159 35 21 för
745 1159 77 29 öfrigt,
837 1158 52 22 med

132 1194 97 28 bänsigt
247 1194 37 21 till
302 1194 132 22 individens
452 1194 113 29 ställning
584 1194 37 22 till
636 1196 83 25 staten,
732 1192 157 29 nödvändigt-

132 1228 37 21 vis
193 1229 72 20 måste
284 1228 70 22 hafva
372 1229 36 20 sin
426 1228 62 29 plats
506 1229 63 21 inom
587 1228 153 29 grundlagen,
762 1241 27 2 —
811 1232 25 17 är
854 1230 35 18 att

133 1263 110 21 hänföras
272 1263 35 21 till
337 1263 27 21 de
388 1263 142 28 paragrafer,
548 1271 48 14 som
615 1262 73 22 ändra
706 1263 13 26 $
740 1263 29 20 18
788 1262 9 21 i
815 1261 74 29 Rege-

133 1297 162 28 ringsformen,
313 1297 99 22 innebär
430 1297 42 22 ock
488 1297 160 22 förstnämnde
661 1297 108 28 paragraf
783 1296 106 29 tydligen

133 1333 36 19 ett
195 1331 142 28 frångående
362 1331 23 21 af
402 1332 178 28 bestämningen
600 1334 35 18 att
653 1330 96 22 allmänt
767 1330 96 29 uppbåd
882 1330 8 20 i

134 1365 78 22 farans
241 1366 70 21 stund
335 1366 61 28 finge
424 1366 40 21 ske
486 1366 82 21 endast
585 1365 73 22 bland
677 1365 122 28 allmogen.
835 1364 55 21 Men

133 1400 41 20 det
192 1407 69 21 synes
279 1400 115 22 dessutom
413 1400 119 28 svårligen
549 1400 80 21 kunna
648 1399 119 28 bestridas,
787 1401 35 19 att
838 1398 52 22 åbe-

133 1434 88 28 ropade
249 1436 100 20 moment
372 1434 8 22 i
404 1435 13 26 8
446 1434 13 22 7
488 1434 23 22 af
532 1434 63 22 1789
616 1435 36 21 års
670 1434 132 21 Försäkran
821 1433 69 21 äfven

133 1476 86 20 genom
246 1468 28 22 de
302 1468 72 22 andra
402 1468 173 22 ofvannämnda
603 1468 158 28 stadgandena
781 1468 8 20 i
807 1471 83 17 värne-
