1111 1734
820 131 23 20 11

187 201 49 18 Art.
253 200 42 19 35.
325 198 38 26 De,
380 204 46 15 som
441 198 29 27 på
485 198 70 27 grund
567 198 22 21 af
597 198 228 27 familjeförhållanden
837 200 37 20 äro

117 233 136 27 berättigade
268 232 33 22 till
316 232 98 28 eftergift,
430 232 92 21 inkallas
537 232 7 21 i
559 232 66 27 tjenst
640 232 7 21 i
663 232 41 21 den
720 232 97 28 ordning,
829 238 45 16 som

118 267 39 21 här
173 267 69 21 nedan
259 267 7 21 i
281 268 40 20 art.
340 268 38 20 107
395 266 95 28 stadgas,
507 266 77 22 endast
599 267 7 21 i
622 267 40 21 den
672 266 109 27 händelse,
793 269 33 20 att
837 273 37 15 an-

118 301 54 21 talet
192 301 67 27 öfriga
275 300 54 22 efter
343 300 95 28 lottning
453 300 130 28 uppbådade
598 301 46 21 icke
660 301 62 27 fyller
738 302 38 20 den
793 302 31 21 till
840 302 34 21 ut-

119 335 104 28 skrifning
237 335 113 21 bestämda
365 335 163 27 kontingenten.

187 390 50 19 Art.
254 390 42 18 36.
326 387 32 21 De
373 393 110 21 personer,
499 394 46 14 som
561 389 37 19 äro
614 387 135 27 berättigade
765 388 32 20 till
811 388 64 21 efter-

119 422 39 26 gift
181 422 22 21 af
218 422 69 22 första
303 422 50 21 eller
369 422 67 20 andra
452 422 113 26 kategorin
582 422 50 27 (art.
649 422 43 27 33),
708 421 80 22 förlora
805 422 69 22 denna

118 456 111 28 rättighet,
244 457 7 20 i
267 456 36 21 fall
326 456 25 21 de
375 456 66 27 enligt
456 456 86 27 uppgift
557 456 23 21 af
593 456 61 21 fader
670 456 50 21 eller
736 456 80 27 moder,
831 456 43 22 far-

118 490 60 22 fader
200 490 51 22 eller
273 490 113 26 morfader,
406 490 108 22 farmoder
530 490 51 22 eller
596 490 124 22 mormoder
734 490 46 22 icke
795 492 78 26 utgöra

119 524 49 22 stöd
182 524 33 22 för
229 524 100 28 familjen.

188 579 49 17 Art.
259 578 40 19 37.
330 576 39 22 Om
384 576 48 21 från
448 583 26 15 en
490 576 73 28 familj,
580 576 117 22 bestående
713 576 22 22 af
748 576 60 22 fader
823 576 51 21 eller

119 611 79 26 moder,
221 617 46 15 som
291 613 23 19 är
329 611 55 21 enka
400 611 47 21 med
462 611 62 26 barn,
540 611 51 21 eller
607 611 22 21 af
642 611 101 26 farfader,
758 610 115 26 farmoder,

119 645 106 21 morfader
241 645 51 21 eller
302 645 120 21 mormoder
432 645 47 21 med
490 645 131 27 barnabarn,
633 646 51 20 eller
695 646 39 20 ock
745 646 22 20 af
777 652 25 15 en
815 645 58 21 äldre

119 680 78 21 broder
211 680 49 21 med
270 680 144 26 minderåriga
423 679 142 22 föräldralösa
576 680 85 26 syskon,
674 680 40 21 den
726 680 53 21 ende
791 680 83 20 arbets-

118 714 47 21 före
186 714 139 21 medlemmen
347 714 33 21 för
402 714 71 27 någon
494 715 75 21 orsaks
585 714 56 22 skull
658 714 66 27 afgår,
740 714 54 22 skall
811 720 26 15 en
853 713 23 21 af

119 748 26 22 de
160 749 7 20 i
183 749 65 27 tjenst
263 748 94 22 varande
372 748 166 22 medlemmarne
554 748 23 22 af
589 749 68 21 sådan
673 748 72 28 familj,
761 748 56 22 efter
833 748 40 21 den

119 782 80 22 äldstes
213 783 7 21 i
236 783 93 27 familjen
352 783 40 27 val,
409 783 118 27 entledigas
543 790 26 15 ur
585 784 58 21 aktiv
659 784 72 27 tjenst,
747 784 66 21 likväl
827 784 47 20 icke

119 818 6 20 i
140 817 92 27 krigstid
243 817 50 21 eller
304 818 68 20 under
382 818 112 26 pågående
505 818 151 27 öfningsmöte.
679 818 112 27 Personer,
802 818 72 21 hvilka

119 852 92 22 anstälts
226 853 7 21 i
248 852 126 28 krigstjenst
389 853 71 22 såsom
476 852 22 22 af
512 853 92 22 domstol
619 852 107 22 förvunna
739 859 33 16 om
784 853 89 27 uppsåt-

119 887 28 27 lig
169 887 136 28 lemlästning
328 887 50 22 eller
400 888 120 27 bedrägeri,
536 888 7 21 i
558 887 55 28 syfte
636 889 32 20 att
684 888 142 27 undandraga
841 888 33 26 sig

119 922 130 27 utgörandet
273 922 22 21 af
311 922 148 27 värnepligten
476 923 51 20 eller
542 924 33 19 att
590 923 34 20 vid
640 922 131 27 utgörandet
787 922 22 21 af
823 922 50 21 den-

119 962 81 15 samma
221 957 86 20 komma
322 957 7 20 i
345 957 127 27 åtnjutande
496 957 22 21 af
539 957 46 21 dem
603 957 47 21 icke
666 957 129 21 tillbörande
811 956 62 21 efter-

119 990 69 27 gifter,
204 991 35 20 må
253 991 46 21 icke
315 991 117 27 entledigas
448 991 48 21 från
513 991 58 21 aktiv
587 991 66 27 tjenst
664 991 7 21 i
682 991 26 21 de
718 991 43 26 fall,
772 997 46 15 som
829 997 44 14 om-

119 1027 89 20 nämnas
224 1025 7 22 i
247 1026 71 21 denna
333 1026 83 21 artikel.

188 1079 49 18 Art.
255 1079 41 18 38.
322 1077 39 21 Om
376 1077 7 21 i
398 1077 95 27 lottning
508 1077 111 27 samtidigt
630 1077 90 27 deltagit
731 1079 80 19 tvänne
822 1077 53 21 eller

118 1110 51 22 flere
184 1111 43 21 hel-
244 1111 50 22 eller
309 1111 129 27 halfbröder,
454 1111 176 27 sammanbragta
645 1111 79 22 bröder
735 1111 50 22 eller
795 1111 80 21 foster-

119 1147 63 20 söner
196 1145 8 21 i
219 1152 81 15 samma
319 1145 72 28 familj,
412 1152 45 15 som
474 1148 37 19 äro
526 1145 66 22 födda
607 1145 70 22 under
692 1152 80 15 samma
789 1146 30 25 år,
836 1145 39 21 och

119 1179 22 22 af
163 1179 46 22 dem
232 1180 36 21 två
291 1180 50 21 eller
359 1179 57 27 flere,
431 1180 7 21 i
454 1180 50 21 stöd
519 1179 23 22 af
555 1181 89 26 uttagen
660 1180 145 26 lotthummer,
821 1179 54 22 böra

118 1214 65 21 träda
197 1214 7 21 i
219 1215 59 20 aktiv
301 1215 71 26 tjenst,
393 1215 25 20 så
433 1214 103 22 anställes
552 1215 6 21 i
575 1215 65 26 tjenst
656 1214 78 21 endast
748 1221 26 15 en
791 1214 23 21 af
827 1214 47 21 dem

119 1249 39 21 och
181 1249 25 21 de
229 1249 74 27 öfriga,
325 1255 46 16 som
393 1249 43 21 fått
458 1249 66 27 högre
548 1249 145 26 lottnummer,
709 1249 115 21 inskrifvas
839 1249 35 20 vid

117 1283 144 22 landtvärnet.
291 1283 43 22 För
350 1283 65 28 öfrigt
430 1290 51 15 vare
496 1283 83 22 sådana
593 1283 80 22 bröder
688 1283 39 22 och
741 1283 134 22 fostersöner

118 1317 101 27 obetaget
234 1319 33 20 att
282 1317 48 22 med
345 1317 123 22 hvarandra
484 1317 51 28 byta
550 1317 145 22 lottnummer.

186 1371 52 18 Art.
254 1372 42 18 39.
319 1369 11 21 I
345 1369 72 28 hvarje
432 1369 65 28 familj
514 1370 43 21 kan
573 1370 40 21 den
630 1369 23 22 af
667 1369 48 22 dess
730 1369 144 26 medlemmar,

118 1409 45 15 som
180 1403 66 27 enligt
261 1403 94 27 lottning
369 1403 40 21 bör
424 1403 88 22 inträda
528 1403 8 22 i
551 1404 58 21 aktiv
625 1403 67 28 tjenst
707 1404 50 21 eller
772 1403 67 22 redan
851 1405 25 20 är

117 1437 8 21 i
140 1437 71 27 tjenst,
235 1437 54 22 efter
306 1437 85 28 frivillig
407 1437 214 22 öfverenskommelse
637 1440 93 20 ersättas
747 1438 22 21 af
783 1438 33 21 sin
831 1437 44 22 hel-
