1109 1781
280 163 29 20 76

312 231 11 21 I
342 239 32 14 nu
392 231 109 29 gällande
520 231 75 22 finska
613 232 40 28 lag
672 231 75 22 finnas
762 232 73 27 några
848 231 153 29 anvisningar

243 265 99 22 rörande
361 265 66 22 dessa
445 266 131 29 eftergifter
594 266 119 21 äfvensom
732 266 131 28 ordningen
876 266 36 21 för
923 268 77 19 utver-

243 299 77 22 kande
339 300 23 21 af
379 300 95 27 sådana;
494 300 98 22 sålunda
611 304 67 25 säges
696 303 16 18 t.
727 308 33 14 ex.
774 300 8 21 i
795 301 13 26 8
822 301 38 27 30,
872 303 35 19 att
919 305 81 16 värne-

243 334 92 29 pligtig,
346 342 48 14 som
412 335 68 21 idkar
498 335 96 27 studier,
603 335 48 22 kan
670 335 36 21 för
724 335 66 22 deras
803 335 155 22 fortsättande
970 336 30 27 på

244 369 133 28 ansökning
390 369 43 22 och
446 369 58 22 efter
516 369 111 29 pröfning
640 369 87 22 erhålla
738 369 99 22 anstånd
846 369 53 22 med
909 369 91 22 inträde

243 403 9 20 i
264 403 78 29 tjenst;
361 405 13 25 $
394 404 29 21 31
444 404 96 28 stadgar
558 406 35 19 att
610 411 116 22 personer,
745 404 81 21 hvilka
843 407 35 18 tre
891 403 109 22 månader

243 437 50 22 före
305 438 119 28 uppbådet
436 438 42 21 hos
490 438 174 22 vederbörande
677 438 70 22 nämd
760 439 92 21 anmäla
864 439 36 21 sin
910 438 90 21 önskan

244 474 36 19 att
297 475 83 26 utgöra
401 473 163 28 värnepligten
583 474 75 20 såsom
676 473 118 28 frivillige,
814 473 80 21 kunna
912 472 88 22 erhålla

243 507 101 28 uppskof
362 507 36 21 för
417 507 99 22 studiers
535 507 138 28 afslutande;
692 507 111 29 slutligen
822 507 124 22 återfinnes
964 507 8 21 i
986 508 13 25 S

245 541 32 21 58
296 543 34 19 ett
353 541 97 22 allmänt
472 541 128 29 stadgande
620 542 84 27 derom,
724 544 34 19 att
777 541 51 28 den,
848 549 48 14 som
916 541 84 22 önskar

244 575 92 22 komma
354 576 8 21 i
380 576 138 29 åtnjutande
538 577 22 21 af
579 577 105 28 eftergift
701 577 9 20 i
727 577 176 28 värnepligtens
916 576 84 28 fullgö-

244 609 79 28 rande,
343 610 59 21 skall
421 610 77 22 derom
518 611 98 27 anmäla,
634 611 134 28 skriftligen
788 611 55 21 eller
861 611 138 28 muntligen,

244 644 42 21 hos
305 644 173 22 vederbörande
496 645 70 22 nämd
584 645 48 22 före
651 648 122 27 uppropet,
793 653 48 14 som
857 645 92 28 föregår
961 645 39 21 be-

244 679 136 28 sigtningen
399 679 43 21 och
460 679 198 29 lottdragningen.

314 713 103 22 Sålunda
444 721 68 21 synes
539 714 129 22 innehållet
694 715 23 22 af
744 715 13 26 $
785 715 29 20 31
842 713 72 22 strida
939 716 61 19 emot

244 748 175 21 föreskrifterna
438 749 8 20 i
465 749 12 26 $
497 749 39 27 58,
554 749 9 20 i
581 751 26 26 ty
626 751 35 19 att
680 749 74 28 enligt
773 748 161 22 förstnämnda
952 748 48 28 lag-

244 789 50 14 rum
319 783 108 21 anmälan
455 791 36 13 om
514 783 135 22 erhållande
674 783 23 22 af
715 783 101 29 uppskof
834 784 30 27 på
882 783 75 28 grund
977 783 23 21 af

244 816 108 29 bildning
370 817 42 21 bör
430 821 68 24 göras
511 818 7 21 i
531 817 46 29 god
590 818 35 21 tid
638 819 30 27 på
681 817 105 27 förhand,
796 817 120 22 hvaremot
926 817 74 28 enligt

244 850 46 22 den
308 859 80 14 senare
407 852 138 28 paragrafen
564 852 72 21 sådan
656 853 107 20 anmälan
782 852 8 21 i
809 851 126 22 allmänhet
953 851 47 22 kan

244 885 41 21 ske
303 885 49 22 före
370 885 199 30 lottdragningen.

313 920 123 21 Dessutom
462 921 84 21 saknar
567 921 45 21 den
630 921 76 21 finska
724 921 70 28 lagen
813 920 129 29 stadgande
961 927 40 14 an-

243 953 91 28 gående
357 954 27 21 de
407 954 148 30 handlingar,
580 963 48 14 som
650 955 115 22 erfordras
783 954 41 22 vid
842 955 159 28 ansökningar

244 995 37 14 om
299 989 101 28 uppskof
418 989 44 21 och
480 989 72 22 andra
566 989 129 29 eftergifter
707 989 40 22 vid
760 989 176 28 värnepligtens
948 989 52 21 full-

242 1023 110 28 görande.

314 1057 76 22 Sedan
418 1058 111 21 Komitön
553 1058 7 21 i
582 1058 112 28 förslaget
722 1058 36 21 till
776 1065 32 21 ny
826 1058 174 28 värnepligslag

243 1091 36 21 för
297 1092 102 21 Finland
418 1092 99 28 tidigare
536 1092 72 22 infört
627 1094 42 20 art.
689 1093 38 26 33,
746 1093 40 27 41,
805 1092 40 27 48,
858 1092 40 27 44,
912 1092 88 27 45,46,

244 1126 39 26 50,
303 1126 39 27 51,
362 1127 30 20 52
413 1127 43 21 och
476 1128 38 26 53,
533 1126 81 22 hvilka
632 1126 119 22 innehålla
770 1126 51 22 med
837 1126 163 22 motsvarande

243 1160 99 22 artiklar
365 1161 9 21 i
396 1161 176 29 Kejsardömets
590 1161 140 29 författning
749 1160 251 22 öfverensstämmande

243 1194 146 28 stadganden
409 1195 121 29 angående
549 1196 131 28 eftergifter
697 1196 8 20 i
724 1195 175 29 värnepligtens
918 1194 82 29 fullgö-

242 1228 80 28 rande,
341 1229 43 21 har
401 1230 111 21 Komitén
531 1231 30 27 på
578 1230 78 28 grund
676 1230 22 21 af
716 1230 40 21 det
768 1229 169 22 ofvananförda
949 1230 51 20 fun-

243 1263 35 21 nit
296 1263 84 29 nödigt
398 1264 44 21 och
460 1264 143 29 följdriktigt
622 1266 35 20 att
670 1264 8 21 i
694 1264 112 29 förslaget
818 1264 116 28 inrymma
946 1264 54 28 jem-

241 1297 40 21 väl
299 1297 29 21 de
341 1298 175 29 bestämningar
529 1298 100 22 rörande
642 1298 160 29 ansökningar
815 1306 36 14 om
864 1298 136 28 eftergifter,

242 1339 49 14 som
315 1332 57 28 ingå
394 1332 8 22 i
426 1336 42 18 art.
496 1333 54 27 123,
575 1333 54 27 124,
651 1333 54 27 125,
726 1330 65 30 125",
812 1333 58 21 1252
889 1332 43 22 och
953 1332 46 21 126

242 1365 23 22 af
284 1366 175 29 Kejsardömets
477 1367 45 29 lag.
