1111 1789
272 153 31 22 86

237 222 77 28 tjenst,
333 221 100 22 faktiskt
451 225 63 18 ännu
532 223 20 28 ej
573 222 79 21 blifvit
670 222 8 21 i
696 222 101 28 tjensten
811 225 109 25 antagna,
933 222 8 21 i
954 229 36 14 an-

236 256 154 28 märkningen
408 256 37 21 till
464 256 76 21 denna
563 256 85 21 artikel
666 256 112 28 stadgats,
799 258 34 19 att
851 256 35 27 de,
903 256 88 27 hvilka,

237 290 72 22 sedan
327 290 27 21 de
373 291 139 28 besigtigats
530 291 36 21 för
577 291 182 28 komplettering
772 291 24 21 af
808 291 116 21 områdets
935 291 57 22 kon-

236 325 100 28 tingent,
354 325 104 22 befinnas
475 333 58 14 vara
550 325 8 21 i
576 325 71 21 behof
666 325 23 21 af
701 325 106 28 uppskof,
821 325 66 22 skola
899 325 92 21 inskrif-

236 366 42 14 vas
296 359 41 21 vid
354 359 149 22 landtvärnet
521 359 43 22 och
580 359 52 22 icke
651 360 8 21 i
671 359 102 28 längden
783 359 26 21 B.
828 359 112 22 Komitén
949 359 42 22 har

236 393 74 22 likväl
327 393 79 22 funnit
425 396 34 19 att
477 401 28 14 en
523 394 151 28 tillämpning
693 394 23 21 af
735 393 38 22 det
786 394 8 21 i
807 394 184 27 anmärkningen

237 427 38 22 till
293 427 76 22 denna
387 428 84 21 artikel
488 429 139 21 föreskrifna
646 428 140 29 stadgandet
805 428 82 21 endast
906 429 12 20 å
937 428 26 21 de
984 429 7 20 i

236 470 68 14 mom.
324 463 59 21 2—5
403 463 23 21 af
444 463 71 29 sagde
534 463 83 21 artikel
636 463 139 21 omnämnda
793 470 109 21 personer
916 462 74 22 skulle

236 498 8 20 i
262 497 63 21 vissa
342 497 42 21 fall
401 498 80 20 kunna
499 498 103 28 förringa
620 498 86 21 lottens
724 497 125 28 betydelse.
888 497 99 21 Sålunda

236 531 78 21 kunde
332 534 16 18 t.
368 539 33 14 ex.
421 532 51 28 den,
491 540 48 13 som
556 532 42 21 bör
617 532 67 21 träda
702 532 6 20 i
723 532 79 21 stället
817 532 37 21 för
866 539 29 14 en
907 539 82 19 annan,

236 565 46 21 den
300 565 40 22 der
358 566 77 28 dragit
453 566 74 22 lotten
545 567 41 21 N:o
608 567 47 21 100
675 568 74 25 (mom.
772 567 10 20 1
796 566 43 21 och
850 566 31 28 6),
891 574 51 13 men
951 566 38 21 be-

236 600 90 22 funnits
353 600 132 28 oförmögen
509 601 37 21 till
564 602 72 28 tjenst
654 601 56 21 eller
728 601 8 21 i
753 600 71 22 behof
842 600 24 22 af
883 600 106 29 uppskof,

236 634 89 22 kanske
344 635 53 28 sjelf
409 642 56 14 vara
479 636 8 20 i
501 635 68 21 behof
582 636 23 20 af
615 635 106 29 uppskof,
731 635 92 21 hvilket
833 635 69 21 äfven
916 635 73 21 skulle

236 670 75 20 måsta
334 669 98 29 beviljas
451 670 90 27 honom,
560 670 67 28 iföljd
645 670 83 21 hvaraf
745 670 47 20 han
811 669 77 21 blefve
906 669 83 21 utsedd

237 705 35 20 att
290 703 92 22 inträda
400 704 8 21 i
426 704 71 28 tjenst
515 704 40 21 vid
574 706 132 26 trupperna.
725 704 51 21 Den
789 704 55 27 åter,
858 711 48 14 som
919 704 70 20 borde

236 737 67 22 träda
321 738 7 20 i
348 738 78 21 stället
453 739 35 21 för
515 738 165 29 värnepligtig,
704 738 96 22 hvilken
824 738 59 22 skall
908 738 81 21 under-

235 772 80 21 kastas
333 780 32 20 ny
382 772 135 29 besigtning
536 773 55 21 eller
602 773 176 27 undersökning
787 773 57 21 eller
856 773 48 21 står
917 772 72 21 under

235 806 73 22 tilltal
325 807 37 22 för
379 807 63 21 brott
461 808 54 20 eller
533 807 120 21 uteblifvit
670 808 52 20 från
740 807 94 28 uppbåd
853 808 60 26 (mm.
932 807 21 27 2,
967 807 21 27 3,

235 841 16 20 4
270 841 43 21 och
333 842 23 26 5)
375 841 52 21 med
450 841 73 22 lotten
541 842 42 21 N:o
603 842 38 26 35,
660 842 90 21 komme
764 844 35 18 att
811 841 126 22 inskrifvas
949 841 40 21 vid

234 875 156 27 landtvärnet,
409 876 76 21 derest
502 876 47 21 han
566 876 52 21 icke
636 876 101 28 uppnått
754 876 45 21 full
816 876 119 28 kroppslig
953 878 36 18 ut-

235 909 115 29 veckling.
387 910 103 22 Sålunda
508 910 74 22 skulle
596 918 28 13 en
637 918 82 20 person
731 910 52 22 med
795 910 71 28 högre
878 910 110 22 lottnum-

234 951 49 14 mer
308 952 58 14 vara
383 944 95 28 skyldig
496 947 35 19 att
549 944 93 22 inträda
659 944 41 22 vid
718 947 132 26 trupperna.
868 944 121 22 hvaremot

234 985 30 14 en
282 978 53 21 med
352 978 64 29 lägre
432 986 104 14 nummer
548 979 76 21 blefve
637 979 129 21 inskrifven
779 979 41 21 vid
832 978 155 22 landtvärnet.

304 1012 47 22 Till
377 1013 186 22 förekommande
590 1014 67 21 häraf
683 1014 43 20 har
743 1013 111 22 Komitén
872 1013 63 21 velat
952 1015 35 19 ut-

234 1047 94 21 sträcka
349 1048 140 28 giltigheten
508 1048 23 21 af
549 1048 185 27 anmärkningen
751 1048 38 20 till
808 1048 46 21 alla
872 1047 28 21 de
918 1047 9 21 i
946 1050 40 18 art.

236 1082 46 20 111
303 1081 24 21 af
345 1082 112 28 förslaget
474 1085 119 25 upptagna
611 1082 49 22 fall.
679 1082 11 21 I
710 1082 107 22 afseende
829 1082 13 20 å
855 1082 99 27 ändring
964 1082 23 21 af

234 1116 186 28 anmärkningen
437 1116 38 22 till
493 1119 42 19 art.
556 1118 48 20 150
622 1117 8 20 i
648 1116 173 29 Kejsardömets
839 1116 40 28 lag
898 1116 8 20 i
923 1123 64 21 nyss-

234 1150 98 21 anförda
350 1150 67 28 syfte,
436 1151 42 21 har
496 1151 140 21 Ministeriet
645 1151 36 21 för
689 1151 86 21 inrikes
789 1150 116 22 ärendena
916 1150 70 22 redan

233 1184 77 28 ingått
329 1184 52 22 med
401 1185 170 28 framställning
590 1186 8 20 i
616 1185 72 21 saken
708 1185 35 21 till
762 1185 185 28 Rikskonseljen.

303 1254 46 20 Art.
369 1255 44 19 112.
442 1256 13 24 &
474 1254 29 20 81
525 1254 8 20 i
551 1253 109 28 gällande
678 1254 75 21 finska
768 1254 46 28 lag,
827 1261 49 13 som
888 1256 99 18 motsva-

232 1294 38 14 rar
290 1289 41 19 art.
353 1288 45 20 151
419 1288 8 20 i
445 1287 173 29 Kejsardömets
630 1288 147 28 författning,
787 1288 129 21 innehåller
925 1287 61 21 stad-

231 1321 87 28 gande:
339 1322 22 26 1)
374 1329 37 14 om
420 1322 142 28 inskrifning
572 1322 8 21 i
589 1329 107 15 reserven
706 1322 42 21 och
757 1322 52 21 icke
819 1321 40 22 vid
868 1321 118 22 landtvär-

231 1358 42 19 net
291 1356 23 21 af
332 1355 59 28 dem,
410 1363 49 15 som
477 1356 133 22 återsändas
629 1356 53 22 från
700 1359 130 26 trupperna,
850 1356 43 22 och
912 1356 23 26 2)
951 1359 35 18 rö-

231 1390 73 22 rande
328 1390 101 28 afföring
451 1391 52 21 från
525 1392 127 27 trupperna
669 1391 30 28 på
717 1390 76 29 grund
813 1390 23 22 af
852 1390 134 28 familjeför-

231 1424 134 28 hållanden,
387 1425 74 27 något
479 1432 48 14 som
545 1425 8 21 i
571 1425 98 21 anförda
688 1425 83 21 artikel
789 1425 51 21 icke
859 1428 26 18 är
902 1424 29 28 på
950 1424 36 22 sin

230 1458 71 28 plats;
321 1459 102 21 deremot
442 1459 84 21 saknas
545 1459 8 21 i
570 1459 140 28 paragrafen
728 1459 119 21 föreskrift
865 1458 65 22 såväl
947 1466 39 14 an-
