1109 1786
837 157 14 20 5

130 226 113 22 Finlands
265 226 49 21 inre
336 225 119 22 autonomi
477 225 44 22 och
538 225 135 22 tillochmed
691 225 91 21 landets
801 223 85 30 grund-

130 261 72 28 lagar,
224 261 98 21 befanns
343 260 84 29 nödigt
450 262 35 19 att
505 259 53 22 med
579 259 168 22 föranledande
768 258 67 22 häraf
851 260 36 19 ut-

131 295 70 28 lägga
222 295 28 21 de
268 294 242 28 hufvudsynpunkter,
528 295 31 27 på
577 293 77 29 grund
672 293 83 22 hvaraf
772 293 28 21 de
818 293 69 28 ryske

131 329 155 22 ledamöterne
309 329 51 21 icke
382 328 79 22 kunde
485 328 98 22 omfatta
603 330 228 26 representanternes
850 326 36 22 för

131 363 102 22 Finland
261 363 86 29 åsigter
369 363 9 21 i
402 363 77 21 saken.
516 362 103 22 Berörda
641 362 146 28 synpunkter
803 364 85 26 utgöra

132 398 77 22 tillika
231 398 117 21 allmänna
369 397 99 22 motiver
490 397 36 21 till
544 397 53 21 hela
615 396 271 29 författningsförslaget.

132 433 47 21 För
197 435 35 19 att
250 432 37 21 till
304 432 59 21 fullo
381 432 82 28 belysa
480 431 29 22 de
527 431 134 29 föreslagna
670 431 167 28 stadgandena,
848 437 39 14 an-

132 467 62 21 föras
216 467 117 21 dessutom
353 466 42 22 här
416 466 77 22 nedan
513 466 74 28 några
608 465 126 22 historiska
751 464 137 30 upplysnin-

132 509 42 21 gar
196 501 8 21 i
229 501 126 28 anledning
379 501 23 21 af
426 502 227 27 representanternes
674 500 36 21 för
728 499 102 22 Finland
849 506 39 14 an-

134 535 124 29 dragande.

203 568 106 24 Sålunda
332 569 61 21 skall
416 569 81 22 främst
520 569 95 21 utredas
637 568 117 22 huruvida
775 567 113 23 Finlands

134 604 119 21 autonomi
275 603 100 22 kränkes
398 603 135 28 därigenom
552 605 35 20 att
605 603 28 22 de
653 603 115 21 särskilda
787 602 101 21 militära

134 639 270 27 förvaltningsgrenarna
429 638 61 21 inom
512 637 76 22 finska
609 638 116 21 militären
749 637 74 28 enligt
843 636 45 22 för-

136 672 226 29 fattningsförslaget
384 672 91 22 komme
497 674 35 19 att
555 672 81 22 ställas
657 672 74 21 under
748 671 140 29 Krigsmini-

134 707 85 22 steriet.
255 706 112 22 Finlands
394 707 50 21 inre
472 707 119 22 autonomi
619 711 24 17 är
667 707 51 20 icke
737 706 25 21 så
781 708 54 25 stor,
854 708 35 19 att

134 742 44 21 den
201 741 74 22 skulle
297 741 128 22 förbehålla
449 741 90 21 landets
562 749 60 21 egna
644 741 153 28 styrelseverk
820 742 69 19 samt-

134 777 49 28 liga
206 775 241 28 förvaltningsgrenar
472 778 57 19 utan
550 777 73 27 något
644 775 127 28 undantag.
809 775 81 21 Såsom

137 811 91 27 bekant,
247 809 144 22 handhafves
410 810 91 21 landets
518 812 63 26 yttre
600 809 196 29 angelägenheter
815 809 22 21 af
855 809 34 20 in-

134 845 139 21 ternationel
293 847 71 19 natur
386 845 23 21 af
430 844 156 22 Ministerium
604 845 35 21 för
657 843 208 22 utrikesärendena
882 843 7 20 i

134 879 127 29 Ryssland;
286 879 48 25 allt,
357 886 48 14 som
423 879 83 21 hänför
524 879 37 28 sig
578 879 37 21 till
633 879 140 21 Monarkens
791 877 54 27 Hof,
865 880 25 17 är

133 913 102 29 förlagdt
265 913 36 21 till
331 913 133 29 Kejserliga
493 913 203 21 Hofministerium
726 913 8 20 i
761 910 128 30 Ryssland;

134 950 63 27 post-
225 947 42 22 och
294 948 271 28 telegrafförvaltningen
589 948 8 21 i
619 947 103 21 Finland
749 945 142 29 underlyder

134 982 123 22 Ministern
279 982 34 21 för
335 979 238 31 inrikesärendena'!);
593 982 28 21 de
639 982 70 28 ryska
728 981 136 22 läroverken
882 980 8 20 i

134 1017 103 21 Finland
255 1019 88 19 sortera
360 1016 73 22 under
452 1016 156 22 Ministerium
620 1017 35 21 för
667 1015 222 29 folkupplysningen

135 1050 43 22 och
196 1051 75 21 finska
296 1050 155 22 kadettkåren
473 1050 66 29 lyder
559 1051 9 21 i
585 1050 156 30 pedagogiskt
759 1048 131 23 hänseende

135 1085 74 22 under
235 1082 186 31 Öfverstyrelsen
447 1085 34 21 för
508 1085 224 22 militärläroverken
754 1085 7 21 i
783 1084 108 28 Kejsare-

135 1117 109 29 dömet
215 1113 33 39 ?):
264 1120 111 28 slutligen
393 1119 146 22 handhafvas
557 1120 76 21 finska
651 1120 128 21 militärens
799 1118 92 28 angelä-

135 1154 117 28 genheter,
271 1162 36 14 om
330 1154 44 21 ock
394 1154 83 21 endast
498 1154 194 27 kommandomäl,
712 1154 23 21 af
752 1152 139 29 Krigsmini-

136 1186 96 29 stern
206 1182 34 39 9);
260 1188 76 21 finska
361 1188 191 29 gardesbataljon
561 1186 17 29 *)
606 1188 43 21 hör
669 1188 38 21 till
728 1188 163 28 gardesskarp-

136 1223 199 28 skyttebrigaden.
371 1223 162 28 Följaktligen
550 1223 49 21 kan
617 1230 28 14 en
664 1225 74 18 större
756 1221 136 22 subordina-

136 1257 50 22 tion
209 1257 22 21 af
253 1257 28 21 de
303 1257 76 21 finska
401 1262 132 23 trupperna,
553 1257 7 21 i
579 1257 61 28 syfte
659 1259 34 19 att
711 1257 84 27 bringa
814 1255 52 22 dem
884 1255 8 20 i

205 1357 14 23 1)
232 1357 56 18 Storf.
302 1357 88 18 Finlands
403 1357 43 18 förf.
459 1358 52 17 saml.
525 1357 44 18 1890
582 1357 36 18 N:o
632 1357 26 18 16.

205 1386 14 21 9
256 1395 7 7 »
342 1394 7 5 »
457 1394 7 7 »
527 1386 44 17 1865
583 1386 36 18 N:o
632 1386 27 17 13.

205 1415 14 22 9
257 1423 6 8 »
343 1424 6 6 »
462 1424 3 2 >
527 1415 44 17 1878
583 1415 36 17 N:o
631 1414 28 18 25.
681 1414 74 19 (Fullst.
762 1413 89 23 lagcodex
857 1413 36 17 N:o

229 1444 69 22 59100).

205 1472 14 22 +)
231 1472 53 18 Milit.
297 1473 42 17 förf.
353 1472 52 17 saml.
418 1472 45 17 1869
475 1472 59 17 boken
547 1472 24 17 V.
583 1474 35 15 art.
631 1472 38 17 539.

907 566 62 18 Finska
981 566 29 18 mi-

901 595 71 18 litärens
983 599 29 13 su-

894 623 127 18 bordinerande

898 653 54 17 under
964 651 57 23 Krigs-

910 681 93 18 ministern.
