1111 1792
269 157 31 21 26

233 226 69 21 adeln
320 225 42 21 och
381 225 174 22 bondeståndet.
584 226 33 21 På
634 226 91 21 hvilket
738 228 45 20 sätt
799 226 190 28 borgareståndet

232 260 132 21 förmåddes
389 262 34 19 att
445 268 79 14 senare
544 260 92 22 ansluta
655 261 36 28 sig
709 261 36 21 till
764 260 101 22 nämnda
884 261 61 29 åsigt
965 265 24 17 är

233 295 35 21 för
304 302 36 14 oss
370 295 109 27 obekant;
507 295 170 28 presteståndet
705 295 102 22 deremot
832 295 157 28 protesterade

232 329 70 28 länge
330 332 61 18 emot
419 331 34 19 ett
477 329 83 22 sådant
578 332 57 25 steg,
655 333 55 18 enär
728 330 27 21 de
774 330 132 28 föreslagna
924 337 65 21 para-

232 363 110 28 graferna
360 363 8 21 i
385 364 221 28 värnepligtslagen,
620 364 72 21 ehuru
705 364 88 28 egande
806 365 58 20 visst
877 364 112 22 samband

233 397 52 22 med
312 397 171 29 grundlagarne
510 398 43 21 och
582 398 126 22 berörande
737 398 250 29 ståndsprivilegierna,

233 432 61 21 dock
312 432 50 21 icke
381 433 82 28 sjelfva
481 433 61 28 finge
561 433 138 22 tillskrifvas
717 433 127 28 grundlags
860 433 129 21 beskaffen-

233 467 47 20 het.
316 467 185 21 Presteständets
519 467 148 22 medlemmar
685 468 72 21 funno
770 467 53 22 hela
835 467 154 29 värnepligts-

233 501 68 28 lagen
329 509 56 13 vara
411 501 22 21 af
458 501 140 29 provisorisk
623 504 70 19 natur
712 503 42 20 och
772 502 56 21 ville
846 502 142 21 fördenskull

233 535 52 21 icke
305 537 34 20 att
357 536 73 28 några
449 536 22 21 af
489 536 51 21 dess
559 536 147 28 stadganden
725 536 76 22 blefve
819 536 114 22 hänförda
952 536 36 21 till

232 569 180 29 grundlagarne.
448 571 12 20 I
486 571 170 28 presteständet
684 572 83 27 ansågs
793 570 39 22 det
850 571 52 21 med
920 573 67 24 rätta,

234 607 36 19 att
282 604 28 21 de
323 604 107 21 liberales
442 605 71 21 bland
527 605 68 22 adeln
608 605 88 29 förslag
706 605 77 22 kunde
793 605 102 22 medföra
905 605 84 28 mänga

234 639 163 21 allvarsamma
409 639 149 28 olägenheter
568 640 65 21 såväl
642 640 40 21 vid
693 639 175 30 upphäfvandet
881 640 23 21 af
914 639 75 22 denna

232 673 157 28 provisoriska
408 673 46 28 lag,
473 681 48 14 som
539 674 8 21 i
566 674 126 21 allmänhet
712 674 38 22 vid
769 675 107 20 eventuel
888 674 100 21 revision

234 707 24 21 af
276 707 139 22 densamma.

303 742 60 21 Hela
389 742 169 22 ofvananförda
584 743 98 22 historia
700 747 26 18 är
743 743 86 21 lärorik
848 743 8 21 i
875 743 39 21 det
933 743 56 21 afse-

233 776 60 21 ende
320 779 34 18 att
382 777 98 21 emellan
507 777 177 22 medlemmarne
708 778 24 21 af
755 777 26 21 de
805 777 63 22 olika
890 777 99 22 ständen

233 810 102 29 uppstod
354 814 71 18 större
444 812 196 28 meningsolikhet
653 813 8 20 i
673 820 29 13 en
715 812 72 28 fräga,
801 820 46 13 som
861 812 8 21 i
882 812 107 22 afseende

233 846 13 20 ä
274 845 52 21 dess
353 845 115 22 allmänna
497 846 60 21 anda
584 847 43 21 och
651 847 119 28 betydelse
788 846 52 22 icke
858 846 59 22 hade
935 846 51 22 bort

232 879 66 28 gifva
317 879 126 29 anledning
462 880 37 21 till
516 881 78 28 nägon
612 881 276 29 meningsskiljaktighet,
908 885 25 24 ty
945 881 42 21 allt

232 913 92 27 sädant,
343 921 48 14 som
410 914 91 22 absolut
519 915 42 21 hör
580 916 36 20 till
634 916 184 28 grundlagarnes
834 915 99 27 omräde,
946 915 42 21 bör

232 948 53 21 icke
304 948 123 22 framkalla
445 950 72 27 några
536 956 48 14 som
597 950 60 21 helst
671 950 142 21 tvifvelsmäl
825 950 43 21 och
882 954 25 16 är
920 949 67 22 alltid

232 982 145 29 fullkomligt
395 983 63 21 klart
476 983 35 21 för
529 984 93 22 enhvar.

303 1016 86 22 Vidare
407 1017 111 29 förtjenar
536 1018 205 28 uppmärksamhet
759 1018 38 21 det
817 1020 51 25 sätt,
888 1020 29 26 pä
929 1018 59 21 hvil-

232 1050 42 22 ket
301 1051 213 29 värnepligtslagen
539 1052 23 22 af
584 1052 341 22 Minister-Statssekreteraren
954 1052 35 21 för

232 1085 104 21 Finland
354 1085 48 22 blef
420 1086 156 22 öfverlemnad
594 1087 37 21 till
650 1087 72 28 nädig
740 1087 152 21 stadfästelse.

303 1120 82 21 Denna
399 1120 146 22 stadfästelse
558 1121 57 27 egde
625 1129 51 13 rum
685 1121 74 21 under
770 1121 94 21 alldeles
876 1121 112 28 exceptio-

232 1154 54 20 nela
304 1154 204 28 omständigheter.
539 1155 45 21 Det
603 1159 25 17 är
646 1155 80 27 kändt,
746 1158 35 19 att
799 1155 76 21 finska
888 1155 105 21 ärenden.

234 1188 23 21 af
285 1188 54 21 civil
367 1191 75 25 natur,
465 1189 80 21 hvilka
569 1190 102 21 erfordra
696 1190 88 28 Högsta
803 1190 105 20 maktens
927 1190 61 20 stad-

232 1222 101 27 fästelse,
352 1223 133 29 föredragas
499 1224 23 21 af
533 1224 346 21 Minister-Statssekreteraren.
906 1224 81 21 Denna

232 1260 49 24 väg
307 1256 49 22 blef
380 1257 23 21 af
426 1259 77 27 någon
522 1258 127 29 anledning
667 1258 84 28 jemväl
774 1258 214 28 värnepligtslagen

234 1290 158 22 öfverlemnad
420 1292 36 21 till
481 1292 28 21 H.
532 1292 42 21 M:t
592 1293 125 27 Kejsarens
735 1292 155 27 fastställelse,
910 1292 77 27 ehuru,

232 1325 93 28 jemlikt
349 1326 13 26 $
388 1326 13 20 3
425 1326 23 22 af
465 1326 174 22 Instruktionen
659 1327 35 21 för
712 1326 223 22 Statssekreteraren
953 1327 36 21 för

233 1359 103 22 Finland
365 1360 53 27 (den
445 1361 29 21 17
498 1361 61 21 Mars
580 1361 81 28 1826),
681 1361 74 22 denne
774 1369 54 20 eger
845 1361 89 22 befatta
953 1362 36 27 sig

233 1393 83 22 endast
342 1394 53 21 med
423 1395 106 28 ärenden,
548 1403 48 14 som
618 1395 56 22 höra
693 1396 37 21 till
747 1395 91 22 landets
858 1395 68 22 civila
945 1395 44 22 för-

232 1428 117 28 valtning.
385 1429 72 22 Detta
484 1437 41 14 var
551 1429 45 22 den
624 1430 70 21 första
722 1430 134 21 afvikelsen.
893 1429 55 22 Men
967 1429 22 22 af

232 1463 130 27 väsentligt
383 1465 72 20 större
474 1463 118 29 betydelse
611 1472 43 13 var
672 1464 44 21 den
735 1464 72 21 andra
826 1463 163 28 oriktigheton,
