1109 1811
278 155 31 21 58

240 223 36 22 fer
295 223 34 22 för
347 224 188 27 hufvudvakten;
554 224 41 21 vid
613 224 206 29 rekonosceringar
837 227 63 18 utses
920 224 26 21 de
962 224 37 21 till

241 257 80 22 chefer
338 258 35 22 för
390 258 97 22 ridande
506 259 113 28 patrullet
637 266 20 14 o.
676 266 17 13 s.
712 267 21 13 v.
761 259 36 21 Då
807 258 191 22 underofficerare

242 292 81 22 kunna
341 293 131 28 föreläggas
491 293 82 27 dylika
590 293 121 29 uppgifter
721 293 42 21 och
773 293 30 21 då
813 293 28 21 de
850 293 76 21 finska
936 296 64 25 trup-

242 334 73 20 perna
332 327 73 21 under
422 327 213 29 krigsoperationer
653 327 92 21 komma
763 329 34 19 att
816 327 120 21 samverka
948 327 51 21 med

243 360 28 22 de
289 361 76 29 ryska,
385 362 74 21 skulle
477 361 120 22 bristande
615 362 108 28 kunskap
737 362 8 21 i
757 362 70 28 ryska
846 362 94 28 språket
958 361 41 21 hos

241 395 42 21 det
301 396 76 21 finska
394 396 162 21 underbefälet
575 396 7 21 i
601 397 86 27 många
705 396 42 22 fall
766 396 103 22 medföra
882 398 62 19 stora
958 396 41 21 och

243 430 163 21 allvarsamma
424 430 145 29 svårigheter
583 430 57 21 eller
653 430 37 21 till
700 431 42 20 och
753 430 49 21 med
814 430 86 29 farliga
909 430 89 29 följder.

313 464 155 29 Synnerligen
491 464 71 29 farlig
585 465 48 21 kan
651 465 142 21 situationen
811 465 81 27 blifva,
912 465 28 21 då
959 472 41 13 un-

243 498 120 21 derofficer
380 499 74 21 under
472 499 83 28 sjelfva
574 499 89 21 striden
681 499 61 22 skall
755 502 87 19 ersätta
854 499 84 28 stupad
951 499 49 20 offi-

243 540 44 14 cer.
323 533 11 21 I
352 533 83 22 nutida
453 533 161 28 drabbningar
633 534 102 21 kommer
755 534 88 21 antalet
862 533 70 22 fallne
952 533 48 21 offi-

244 575 77 14 cerare
349 569 34 20 att
411 568 74 21 blifva
510 568 93 28 mycket
621 570 66 25 stort,
706 568 106 22 hvarföre
831 568 71 21 också
920 567 80 22 ofvan-

243 601 103 22 nämnda
367 602 117 28 tillfällen,
504 602 29 21 då
551 602 192 22 underofficerare
763 603 66 21 skola
848 604 86 19 ersätta
952 601 48 22 offi-

243 643 84 20 cerare,
347 636 80 22 kunna
444 636 95 22 inträffa
558 637 79 21 oftare.

313 670 69 22 Hvad
409 672 50 20 åter
481 671 113 21 beträffar
612 671 149 29 svårigheten
779 671 35 21 för
832 670 167 29 befolkningen

245 706 35 20 att
298 705 49 21 lära
365 706 36 28 sig
419 706 71 28 ryska
508 706 101 28 språket,
628 706 96 21 emedan
742 706 106 21 finnarne
866 705 88 28 nödgas
967 705 33 21 in-

244 739 79 21 hemta
341 740 84 28 många
443 740 73 22 andra
534 740 75 28 språk,
624 748 67 13 anser
706 740 117 27 Komitén,
833 742 59 19 utan
902 742 34 19 att
946 740 53 28 ingä

244 774 8 21 1
271 774 110 28 pröfning
400 774 23 22 af
440 775 83 28 frågan
541 774 9 21 i
568 774 63 22 hvad
649 775 54 21 mån
721 775 76 21 denna
811 774 137 28 befolkning
958 774 42 21 är
989 770 15 37 i

245 808 70 21 behof
334 808 23 21 af
375 811 34 19 att
427 809 50 21 lära
496 809 36 29 sig
551 808 73 22 andra
637 809 76 29 språk,
725 809 39 21 det
774 810 36 20 stå
819 811 65 19 utom
895 808 41 22 allt
947 808 53 21 tvif-

245 842 45 28 vel,
319 845 34 19 att
380 843 132 21 inlärandet
540 843 22 21 af
585 844 72 28 ryska
674 844 143 28 riksspråket
835 843 41 21 bör
896 842 78 22 ställas
994 843 7 20 i

245 876 97 22 främsta
360 881 99 17 rummet
476 878 36 21 för
530 877 44 21 den
593 878 37 21 del
650 878 23 21 af
691 878 173 28 befolkningen,
884 884 48 14 som
948 877 53 21 stäl-

245 911 33 20 les
297 911 8 21 i
323 911 62 21 ledet
401 911 43 22 och
457 912 8 21 i
477 912 126 28 synnerhet
612 912 37 21 för
659 912 92 27 befälet,
763 911 97 22 emedan
869 911 35 21 till
916 919 83 13 samma

245 945 63 21 armé
326 945 102 22 hörande
447 949 101 25 trupper,
558 946 81 21 hvilka
655 946 51 21 icke
716 947 73 21 förstå
799 945 139 27 hvarandra,
951 945 50 21 icke

245 979 73 21 heller
345 980 80 21 kunna
449 980 52 22 med
526 981 124 28 framgång
669 981 126 21 samverka.
832 980 80 21 Under
931 987 71 14 nuva-

245 1014 71 21 rande
340 1014 163 22 förhållanden
521 1015 36 21 stå
575 1015 28 20 de
622 1015 75 22 finska
715 1019 127 24 trupperna
860 1014 142 29 fullkomligt

245 1048 143 21 främmande
412 1049 37 21 för
467 1049 27 21 de
512 1049 77 28 ryska,
608 1049 96 22 hvilken
723 1049 123 28 olägenhet
864 1049 45 20 den
927 1049 75 20 finska

246 1082 218 22 administrationen
481 1084 51 21 icke
551 1084 60 21 blott
630 1084 137 21 försummar
780 1086 34 19 att
825 1083 109 28 aflägsna,
946 1086 56 18 utan

245 1117 134 21 tillochmed
407 1118 66 21 söker
500 1117 52 22 med
579 1118 47 21 alla
650 1118 75 21 medel
746 1119 105 26 förstora,
871 1117 37 21 till
926 1117 75 21 direkt

245 1151 74 21 skada
336 1151 35 22 för
389 1152 185 21 riksintressena.
606 1153 71 21 Detta
695 1153 12 21 å
726 1160 44 14 ena
789 1153 73 20 sidan.
890 1147 22 25 Å
930 1151 71 22 andra

244 1185 68 22 sidan
330 1185 41 22 bör
390 1187 97 27 märkas,
499 1189 35 18 att
552 1187 40 20 det
609 1187 21 28 ej
650 1187 71 21 borde
741 1190 64 18 möta
823 1187 72 26 något
914 1186 88 26 hinder,

245 1220 140 20 åtminstone
403 1220 8 21 i
429 1221 107 21 läroverk
555 1221 24 21 af
597 1220 72 22 första
687 1221 129 29 kategorin,
831 1223 35 19 att
882 1220 120 28 grundligt

245 1254 75 21 inlära
348 1254 70 28 ryska
446 1255 99 28 språket,
569 1262 37 14 om
624 1256 83 20 härvid
726 1256 76 21 såsom
819 1256 75 20 lärare
913 1255 8 20 i
939 1254 62 21 detta

245 1291 66 18 ämne
331 1289 112 21 anställas
462 1289 94 21 infödde
574 1297 78 21 ryssar
671 1290 43 21 och
726 1290 51 21 icke
791 1290 81 26 finnar,
884 1290 74 20 såsom
968 1288 35 21 för

244 1322 145 22 närvarande
408 1323 9 21 i
435 1324 84 28 många
536 1324 43 21 fall
597 1331 54 21 eger
669 1332 56 14 rum.

314 1356 12 21 I
344 1357 153 22 betraktande
516 1358 67 21 häraf
601 1358 43 22 har
661 1358 112 22 Komitén
792 1358 50 21 icke
856 1358 90 21 kunnat
959 1358 44 21 för-

244 1398 44 14 ena
307 1391 36 28 sig
368 1398 37 14 om
423 1395 202 25 representantens
643 1393 37 21 för
699 1393 44 21 den
761 1392 77 22 finska
857 1392 146 22 administra-

244 1424 81 22 tionen
343 1426 68 28 äsigt.
