1111 1781
802 159 29 21 15

110 232 84 21 genom
212 225 43 22 har
272 226 107 28 uppstätt
397 228 34 19 ett
443 225 144 30 fullkomligt
596 227 108 21 abnormt
713 226 153 29 förhällande,

110 259 125 22 bestäende
262 259 56 28 däri,
346 262 36 19 att
408 259 74 22 ehuru
500 260 40 22 det
556 261 40 21 väl
614 261 74 22 finnes
706 269 29 14 en
752 261 116 28 Krigsmi-

110 294 80 27 nister,
209 301 50 14 som
282 294 127 29 uppträder
429 295 21 28 ,i
468 294 122 23 enahanda
608 295 118 29 egenskap
744 296 69 21 äfven
831 296 38 21 för

111 328 45 21 den
182 328 76 22 finska
285 328 138 28 militären*,
449 329 70 28 högst
539 329 93 29 viktiga
650 330 96 29 specielt
764 330 103 22 militära

110 363 84 28 frågor,
222 370 49 14 som
298 363 142 22 omedelbart
466 363 81 22 beröra
574 371 86 15 samma
682 364 92 28 militär,
793 365 76 21 likväl

111 397 133 28 föredragas
264 397 23 21 af
304 397 75 22 finske
397 398 207 28 statssekreterare,
623 398 82 22 hvilka
717 399 86 22 hittills
812 399 55 22 vida

111 431 74 22 oftare
212 433 85 20 utsetts
324 431 71 22 bland
423 432 68 22 civile
509 433 143 21 embetsmän
670 437 30 18 än
719 433 71 22 bland
808 433 59 22 mili-

111 469 62 18 tärer
200 465 145 29 (Speranski,
372 467 141 27 Rehbinder,
539 467 106 28 Armfelt,
665 467 205 29 Stjernvall-Wal-

111 501 51 21 leen
186 500 44 21 och
250 500 82 21 Bruun
354 501 109 22 tillhörde
485 501 132 22 civilstaten
636 501 44 22 och
698 502 81 22 endast
797 509 69 22 gene-

111 535 90 22 ralerne
219 535 119 21 Ehrnroth
356 535 43 22 och
417 535 81 22 Daehn
517 543 55 14 voro
591 536 128 27 militärer).
755 536 112 22 Vidkom-

112 569 82 22 mande
222 569 28 22 de
277 569 115 22 särskilda
413 570 199 29 föredragandene
630 571 24 21 af
671 571 75 21 finska
764 571 102 22 ärenden

112 604 41 21 hos
175 603 193 28 Krigsministern
390 605 98 28 bidraga
509 605 28 21 de
558 605 52 21 icke
632 605 37 21 till
690 606 77 28 nägon
788 605 78 22 enhet-

111 638 81 28 lighet,
211 645 52 14 men
291 638 38 21 väl
347 639 36 21 till
402 647 29 13 en
449 639 120 29 splittring
587 639 23 22 af
629 639 121 28 ärendena,
770 639 96 22 emedan

113 673 28 20 de
159 673 73 28 högre
250 673 102 21 militära
370 673 185 28 styrelseverken
572 674 55 28 föga
646 673 56 22 eller
720 676 84 20 nästan
823 674 43 21 alls

112 707 51 21 icke
189 709 65 26 yttra
280 707 36 28 sig
337 707 8 21 i
367 707 27 22 de
417 708 201 28 angelägenheter,
646 716 49 14 som
717 709 23 21 af
761 708 105 22 bemälde

113 741 142 22 embetsmän
285 741 141 30 föredragas,
457 742 43 22 och
530 743 98 21 berörda
655 743 101 21 ärenden
783 743 83 21 därvid

113 775 67 22 alltid
209 775 52 22 med
288 776 175 29 nödvändighet
492 777 108 28 utläggas
626 777 165 22 företrädesvis
815 777 51 21 med

112 810 147 21 uteslutande
286 810 90 29 hänsyn
404 811 38 21 till
469 811 162 28 gränslandets
658 819 61 21 egna
745 812 121 26 intressen,

112 845 7 20 i
143 844 58 29 följd
228 844 82 22 hvaraf
337 845 98 22 sakerna
462 846 111 28 slutligen
599 846 64 21 ledas
687 846 9 21 i
719 853 28 14 en
774 845 92 29 ensidig

111 879 111 28 riktning.

179 913 125 22 Betraktas
331 913 82 29 frägan
438 921 37 14 om
501 913 171 22 ofvannämnde
698 914 167 29 föredragande

112 955 26 13 ur
157 947 122 29 principiel
298 948 125 29 synpunkt,
443 949 72 20 måste
534 956 53 14 man
605 949 92 21 komma
706 949 37 21 till
754 949 45 21 den
809 948 57 21 slut-

112 984 83 25 satsen,
220 984 35 19 att
278 982 65 21 desse
362 983 142 21 embetsmän
522 983 78 21 blifvit
621 983 97 21 utsedde
740 983 35 22 för
797 983 69 22 beva-

111 1016 76 21 kande
213 1017 23 20 af
258 1017 82 21 enbart
368 1017 75 22 finska
471 1017 114 22 intressen
612 1017 43 22 och
678 1019 35 20 att
730 1018 78 27 nägon
826 1017 40 28 lag

111 1051 51 21 icke
188 1051 124 28 förpligtar
340 1051 49 22 dem
418 1054 35 19 att
470 1051 80 29 belysa
568 1053 29 27 pä
616 1051 66 22 deras
700 1051 167 29 föredragning

112 1085 169 22 ankommande
302 1086 78 28 frågor
401 1093 28 14 ur
450 1086 149 29 synpunkten
618 1087 23 20 af
659 1086 73 21 rikets
749 1086 119 22 allmänna

112 1119 72 28 bästa,
203 1119 107 22 hvarföre
328 1121 70 20 också
415 1120 360 29 föredragandebefattningarna
793 1121 73 20 måste

112 1155 8 20 i
138 1153 69 29 högst
224 1155 118 28 väsentlig
359 1155 54 21 mån
431 1154 98 29 bidraga
546 1155 37 21 till
601 1155 113 22 Finlands
731 1155 135 28 afsöndring

112 1189 51 20 från
181 1189 124 28 Ryssland.
341 1189 46 21 Till
405 1189 137 28 skyddande
560 1189 24 22 af
602 1190 50 21 sina
671 1197 60 21 egna
751 1189 115 22 intressen

112 1223 69 21 hafva
209 1223 106 22 finnarne
342 1223 78 29 dragit
446 1223 91 29 försorg
563 1231 37 14 om
618 1226 35 19 att
672 1223 41 22 hos
732 1223 45 22 alla
795 1223 71 29 ryska

112 1257 169 29 myndigheter,
308 1258 80 22 hvilka
415 1258 71 22 hafva
513 1260 35 20 att
566 1258 80 29 afgöra
664 1258 75 22 finska
757 1258 114 27 ärenden,

113 1292 98 21 anstälts
237 1292 75 22 finske
336 1292 178 28 föredragande;
544 1293 97 21 sålunda
665 1296 26 18 är
712 1293 40 21 hos
773 1293 93 21 Monar-

112 1326 57 21 kens
196 1334 84 20 person
308 1327 91 21 anstäld
427 1334 27 14 en
474 1327 331 27 Minister-Statssekreterare,
824 1326 42 22 hos

112 1360 92 22 landets
222 1363 130 26 styresman
370 1369 28 13 en
417 1361 104 22 direktör
539 1362 35 21 för
584 1361 282 29 generalguvernörskan-

113 1395 52 21 sliet
192 1395 44 21 och
262 1403 28 13 en
318 1395 99 22 särskild
444 1396 117 21 stabschef
587 1396 36 22 för
649 1396 76 22 finska
748 1396 118 21 militären

113 1431 59 19 samt
192 1429 42 22 hos
256 1430 195 28 Krigsministern
473 1438 28 13 en
523 1430 99 22 särskild
643 1430 169 29 föredragande
830 1430 36 21 för

112 1463 75 21 finska
214 1464 128 22 militärens
369 1464 202 29 angelägenheter.
608 1464 54 22 Alla
686 1464 70 22 hafva
779 1464 28 22 de
829 1464 36 28 sig
