1114 1786
244 123 27 20 42

214 198 41 21 gen
279 190 124 22 öfverföras
426 189 33 21 till
475 195 108 20 reserven,
599 189 6 20 i
621 188 86 21 hvilken
723 188 42 21 han
782 189 27 21 då
825 189 99 22 kvarstår
939 189 42 22 tolf

215 226 30 27 år,
262 225 53 22 eller
331 224 43 21 ock
389 223 101 22 fortsätta
506 223 40 21 den
563 223 73 21 aktiva
648 223 177 27 tjenstgöringen,
837 223 90 22 hvarvid
939 225 39 20 den

215 260 38 25 tid,
269 259 71 21 under
357 257 86 21 hvilken
458 257 42 20 han
515 257 98 26 frivilligt
630 257 53 20 stått
697 257 8 20 i
721 257 59 21 aktiv
795 258 74 27 tjenst,
879 257 99 22 inberäk-

214 300 39 15 nas
270 294 6 20 i
292 292 142 28 tjenstetiden
457 291 35 20 vid
516 297 106 19 reserven,
638 291 91 21 sålunda
745 293 33 19 att
793 292 42 26 dag
850 292 80 21 räknas
945 292 34 21 för

215 328 48 26 dag.
293 325 142 23 Beträffande
459 325 96 21 deremot
576 325 153 21 förtsättandet
749 326 24 20 af
787 326 168 27 tjenstgöringen
971 327 7 21 i

215 362 99 27 krigstid,
336 361 69 27 gäller
423 359 33 22 för
471 359 100 27 frivillige
590 360 40 20 den
645 360 7 21 i
668 360 92 20 artikeln
778 360 25 20 15
819 360 105 26 stadgade
940 361 38 20 all-

215 398 77 20 männa
307 395 83 27 regeln.

285 450 52 18 Art.
355 448 49 18 137.
430 446 77 20 Elever
523 446 6 20 i
545 445 193 27 specialklasserna
755 445 23 21 af
787 445 60 21 Hans
858 445 121 27 Kejserliga

215 482 113 27 Majestäts
352 480 99 27 Pagekår
473 480 40 21 och
532 479 79 22 Finska
627 479 147 21 Kadettkåren
790 482 57 18 samt
862 480 6 20 i
885 480 93 26 följande

216 516 145 27 krigsskolor:
385 514 212 26 infanteriskolorna,
618 513 157 27 Nikolajeffska
790 514 187 25 kavalleriskolan,

216 550 159 27 Nikolajeffska
398 548 190 28 ingeniörsskolan,
612 547 157 21 Michailoffska
793 548 39 21 och
852 548 126 22 Konstanti-

217 584 86 23 noffska
327 582 197 23 artilleriskolorna
547 584 58 19 samt
628 581 94 21 militära
738 582 184 26 topografskolan,
938 583 41 20 lik-

217 619 75 21 ställas
308 619 7 20 i
331 617 100 22 afseende
447 617 12 21 å
474 617 159 27 värnepligtens
656 616 135 27 fullgörande
807 617 49 21 med
872 617 106 28 frivillige,

217 653 89 21 hvarvid
330 651 134 22 beträffande
481 651 61 21 deras
557 650 138 28 upptagande
710 650 6 21 i
732 650 161 28 förteckningar
908 652 71 26 tjenar

217 688 33 21 till
274 686 147 22 efterrättelse
444 685 55 21 hvad
519 685 6 21 i
545 685 91 21 artikeln
660 685 26 21 69
710 684 93 28 stadgas.
835 685 43 21 För
901 686 77 26 elever,

218 722 73 21 hvilka
306 720 50 22 från
372 720 62 21 dessa
449 720 153 21 läroanstalter
617 719 146 21 utdimitteras
779 719 71 22 såsom
867 720 111 22 offfcerare

218 756 53 21 eller
286 756 7 20 i
309 756 61 26 lägre
385 754 60 27 grad,
461 754 130 20 inberäknas
605 753 106 21 lärotiden
722 754 35 20 vid
769 754 66 26 sagda
845 754 134 27 krigsskolor

219 790 40 22 och
274 790 7 21 i
297 788 135 29 pagekårens
455 791 56 18 samt
533 787 68 22 finska
620 788 155 21 kadettkårens
793 789 186 26 specialklasser
967 783 16 38 i

219 825 48 21 hela
283 824 63 22 deras
361 822 122 28 tjenstetid;
500 823 6 20 i
522 822 59 22 aktiv
597 822 65 27 tjenst
678 824 37 20 äro
727 823 26 21 de
764 823 98 27 skyldige
873 825 32 19 att
915 824 63 20 kvar-

219 860 34 20 stå
276 861 31 19 ett
331 858 39 21 och
391 859 32 19 ett
439 856 54 22 halft
509 858 24 19 är
549 856 33 21 för
598 856 73 27 hvarje
687 857 76 25 läseår,
780 863 44 15 som
842 857 26 21 de
883 857 96 27 tillbragt

218 893 35 22 vid
269 892 131 22 läroverket.
424 891 219 27 Tjensteterminerna
653 891 117 21 beräknas:
781 891 48 21 hela
841 892 138 26 tjenstetiden

221 940 23 3 —
261 927 48 22 från
325 927 41 20 den
382 926 67 21 första
465 925 69 27 dagen
550 926 7 20 i
573 925 106 21 månaden
694 927 47 20 näst
753 925 56 21 efter
821 925 62 22 deras
893 925 85 22 inträde

219 962 34 21 vid
276 960 131 26 läroverket,
433 959 40 22 och
497 959 39 21 den
552 959 73 21 aktiva
640 959 91 27 tjensten
748 971 25 3 —
791 959 48 22 från
855 960 40 21 den
911 960 68 21 första

219 997 70 26 dagen
306 996 7 21 i
329 995 114 26 månaden,
459 1000 45 15 som
521 993 62 28 följer
599 993 54 22 efter
669 993 61 22 deras
743 993 110 22 dimission
864 994 47 21 från
923 995 56 21 läro-

219 1032 80 21 verket.

289 1085 51 18 Art.
358 1084 50 18 138.
440 1081 77 21 Elever
532 1081 7 20 i
555 1081 26 21 de
596 1081 7 20 i
619 1081 92 21 artikeln
729 1081 39 21 187
785 1081 128 22 omnämnda
924 1082 55 21 läro-

219 1118 58 27 verk,
301 1117 75 21 hvilka
399 1116 46 21 icke
460 1115 89 22 afslutat
565 1115 126 27 fullständig
706 1115 58 26 kurs,
780 1117 37 20 äro
831 1116 79 27 jemväl
925 1116 54 27 plig-

220 1153 43 26 tige
279 1154 32 19 att
327 1152 34 20 stå
377 1151 7 20 i
401 1151 59 20 aktiv
476 1150 65 27 tjenst
557 1150 67 21 under
640 1152 32 19 ett
688 1150 39 21 och
743 1152 31 19 ett
789 1150 56 21 halft
861 1150 34 21 års
905 1151 31 21 tid
947 1151 33 21 för

220 1187 40 21 den
284 1187 33 21 tid
341 1186 25 20 de
390 1185 88 27 åtnjutit
501 1185 152 26 undervisning
669 1185 6 20 i
690 1185 74 26 hvarje
783 1185 67 26 klass,
866 1185 72 21 derest
954 1185 26 21 de

220 1222 108 20 kvarstått
344 1220 34 20 vid
395 1220 122 20 läroverket
532 1219 76 27 längre
624 1218 31 22 tid
671 1220 25 19 än
713 1225 26 15 en
755 1218 168 22 halfårstermin.
948 1220 32 20 De

221 1256 96 21 deremot
341 1260 45 16 som
409 1254 56 21 varit
487 1254 88 26 intagne
592 1254 6 20 i
614 1253 123 21 läroverket
760 1254 67 21 under
851 1260 26 14 en
893 1254 87 21 kortare

220 1290 38 27 tid,
282 1292 37 19 äro
343 1289 47 21 icke
413 1288 85 22 bundne
521 1288 35 21 vid
577 1288 71 26 någon
666 1288 140 26 obligatorisk
821 1288 110 27 tjenstetid
947 1288 34 22 för

221 1325 98 27 åtnjuten
342 1324 159 26 undervisning,
525 1325 52 19 utan
597 1324 76 25 utgöra
689 1322 32 22 sin
737 1323 120 27 värnepligt
873 1322 54 23 efter
942 1323 37 21 all-

222 1362 79 18 männa
315 1358 100 28 grunder.
