1109 1792
812 155 29 21 31

192 222 78 28 Deraf,
298 225 35 19 att
356 222 124 21 ständerna
498 222 102 28 granska
619 222 123 28 budgeten,
762 222 47 21 kan
827 223 52 21 icke

124 256 106 22 härledas
248 257 78 28 någon
344 256 126 28 ovilkorlig
487 256 115 28 rättighet
612 256 36 22 för
664 256 100 22 Senaten
780 259 34 19 att
824 260 57 26 taga

124 291 133 28 befattning
275 290 52 22 med
346 291 100 21 ärenden
458 290 98 22 rörande
568 291 150 28 lägermöten.
748 290 132 23 Ständerna

124 326 143 22 öfverlämna
288 325 51 21 icke
363 326 25 20 åt
406 325 102 22 Senaten
524 326 78 27 någon
622 325 22 22 af
662 326 52 21 sina
731 325 146 27 funktioner;

125 361 101 21 Senaten
244 360 126 28 uppträder
387 360 51 21 icke
457 360 74 21 såsom
549 359 66 22 deras
630 359 85 22 ombud
728 360 74 21 under
813 360 66 22 tiden

125 395 85 22 mellan
227 394 183 28 landtdagarnas
428 394 118 22 sessioner.
566 394 131 22 Ständerna
710 394 81 22 anvisa
804 394 74 22 medel

125 430 35 21 för
177 428 145 23 betäckande
341 429 23 21 af
377 431 83 19 största
473 428 67 22 delen
551 428 22 22 af
585 428 177 22 militieverkets
774 429 104 29 utgifter,

124 472 53 13 men
195 464 75 21 denna
289 463 173 29 omständighet
485 462 161 30 grundlägger
667 463 51 21 icke
736 464 78 28 någon
831 466 49 19 rätt

125 501 35 19 att
175 498 95 28 deltaga
288 498 8 21 i
315 498 137 28 afgörandet
470 498 24 21 af
512 497 96 29 specielt
623 498 102 21 militära
734 498 84 29 frågor,
830 505 48 14 som

125 533 94 28 påkalla
247 532 103 28 utgifter,
369 532 38 22 till
434 532 96 21 hvilken
557 532 96 21 slutsats
678 540 54 14 man
750 532 128 22 emellertid

125 568 73 20 måste
216 567 98 27 komma,
332 567 52 21 ifall
397 574 53 14 man
460 566 69 29 följer
539 566 45 21 den
592 566 76 22 finska
678 569 200 26 representantens

126 602 141 28 tankegång.
295 601 56 21 Man
369 602 72 21 måste
465 601 109 29 derjemte
588 601 155 28 ihågkomma,
763 604 35 19 att
816 604 62 19 stän-

125 636 73 21 derna
215 636 51 21 icke
284 636 114 21 stadfästa
407 636 117 28 budgeten
534 636 35 20 för
579 635 108 28 Finland,
698 638 57 19 utan
766 639 34 18 att
810 638 69 20 stats-

127 670 109 28 förslaget
254 670 126 22 fastställes
399 671 23 21 af
440 670 91 28 Högsta
549 670 100 21 makten.

194 704 146 29 Truppernas
358 709 112 23 numerär,
490 704 66 22 deras
574 705 141 28 utrustning,
728 705 150 28 lägermöten,

126 752 26 2 —
172 739 43 21 allt
233 739 65 21 detta
316 743 25 17 är
358 739 108 22 förenadt
484 738 51 22 med
553 738 104 29 utgifter,
667 739 107 22 hvarföre
788 740 51 21 icke
850 747 28 13 en

126 774 59 21 enda
212 774 24 21 af
262 773 66 22 dessa
349 774 84 28 frågor,
459 774 75 28 enligt
557 773 117 22 finnarnes
699 774 113 28 tolkning,
831 774 47 21 kan

126 808 92 28 afgöras
236 811 57 18 utan
312 808 136 22 ständernas
466 807 148 22 medvärkan.

196 842 45 22 För
260 845 35 19 att
312 843 78 27 förstå,
408 842 108 22 hvarföre
534 842 104 22 finnarne
652 843 25 20 så
690 843 76 21 envist
776 843 104 21 förfäkta

127 877 75 21 denna
220 877 156 28 uppfattning,
396 884 67 14 anser
481 876 111 22 Komitén
610 876 39 22 det
663 878 19 28 ej
696 885 57 13 vara
764 885 28 13 ur
803 881 76 24 vägen

127 914 35 19 att
180 911 80 22 anföra
277 912 102 29 följande
398 912 109 21 historik:

196 946 95 21 Tanken
312 947 30 28 på
369 949 34 18 att
420 947 8 20 i
447 946 101 22 Finland
572 946 118 28 uppställa
708 954 59 20 egna
785 949 95 25 trupper

126 981 100 28 uppstod
253 981 71 21 redan
348 981 26 21 år
396 981 65 21 1810
479 981 41 21 hos
540 981 84 21 Gustaf
642 981 100 21 Armfelt
760 981 43 21 och
821 981 59 21 hans

127 1019 87 17 vänner
233 1015 142 29 (Stjernvall,
394 1016 104 21 Aminoff
516 1016 44 21 och
578 1015 88 27 andra).
700 1015 71 22 Deras
790 1015 90 22 önskan

126 1057 48 20 var,
191 1052 35 19 att
242 1049 45 22 den
298 1049 77 22 finska
387 1050 233 21 national-militären
631 1050 159 28 ,uteslutande
804 1049 76 22 skulle

127 1091 55 14 vara
199 1084 36 21 för
253 1084 123 27 Finland";
397 1084 43 21 och
458 1085 36 21 för
513 1085 39 21 det
573 1084 73 22 andra
661 1084 115 29 hoppades
794 1084 34 27 de,
846 1086 34 19 att

127 1118 71 21 sedan
216 1118 74 22 finska
309 1121 94 26 trupper
416 1119 124 28 uppstälts,
550 1119 28 22 de
588 1119 71 28 ryska
668 1121 152 26 regementen,
832 1125 48 14 som

127 1160 55 14 voro
199 1153 106 28 förlagda
323 1153 8 21 i
349 1153 85 28 landet,
452 1153 76 22 skulle
547 1154 83 27 dragas
645 1154 51 21 bort
710 1154 54 21 eller
777 1153 103 22 minskas

127 1187 36 21 till
189 1187 95 28 antalet,
308 1192 60 17 samt
386 1190 34 19 att
438 1187 28 22 de
485 1188 73 21 bland
576 1188 67 21 dessa
660 1191 147 25 regementen
824 1187 57 21 eller

127 1221 224 29 truppafdelningar,
370 1222 81 21 hvilka
470 1222 40 21 det
528 1222 97 22 oaktadt
643 1222 70 22 borde
724 1225 84 19 stanna
817 1222 63 21 inom

128 1256 112 22 Finlands
266 1260 101 25 gränser,
394 1257 76 21 skulle
496 1261 103 24 gömmas
620 1257 9 20 i
647 1257 171 29 fästningarna;
845 1256 36 21 för

127 1290 39 21 det
192 1291 80 28 tredje,
300 1294 35 18 att
359 1291 130 28 skapandet
510 1292 24 21 af
551 1299 59 20 egen
628 1291 87 22 militär
733 1291 74 22 skulle
826 1290 55 29 höja

126 1325 185 22 nationalandan
329 1325 43 22 och
389 1325 76 22 finska
483 1326 85 21 folkets
587 1325 104 22 sträfvan
710 1326 37 21 till
764 1326 116 29 sjelfstän-

127 1359 87 28 dighet.
251 1359 59 29 ,Det
326 1367 55 14 vore
400 1360 35 21 tid
451 1363 35 19 att
501 1361 62 28 välja
572 1361 86 20 mellan
669 1363 35 18 att
712 1368 57 14 vara
778 1368 28 13 en
820 1359 61 22 blott

126 1394 91 21 eröfrad
235 1395 95 27 provins
348 1394 44 22 och
410 1402 28 13 en
456 1395 149 28 sjelfständig
615 1397 47 19 stat
692 1408 6 2 —
723 1407 12 2 —
758 1407 14 2 —
793 1407 16 2 —
828 1406 52 3 ——

127 1428 176 29 Ockupationen
328 1429 24 21 af
376 1429 142 22 fremmande
536 1432 100 25 trupper,
656 1429 96 22 hvilken
769 1428 111 23 hitintills

126 1463 61 21 blott
208 1463 62 21 varit
291 1471 27 14 en
340 1463 135 28 nödvändig
497 1463 59 30 följd
574 1464 24 21 af
616 1464 82 28 kriget,
718 1463 74 22 skulle
803 1463 78 22 tillika
