1109 1806
804 142 30 21 57

116 214 46 19 satt
180 211 43 22 fall
241 212 51 20 icke
311 212 75 21 blifva
404 212 8 21 i
430 211 69 21 ständ
518 213 35 20 att
571 211 127 29 behörigen
710 211 103 21 bestrida
826 210 44 22 den

115 253 170 21 gemensamma
303 246 186 28 tjenstgöringen
508 246 52 21 med
579 246 75 28 öfriga
672 248 100 26 trupper.

184 280 201 28 Representanten
403 280 36 22 för
452 280 44 22 den
510 280 77 21 finska
599 280 217 22 administrationen
828 279 44 21 har

115 314 84 22 härvid
217 314 105 28 invändt,
343 317 34 19 att
396 314 39 22 det
453 314 35 22 för
501 322 61 21 unge
576 318 52 18 män
643 314 23 22 af
678 314 61 22 finsk
751 314 119 22 härkomst

116 349 76 21 blefve
212 348 150 29 synnerligen
381 350 64 20 svärt
462 349 56 21 eller
536 352 15 18 t.
571 357 19 13 o.
604 357 28 13 m.
647 349 105 28 omöjligt
765 351 41 25 att,
816 348 55 22 oak-

116 383 52 21 tadt
192 383 28 21 de
238 383 126 21 innehafva
382 383 73 28 nödig
472 384 186 28 bildningsgrad,
677 384 105 20 inhemta
800 383 44 21 den
862 382 9 22 i

118 420 41 19 art.
186 418 33 21 46
246 418 138 21 föreskrifna
403 418 107 28 kunskap
529 418 8 21 i
556 418 70 28 ryska
644 418 99 28 spräket,
762 417 109 22 hvarföre

116 452 47 21 han
182 454 77 19 ansett
275 451 132 22 kännedom
425 452 24 21 af
466 452 73 29 sagda
558 452 68 29 spräk
645 452 51 21 icke
715 452 55 21 böra
789 452 8 21 i
812 451 60 22 före-

116 486 102 21 varande
236 486 41 21 fall
296 485 119 30 päbjudas.
445 487 12 20 I
476 486 127 29 anledning
621 487 67 21 häraf
703 487 41 21 har
760 485 110 22 Komiten

117 521 64 21 velat
199 521 122 21 framhälla
338 521 112 28 följande:

186 555 46 21 Det
250 555 40 21 vid
314 555 159 28 mobilisering
490 555 144 29 uppstäende
652 555 110 22 behofvet
781 555 23 21 af
822 554 50 22 offi-

118 597 76 14 cerare
216 589 41 22 vid
276 589 26 21 de
320 589 76 22 finska
415 591 125 27 trupperna
559 589 67 29 fylles
644 590 52 21 icke
716 590 22 21 af
756 589 44 22 den
813 589 59 22 före-

118 623 92 29 fintliga
228 623 202 22 officersreserven.
467 624 47 22 För
532 626 35 19 att
585 624 45 21 öka
648 624 76 21 denna
742 631 77 14 reserv
830 623 41 22 vid

118 658 71 28 sagda
208 660 94 27 trupper
319 659 49 27 har,
386 659 8 21 i
412 658 75 22 likhet
499 658 52 22 med
566 658 63 22 hvad
643 659 65 21 fallet
721 663 25 17 är
758 659 8 20 i
777 658 95 29 Kejsar-

119 692 83 28 dömet,
228 693 177 28 fänriksgraden
424 693 84 22 införts
526 693 41 21 vid
584 700 114 14 reserven.
735 693 81 21 Såsom
834 692 38 21 be-

118 727 58 21 kant
194 727 101 22 tilldelas
314 727 76 22 denna
408 727 58 28 grad
484 727 82 22 endast
584 727 58 28 dem,
659 735 49 14 som
720 727 95 22 tillhöra
826 727 47 21 för-

118 764 37 19 sta
181 761 122 29 kategorin
321 762 8 21 i
348 761 107 22 afseende
474 763 13 20 å
505 761 109 29 bildning
632 762 44 21 och
694 762 81 21 hvilka
793 761 79 28 dragit

119 796 44 21 lott
180 795 56 22 eller
257 796 88 21 inträdt
363 796 9 21 i
390 796 72 29 tjenst
480 797 75 21 såsom
572 797 119 28 frivillige.
727 796 83 28 Enligt
827 795 46 22 för-

120 830 194 22 handenvarande
332 831 119 28 uppgifter
470 835 25 17 är
514 831 88 21 antalet
620 831 105 21 fänrikar
742 831 40 21 vid
798 830 75 21 finska

120 865 128 21 militärens
274 872 77 14 reserv
370 865 50 21 icke
439 867 64 19 stort.
543 865 160 29 Följaktligen
722 866 72 20 måste
812 872 60 19 man,

119 900 35 20 för
174 901 34 20 att
225 899 41 22 vid
281 899 159 29 mobilisering
453 899 23 22 af
489 899 27 21 de
526 899 76 22 finska
614 902 125 26 trupperna
751 899 58 28 fylla
821 899 53 21 hela

119 934 109 21 behofvet
246 934 24 21 af
288 934 124 27 officerare,
431 934 105 29 tillgripa
555 934 72 21 andra
642 934 81 21 medel.
751 934 50 21 Den
814 933 59 21 enda

119 971 102 25 utvägen
239 968 83 21 härvid
340 972 26 17 är
384 970 34 19 att
436 972 57 25 göra
511 971 33 18 ett
557 969 67 21 urval
638 968 71 22 bland
724 968 27 21 de
761 970 59 20 mest
829 968 45 21 för-

119 1002 72 28 tjente
200 1002 128 22 fältväblar
338 1003 43 21 och
390 1002 198 28 underofficerare,
599 1003 81 21 hvilka
690 1002 73 22 under
772 1001 102 29 krigstid

120 1037 71 21 måste
218 1036 120 22 förordnas
362 1037 37 21 till
420 1037 158 21 vicefänrikar
596 1037 278 28 (saypatb-npanopiunkn).

118 1070 75 22 Häraf
217 1071 68 29 följer
312 1074 34 19 att
372 1071 81 29 dylika
471 1072 127 21 fältväblar
616 1071 42 21 och
676 1070 198 26 underofficerare,

119 1106 74 20 säsom
214 1106 120 21 blifvande
352 1106 178 27 viceofficerare,
549 1105 154 29 ovilkorligen
721 1105 57 21 böra
795 1104 79 21 känna

118 1140 70 27 ryska
216 1140 92 28 spräket
326 1140 8 21 i
353 1140 44 21 den
420 1141 60 27 män,
503 1142 35 20 att
556 1140 28 21 de
602 1140 20 28 ej
642 1140 60 21 blott
720 1140 80 20 kunna
818 1142 56 24 göra

119 1174 36 28 sig
174 1174 119 22 förstädda
312 1175 29 28 pä
360 1174 134 28 detsamma,
512 1177 58 19 utan
589 1174 43 22 ock
650 1174 107 28 uppfatta
770 1172 105 22 erhållna

118 1208 157 29 befallningar
301 1209 43 21 och
372 1208 158 29 anordningar
557 1211 60 19 samt
643 1208 95 22 korrekt
759 1208 116 22 anteckna

119 1242 58 22 dem.
214 1243 133 22 Oberoende
371 1243 67 21 häraf
462 1247 25 17 är
504 1243 235 22 underofficerarenes
757 1242 43 22 roll
819 1242 8 21 i
846 1241 28 21 de

119 1277 83 22 nutida
220 1277 242 29 krigsoperationerna
481 1278 23 22 af
521 1278 71 21 sådan
606 1278 126 28 betydelse,
746 1279 34 19 att
792 1276 29 22 de
833 1275 42 22 vid

119 1312 84 28 mänga
222 1312 108 21 tillfällen
349 1312 92 22 komma
460 1314 36 20 att
507 1312 117 29 uppträda
636 1313 75 20 säsom
723 1312 97 27 vigtiga,
835 1318 40 14 an-

119 1346 93 28 svariga
230 1346 43 22 och
291 1346 161 29 sjelfständiga
471 1347 77 21 chefer
560 1347 36 21 för
608 1346 143 28 manskapet.
771 1344 105 22 Sälunda

118 1380 53 22 leda
190 1380 27 21 de
236 1381 8 21 i
262 1381 59 21 strid
339 1381 87 21 kedens
444 1380 44 29 eld,
508 1381 41 21 vid
561 1381 250 28 bevakningstjensten
823 1379 52 21 fun-

118 1421 56 21 gera
200 1415 28 21 de
256 1416 74 21 säsom
349 1415 78 21 chefer
444 1416 37 21 för
499 1416 239 28 genomgängsposter
756 1414 42 22 och
817 1413 58 22 und-

118 1450 202 28 sättningsvakter
332 1452 66 26 samt,
417 1450 41 21 vid
476 1450 60 22 brist
553 1451 31 27 pä
602 1449 124 28 officerare,
737 1450 75 20 säsom
822 1448 53 22 che-
