1111 1806
820 164 26 21 21

131 233 74 21 medel
233 233 35 21 för
295 233 131 21 ändamålet
447 233 80 21 kunna
546 233 99 21 anvisas.
680 233 13 21 I
711 233 176 21 öfverensstäm-

131 268 69 20 melse
228 268 52 20 med
298 267 65 21 detta
380 267 133 21 förfarande
532 267 62 27 böra,
614 267 38 21 till
670 266 174 29 förebyggande
864 266 24 22 af

131 302 111 28 söndring
260 302 62 21 inom
340 301 206 27 militärväsendet,
560 301 68 21 äfven
645 302 109 27 frågorna
767 301 119 28 angående

131 336 75 22 finska
224 336 128 21 militärens
367 340 108 17 numerär
487 336 23 21 af
522 335 196 29 Krigsministern
731 336 155 21 underställas

131 370 77 28 Nådig
227 370 115 29 pröfning.

200 405 117 28 Slutligen
344 405 58 21 hade
431 405 125 21 ständerna
583 405 104 21 utsträkt
714 405 50 21 sina
787 404 100 28 anspråk

132 439 60 21 ända
210 439 93 28 derhän,
324 442 34 18 att
376 439 28 21 de
424 441 76 19 ansett
518 439 82 28 frågan
619 447 37 13 om
669 442 136 25 truppernas
818 438 68 22 dislo-

132 474 80 21 kation
235 474 56 21 böra
310 474 91 28 afgöras
420 474 23 21 af
462 473 91 22 landets
571 473 78 22 Senat.
686 474 63 21 Enär
767 474 39 21 det
825 473 61 29 sjelf-

131 509 66 21 fallet
214 509 61 20 varit
294 508 105 29 omöjligt
417 511 35 18 att
470 508 112 21 motivera
598 516 29 13 en
640 508 70 21 sådan
725 508 88 28 åtgärd,
826 507 60 22 hade

131 543 124 22 ständerna
282 543 92 21 inflikat
400 542 104 29 följande
528 543 193 21 karakteristiska
740 543 42 21 och
800 542 87 29 grund-

131 578 48 21 lösa
196 577 116 28 yttrande,
326 584 49 14 som
393 577 141 28 tillräckligt
550 577 93 29 afslöjar
656 577 143 28 foglösheten
813 577 23 21 af
848 576 39 21 de-

132 619 36 14 ras
196 612 183 27 önskningsmål:
405 612 162 28 ,paragrafens
596 612 67 27 (121)
692 611 72 28 öfriga
783 611 104 22 innehåll

132 647 49 20 åter
200 650 24 17 är
244 646 22 21 af
284 646 38 21 det
341 646 50 27 slag
411 646 42 21 och
472 647 24 20 af
512 646 44 21 den
568 646 125 28 betydelse,
708 649 34 18 att
755 645 131 22 Ständerna

131 681 51 20 icke
212 681 90 20 kunnat
330 683 71 18 annat
429 684 29 17 än
486 681 71 20 bland
583 680 301 29 grundlagsföreskrifterna

131 718 104 25 upptaga
253 714 152 22 densamma".

200 749 149 22 Beträffande
373 751 12 24 $
410 749 45 21 122
478 750 5 20 i
503 749 213 29 värnepligtslagen
735 749 98 21 återstår
852 751 36 18 att

132 783 104 29 tillägga,
256 786 34 19 att
309 791 37 14 om
364 785 93 27 engäng
475 783 113 22 Finlands
607 783 114 22 ordinarie
734 783 97 28 utgifter
843 783 44 21 och

132 817 153 29 krigsbudget
312 818 99 21 faktiskt
438 818 125 21 stadfästas
591 819 23 20 af
639 818 128 28 Rysslands
789 818 97 28 Kejsare

131 859 84 20 ensam,
235 852 135 21 ständernas
390 853 105 20 sträfvan
515 855 34 18 att
566 853 127 20 inskränka
711 853 125 28 Kejsarens
848 852 39 21 be-

133 887 107 28 fogenhet
258 887 144 21 beträffande
422 887 171 21 stadfästandet
610 887 23 21 af
649 887 43 21 den
705 886 182 22 extraordinarie

131 921 182 28 krigsbudgeten
331 921 118 22 förefaller
468 921 110 22 särskildt
596 921 152 28 egendomlig.

199 955 11 20 I
224 955 136 22 ständernas
372 956 141 27 motivering
526 956 46 21 kan
585 956 93 29 skönjas
691 955 115 22 finnarnes
820 955 67 20 sträf-

131 997 46 13 van
204 994 34 17 att
265 990 95 21 härleda
388 990 87 21 sådana
503 985 148 26 Monarkens
667 990 96 21 allmänt
784 989 103 22 erkända

131 1024 139 29 prerogativ,
290 1032 47 13 som
355 1025 91 28 Högsta
465 1025 106 20 maktens
589 1024 138 29 myndighet
745 1024 63 21 öfver
824 1026 64 25 trup-

131 1065 77 21 perna,
227 1066 27 13 ur
271 1059 67 21 forna
357 1059 99 21 svenska
475 1059 148 29 grundlagar.
657 1059 112 21 Finlands
787 1058 100 22 Monark

131 1097 26 16 är
182 1093 94 21 framför
298 1093 42 22 allt
358 1093 177 29 Kejsaredömet
552 1093 129 28 Rysslands
701 1093 185 28 Sjelfherrskare.

131 1127 52 21 Han
204 1131 25 17 är
246 1128 89 27 Högste
354 1128 58 21 Chef
430 1127 36 22 för
482 1128 80 28 Ryska
575 1127 78 22 armén
667 1128 44 28 (uti
724 1127 95 22 hvilken
832 1127 55 28 jem-

131 1162 39 21 väl
194 1161 28 22 de
241 1162 75 21 finska
334 1162 251 29 truppafdelningarna
603 1163 64 28 ingå)
686 1162 43 21 och
746 1162 141 21 tillkommer

131 1196 92 21 Honom
250 1196 76 21 denna
352 1197 65 21 makt
435 1197 51 20 icke
505 1198 29 27 på
553 1196 75 29 grund
647 1197 24 21 af
689 1196 113 21 särskilda
820 1203 68 21 para-

131 1231 77 27 grafer
226 1231 8 20 i
256 1231 62 21 1772
339 1232 35 20 års
393 1231 190 28 Regeringsform
602 1231 56 21 eller
679 1231 62 20 1789
761 1231 37 21 års
816 1230 71 21 Före-

131 1264 78 29 nings-
228 1265 41 21 och
294 1265 173 27 Säkerhetsakt,
487 1268 56 19 utan
561 1266 9 20 i
589 1265 52 22 stöd
660 1265 23 22 af
700 1265 186 28 Kejsaredömets

131 1299 148 28 grundlagar.
316 1300 86 21 Armén
430 1303 26 18 är
480 1307 28 14 en
531 1300 42 21 och
592 1300 89 21 derföre
700 1299 46 22 kan
763 1307 53 14 man
834 1299 52 21 icke

131 1334 57 28 gilla
206 1333 117 22 finnarnes
341 1334 79 22 försök
439 1336 35 19 att
487 1334 94 22 härleda
593 1334 139 21 Monarkens
745 1334 65 21 makt
822 1333 66 22 öfver

130 1368 92 21 landets
249 1371 94 26 trupper
369 1377 28 12 ur
422 1368 28 21 de
468 1369 78 21 lokala
564 1369 98 28 lagarna
680 1369 8 20 i
706 1371 34 18 ett
757 1367 61 28 land,
838 1375 49 14 som

131 1403 97 21 eröfrats
248 1405 56 19 utan
321 1403 73 28 några
413 1403 83 21 vilkor.

200 1437 36 21 En
264 1437 145 28 granskning
431 1437 24 22 af
473 1437 137 22 ständernas
628 1437 53 21 hela
700 1436 188 29 argumentering

131 1471 91 21 utvisar
242 1471 86 22 således
348 1471 94 29 tydligt,
462 1474 36 19 att
510 1471 125 22 ständerna
648 1471 102 21 hvarken
761 1471 7 20 i
778 1471 108 27 Sveriges
