1109 1759
806 152 30 21 25

186 221 24 27 6)
238 220 116 28 Slutligen
381 220 80 22 kunna
482 220 40 21 vid
540 220 30 21 de
588 220 135 22 nuvarande
742 221 131 28 tjensteter-

117 255 104 21 minerna
239 255 8 21 i
265 254 102 22 Finland
384 254 29 21 de
431 254 75 22 finska
525 257 127 26 trupperna
670 254 52 22 icke
736 254 137 29 komplette-

117 297 37 14 ras
172 290 37 20 till
221 289 172 28 krigsnumerär
408 289 74 28 enligt
492 291 46 19 stat
547 289 53 21 med
610 289 119 28 manskap,
739 296 49 14 som
797 290 75 28 tjenat

118 324 8 21 i
144 327 136 25 truppernas
298 323 68 27 leder,
386 323 28 21 då
433 323 24 29 ju
476 323 40 22 vid
531 323 161 28 mobilisering
702 323 28 21 de
741 323 80 22 aktiva
830 323 42 22 fin-

118 359 42 20 ska
180 361 137 25 truppernas
335 361 108 18 numerär
461 358 60 21 skall.
539 358 144 27 fördubblas,
702 357 21 22 d.
739 365 22 14 v.
781 365 16 14 s.
816 365 57 21 upp-

119 393 94 28 bringas
239 392 37 21 till
303 399 62 14 mera
388 395 29 18 än
438 393 28 20 11
487 395 68 18 tusen
573 400 60 13 man.
670 392 47 21 Till
735 394 137 27 truppernas

118 427 180 28 komplettering
316 426 70 21 borde
405 427 88 21 således
511 427 102 22 inkallas
627 434 48 14 mer
688 430 29 17 än
728 427 72 27 5,000
811 435 61 19 man,

118 469 49 14 som
184 462 74 29 tjenat
276 461 8 21 i
302 464 136 25 truppernas
456 461 70 28 leder,
544 461 85 22 medan
642 461 66 22 deras
718 461 64 21 antal
792 461 40 22 vid
844 469 28 13 en

118 496 92 28 tvåårig
237 495 119 30 tjenstetid
384 495 46 22 kan
448 496 78 28 uppgå
550 497 38 20 till
606 496 70 28 högst
695 496 179 27 2,000—3,500

118 539 60 13 man.
216 531 34 20 De
268 530 75 28 öfriga
360 531 73 20 måste
452 530 88 21 således
559 533 94 25 uttagas
667 530 72 21 bland
752 530 59 27 dem,
824 538 49 14 som

118 565 40 22 vid
176 565 118 28 uppbådet
314 565 90 21 direkte
422 565 79 21 blifvit
520 565 108 21 anstälda
646 565 41 21 vid
705 572 106 14 reserven
830 565 43 21 och

119 600 93 21 erhållit
239 599 123 21 militärisk
388 599 135 28 utbildning
550 600 84 21 endast
655 599 74 21 under
751 600 31 21 90
801 599 73 28 dagar

118 634 40 21 vid
177 634 190 27 öfningsmötena.

189 704 44 20 Art.
255 705 28 19 14.
321 702 33 21 De
373 703 103 27 motiver,
496 710 48 14 som
563 703 116 20 föranledt
691 703 183 21 fastställande
860 698 16 37 i

120 737 100 21 Finland
240 737 22 21 af
280 737 27 21 de
327 737 117 21 allmänna
462 737 154 29 tjenstetider,
636 745 48 13 som
700 741 37 17 äro
747 737 126 28 gällande
859 733 16 37 i

120 772 75 28 öfriga
222 771 88 22 trakter
329 771 23 21 af
374 771 168 28 Kejsardömet,
562 771 71 22 hafva
652 772 68 21 äfven
738 772 71 27 gifvit
826 772 48 21 Ko-

119 806 73 21 mitén
210 806 126 27 anledning
354 808 36 19 att
407 806 83 21 föreslå
508 806 36 21 för
563 806 130 28 Rysslands
712 806 72 28 sagda
794 810 80 24 gräns-

120 841 65 21 mark
211 848 86 13 samma
323 840 180 28 bestämningar,
531 848 49 14 som
598 841 8 20 i
624 840 162 29 Kejsardömet
810 841 64 28 gälla

120 875 119 28 angående
256 875 283 28 begynnelseterminerna
557 875 36 21 för
611 876 107 28 tjensten.

187 909 47 21 Vid
252 909 174 22 fastställandet
444 910 23 21 af
485 909 98 22 berörda
593 910 109 21 terminer
711 910 42 21 har
762 909 111 22 Komitén

119 943 196 28 hufvudsakligen
334 944 78 27 utgått
429 944 52 21 från
500 944 44 21 den
558 944 155 29 synpunkten,
724 946 34 19 att
770 951 54 14 man
834 943 40 22 vid

120 979 62 20 olika
209 978 107 21 terminer
343 978 8 21 i
378 985 29 14 en
434 978 42 21 och
503 985 87 15 samma
617 979 71 28 ryska
714 978 61 22 armé
797 979 77 20 blefve

120 1015 104 25 tvungen
252 1015 34 18 att
312 1013 114 21 öfverföra
448 1013 138 28 manskapet
608 1013 37 21 till
664 1013 89 21 arméns
770 1020 78 14 reserv
866 1013 7 20 i

119 1047 40 21 två
185 1047 104 28 repriser,
319 1047 55 21 eller
402 1047 75 27 också,
501 1055 37 14 om
556 1055 55 14 man
630 1050 97 25 antager
746 1050 34 19 att
798 1047 76 22 denna

120 1081 140 28 öfverföring
288 1081 76 22 kunde
391 1082 139 21 verkställas
558 1082 128 28 samtidigt,
709 1082 75 21 skulle
811 1089 63 14 man-

120 1116 82 28 skapet
220 1116 40 21 vid
279 1116 27 21 de
324 1116 76 21 finska
417 1119 126 26 trupperna
562 1116 92 22 komma
672 1119 35 18 att
717 1117 63 28 tjena
790 1119 84 18 nästan

120 1152 34 19 ett
171 1150 49 21 helt
238 1151 25 20 år
285 1151 91 21 kortare
394 1151 36 21 tid
448 1154 30 17 än
496 1151 138 28 manskapet
652 1151 40 21 vid
711 1151 74 27 öfriga
804 1151 71 28 rysku

119 1187 100 26 trupper.

188 1219 53 21 Med
260 1219 44 21 den
321 1219 132 28 föreslagna
471 1219 105 28 lydelsen
596 1220 22 21 af
632 1220 177 28 ifrågavarande
820 1219 55 22 arti-

120 1253 37 22 kel
175 1253 77 22 kunde
270 1256 189 26 representanten
472 1254 36 21 för
517 1254 46 21 den
572 1254 76 21 finska
658 1254 217 22 administrationen

119 1288 74 21 likväl
211 1288 50 21 icke
280 1288 79 21 förena
376 1288 44 27 sig,
438 1291 58 19 utan
513 1289 119 21 framhöll:

187 1323 21 26 a)
230 1325 35 18 att
288 1330 37 14 om
346 1322 103 22 inträdet
467 1323 40 21 vid
529 1326 127 25 trupperna
679 1323 70 21 borde
768 1323 40 21 ske
826 1323 48 22 före

120 1356 44 21 den
184 1357 11 20 1
216 1357 135 27 November,
369 1357 172 28 tjenstehjonen
559 1357 51 22 icke
630 1357 77 22 kunde
725 1358 91 28 uttjena
834 1357 42 22 sitt

120 1390 158 29 städslingsår,
301 1391 106 22 hvarföre
428 1391 138 22 husbonden
591 1392 77 21 blefve
689 1391 133 28 berättigad
840 1394 38 19 att

119 1429 57 24 göra
194 1425 80 29 afdrag
292 1426 52 21 från
363 1425 66 22 deras
447 1426 48 27 lön;
