1109 1764
259 158 32 21 66

223 226 72 22 borde
312 227 119 27 uteslutas,
447 228 31 28 på
487 227 102 29 följande
602 226 109 29 grunder:
727 226 126 22 förstärkta
865 226 117 22 nämnden

224 264 27 18 är
270 263 35 19 att
317 261 8 21 i
334 261 247 29 värnepligtsärenden
592 268 67 15 anses
669 262 76 20 såsom
754 260 122 22 underrätt
887 261 9 21 i
908 261 75 21 första

224 296 97 27 instans,
340 296 45 21 den
403 296 40 21 der
461 296 42 22 har
522 298 35 19 att
576 296 81 28 afgöra
676 303 37 14 om
725 295 151 29 uppbådades
889 296 92 20 inträde

222 330 9 20 i
250 330 67 21 aktiv
335 330 72 28 tjenst
424 330 56 22 eller
498 330 119 22 befriande
636 330 75 28 derur,
722 338 37 14 om
776 330 108 28 uppskof,
895 330 85 21 lättna-

223 364 47 28 der,
289 372 28 13 m.
327 372 30 14 m.
383 364 166 22 Länenämden
562 366 51 20 åter
625 364 60 22 skall
697 364 8 22 i
717 364 85 29 frågor,
815 364 81 22 hvilka
908 364 72 21 redan

223 398 98 29 afgjorts
334 399 23 21 af
369 399 128 22 förstärkta
509 399 107 27 nämden,
630 406 67 14 anses
709 400 74 20 såsom
799 398 72 22 andra
883 399 97 27 instans,

221 432 107 22 hvarföre
347 433 45 22 den
410 434 155 21 sistnämndes
584 433 163 29 berättigande
760 435 41 25 att,
815 433 129 21 oberoende
956 433 24 21 af

222 467 98 22 anförda
342 468 89 28 besvär,
455 468 120 28 upphäfva
596 468 73 22 första
687 468 130 21 instansens
837 468 76 21 beslut
931 467 49 21 helt

222 501 44 22 och
284 501 73 22 hållet
375 502 75 22 skulle
469 502 73 22 strida
561 505 62 19 emot
641 502 190 28 rättsordningen
850 502 43 21 och
911 504 68 19 rätts-

221 536 134 29 begreppen
373 537 7 21 i
399 536 108 23 Finland.

290 571 105 22 Anförda
413 571 147 29 invändning
578 571 23 21 af
620 573 190 27 representanten
829 571 35 21 för
880 570 44 22 den
936 570 43 22 fin-

221 605 43 21 ska
277 604 217 24 administrationen
506 606 42 22 har
560 605 112 22 Komitén
685 606 51 21 icke
749 606 90 20 kunnat
852 605 126 28 godkänna

221 639 23 22 af
263 639 102 29 följande
383 640 60 22 skäl:
466 641 21 26 1)
505 640 72 22 sedan
595 640 112 22 Komitén
725 640 8 21 i
752 642 41 20 art.
805 640 32 21 54
850 640 23 21 af
883 640 41 21 sitt
933 640 45 21 för-

221 674 50 28 slag
290 674 100 29 stadgat,
403 677 36 19 att
450 675 65 21 länet
527 674 51 22 med
592 674 108 22 afseende
712 675 13 20 å
738 674 174 28 värnepligtens
925 674 53 21 full-

219 708 104 28 görande
349 709 89 21 indelas
463 710 8 20 i
496 709 215 29 uppbådsområden,
730 709 47 21 kan
795 708 113 22 Komitén
926 708 51 21 icke

219 742 81 22 vidare
319 743 8 22 i
346 746 41 18 art.
408 744 30 21 62
459 751 66 14 mom.
546 744 13 21 2
579 744 65 28 gifva
663 743 51 21 dem
731 750 70 15 namn
821 743 22 21 af
862 744 112 27 lottmings-

219 777 116 27 omräden;
356 778 23 26 2)
399 778 39 21 det
456 778 74 22 finnes
548 778 71 28 ingen
633 778 128 28 anledning
773 779 36 20 att
823 778 102 20 utesluta
938 777 38 21 det

219 812 8 20 i
246 819 68 14 mom.
334 812 13 21 6
367 812 187 22 förekommande
574 812 65 22 ordet
660 812 115 28 ,pröfva*,
794 812 96 21 emedan
903 812 72 21 Läne-

218 846 101 21 nämden
338 847 75 21 säsom
431 846 71 29 högre
520 847 90 21 instans
628 846 119 30 sjelffallet
761 847 74 21 mäste
847 846 71 22 hafva
929 848 49 19 rätt

219 882 35 19 att
272 880 82 29 pröfva
367 881 79 29 frägor
458 882 55 20 eller
526 881 167 27 missförständ,
704 888 49 14 som
762 880 214 22 Distriktsnämden

218 914 8 21 i
245 915 117 29 egenskap
381 916 24 20 af
423 916 64 28 lägre
502 916 90 21 instans
605 916 51 21 icke
669 923 54 20 eger
737 915 88 29 afgöra;
845 914 43 22 och
902 915 22 26 3)
938 914 38 22 be-

218 949 116 22 träffande
353 950 112 28 slutligen
482 950 117 28 yrkandet
617 958 38 14 om
673 950 147 28 uteslutning
834 949 23 21 af
870 949 106 21 anmärk-

217 983 89 29 ningen
325 984 36 21 till
380 986 42 20 art.
443 985 38 27 62,
495 984 120 28 angående
633 986 48 20 rätt
693 984 37 22 för
741 984 166 21 Länenämden
921 985 34 20 att
968 983 8 21 i

217 1018 151 28 kontrollväg
381 1018 72 22 ändra
466 1018 43 22 och
521 1018 120 29 upphäfva
653 1018 251 22 Distriktsnämdernas
915 1018 60 21 orik-

217 1052 51 28 tiga
286 1052 82 28 beslut,
382 1053 97 22 emedan
491 1061 29 14 en
533 1053 72 21 sådan
618 1052 113 29 rättighet
743 1052 52 22 icke
808 1060 55 14 vore
875 1052 100 28 förenlig

216 1086 54 21 med
288 1087 191 29 rättsordningen
497 1088 8 21 i
523 1087 109 27 Finland,
651 1087 74 21 finner
743 1086 113 22 Komitén
869 1086 105 22 anmärk-

215 1120 90 28 ningen
323 1121 37 21 till
379 1124 43 19 art.
444 1122 30 22 62
493 1122 8 21 i
519 1122 112 28 förslaget
646 1122 51 21 icke
710 1121 71 22 hafva
792 1121 132 28 någonting
936 1128 38 20 ge-

215 1158 116 19 mensamt
356 1156 53 21 med
436 1156 196 28 rättsordningen,
659 1155 107 23 hvarföre
795 1155 44 21 den
857 1155 52 21 icke
927 1155 47 21 kan

215 1189 137 22 utelemnas.

285 1260 46 20 Art.
354 1261 35 20 63.
427 1261 28 25 $$
473 1259 34 22 44
525 1259 44 22 och
581 1259 32 22 45
628 1259 7 21 i
648 1258 109 30 gällande
771 1259 75 21 finska
858 1258 41 29 lag
911 1258 62 21 inne-

214 1292 65 22 hälla
298 1300 86 15 samma
403 1293 152 28 stadganden,
575 1301 48 14 som
643 1297 38 18 äro
699 1293 141 22 föreskrifna
858 1293 8 21 i
885 1295 42 19 art.
941 1293 33 21 90

215 1327 23 21 af
257 1327 174 29 Kejsardömets
449 1328 46 28 lag,
513 1328 72 21 ehuru
605 1328 44 21 den
665 1335 80 14 senare
759 1331 25 18 är
795 1327 179 28 fullständigare

215 1361 45 22 och
278 1369 63 14 mera
360 1362 135 29 detaljerad,
515 1363 29 28 pä
562 1362 77 29 grund
657 1361 82 23 hvaraf
751 1361 114 22 Komitön
877 1361 97 22 beslutit

214 1398 88 19 ersätta
315 1396 73 29 sagda
399 1397 136 28 paragrafer
546 1397 53 21 med
611 1396 151 22 förenämnda
773 1399 41 18 art.
826 1396 39 21 90.
887 1395 86 29 Repre-

214 1433 124 19 sentanten
357 1431 36 22 för
411 1431 45 21 den
468 1431 76 22 finska
557 1431 218 22 administrationen
786 1430 43 22 har
841 1432 83 25 ansett,
938 1432 36 19 att

213 1464 74 22 orden
306 1473 61 20 ,som
380 1465 59 22 efter
451 1465 138 22 detsamma"
604 1465 71 22 borde
688 1473 28 14 ur
728 1472 67 15 mom.
811 1465 12 21 7
838 1465 63 28 utgå,
914 1471 58 14 eme-
