1111 1778
808 151 31 20 57

187 223 46 20 Art.
253 222 49 20 106.
339 219 47 22 Vid
408 227 107 14 reserven
540 218 109 29 frivilligt
674 218 105 22 anstälde
803 218 73 21 stabs-

119 255 44 23 och
185 255 184 22 öfverofficerare
388 255 59 21 samt
465 254 140 28 tjenstemän
623 253 81 21 kunna
722 252 95 22 kvarstå
835 252 41 21 vid

119 290 132 21 densamma
281 289 50 21 tills
357 288 28 21 de
412 288 102 28 uppnått
540 287 28 21 de
590 287 86 21 ålders-
696 286 43 22 och
757 287 118 28 tjensteår,

119 332 50 14 som
186 328 39 17 äro
244 322 113 30 stadgade
375 323 9 20 i
402 325 42 19 art.
465 322 46 21 741
532 321 43 22 och
595 321 47 22 742
659 321 63 22 band
734 321 46 21 VII
792 321 23 21 af
827 320 48 23 Mil.

119 358 52 22 förf.
190 358 23 22 af
231 358 26 21 år
278 357 71 21 1869.

325 435 10 19 I
350 437 35 17 art.
403 435 39 19 106
463 434 5 19 i
489 434 112 25 »förslaget»
621 434 101 25 tillämpas
738 434 24 18 de
777 433 100 19 allmänna

258 464 37 19 och
315 463 43 20 icke
376 463 24 20 de
424 463 64 19 finska
508 462 216 19 tidsbestämmelserna
749 462 29 19 för
799 467 78 14 reserv-

257 493 125 19 officerarnes
398 491 37 20 och
445 491 130 25 tjenstemäns
588 490 133 19 kvarstående
733 490 33 19 vid
777 496 100 13 reserven.

192 576 43 20 Art.
255 576 49 19 107.
341 573 137 28 Infödingar
496 573 52 21 från
567 572 28 21 de
613 572 77 21 finska
708 572 75 28 länen,
796 571 81 22 hvilka

121 613 40 18 äro
180 608 105 23 anstälde
307 615 48 14 som
378 608 118 21 officerare
514 607 40 22 vid
572 609 128 26 trupperna
719 606 42 21 och
781 606 96 21 entledi-

121 651 42 22 gas
181 651 27 14 ur
225 644 103 28 tjensten
345 643 49 21 före
413 643 120 28 utgången
553 641 22 22 af
593 641 28 21 de
639 641 9 21 i
664 641 213 28 värnepligtslagen

122 679 35 21 för
175 677 154 23 kvarstående
348 677 8 21 i
372 677 66 21 aktiv
451 677 73 28 tjenst
536 676 43 21 och
591 675 40 22 vid
644 683 108 14 reserven
765 675 112 29 stadgade

122 712 67 28 tider,
207 712 126 21 inskrifvas
352 711 165 28 obligatoriskt
529 710 40 22 vid
582 710 44 21 den
640 710 118 21 allmänna
770 717 107 14 reserven

121 746 64 22 intill
202 747 120 28 utgången
341 745 23 22 af
382 745 45 21 den
445 744 124 22 faststälda
587 744 71 22 tiden.

330 830 10 20 I
355 830 206 25 sammansättningen
575 830 19 19 af
605 830 23 19 de
639 830 63 19 finska
712 832 109 23 trupperna
831 830 49 20 före-

262 860 79 18 komma
359 859 88 19 hvarken
462 858 90 20 artilleri-
567 858 48 20 eller
629 858 220 25 ingeniörafdelningar,
862 859 17 25 ej

261 888 62 20 heller
342 887 66 25 någon
424 888 73 24 speciel
513 887 179 26 generalstabskår,
707 887 172 25 militärtopograf-

261 916 36 20 kår
318 923 25 13 m.
362 917 18 19 fl.
410 916 45 20 Den
477 916 4 19 i
502 916 83 19 Finland
605 916 29 19 för
651 916 122 19 närvarande
787 916 93 24 gällande

261 946 65 24 lagen,
348 945 62 25 enligt
432 944 82 20 hvilken
536 944 7 19 i
565 944 83 19 Finland
671 944 80 20 infödde
775 944 106 26 officerare,

263 980 41 13 som
328 976 34 17 äro
384 973 92 19 anstälde
499 973 33 19 vid
554 973 129 19 förenämnda
705 973 124 24 afdelningar
844 973 37 19 och

262 1002 63 26 kårer,
348 1002 106 20 inskrifvas
478 1002 33 18 vid
532 1002 23 19 de
576 1002 64 18 finska
665 1003 119 25 truppernas
807 1008 73 17 reserv,

263 1032 72 18 saknar
349 1031 123 25 följaktligen
487 1030 26 19 all
528 1030 75 25 grund;
620 1030 37 20 och
673 1030 82 19 föreslås
765 1030 53 24 förty
829 1032 52 17 samt

263 1060 44 19 med
327 1060 93 19 afseende
440 1059 73 24 jemväl
532 1058 52 24 derä,
600 1060 28 17 att
644 1060 72 17 nästan
731 1059 38 18 alla
784 1058 97 25 ifrågava-

263 1088 60 19 rande
341 1087 125 25 afdelningar
484 1087 62 19 sakna
566 1093 24 13 en
606 1087 108 25 tillräcklig
730 1087 151 25 officersreserv,

263 1117 5 19 i
284 1118 35 17 art.
337 1117 39 19 107
393 1116 5 19 i
414 1116 112 24 »förslaget»
542 1118 29 17 ett
586 1116 110 25 stadgande
712 1115 73 24 derom,
800 1117 29 18 att
843 1115 39 20 alla

264 1145 33 20 vid
309 1145 25 19 de
344 1145 64 19 finska
418 1147 110 22 trupperna
537 1144 43 19 icke
590 1144 92 19 anstälda
693 1144 98 19 officerare
801 1144 80 19 inskrif-

264 1180 35 13 vas
319 1174 33 19 vid
374 1174 80 19 arméns
470 1173 101 19 allmänna
594 1179 68 13 reserv
684 1173 38 19 och
737 1173 43 19 icke
795 1173 33 18 vid
844 1173 38 18 den

263 1203 68 19 finska.

195 1286 46 21 Art.
261 1286 49 20 108.
348 1284 46 21 Vid
416 1291 108 14 reserven
545 1283 126 22 inskrifvas
692 1283 51 22 icke
765 1283 118 22 officerare

127 1319 44 22 och
190 1320 148 28 tjenstemän,
357 1326 49 14 som
425 1318 23 21 af
466 1318 100 21 domstol
584 1318 80 22 blifvit
682 1317 82 22 dömde
782 1318 37 21 till
837 1318 46 21 för-

128 1353 148 28 afskedande,
295 1353 56 22 eller
369 1353 37 21 till
424 1353 137 28 afsättning,
580 1353 56 20 eller
649 1352 43 22 och
705 1352 37 21 till
755 1352 66 22 civilt
832 1352 51 21 fän-

127 1388 136 29 gelsestraff,
282 1388 120 21 äfvensom
419 1395 28 13 ur
464 1387 103 28 tjensten
585 1387 8 21 i
607 1387 134 28 disciplinär
754 1391 45 24 väg
812 1387 72 21 entle-

127 1422 90 29 digade,
245 1422 84 21 liksom
358 1422 43 21 ock
429 1421 125 27 officerare,
581 1421 81 21 hvilka
685 1421 128 28 entledigas
831 1421 52 21 från

127 1460 128 26 trupperna
273 1457 30 28 på
321 1456 77 28 grund
417 1456 23 21 af
458 1455 203 22 officersdomstols
681 1455 82 21 beslut.
