1111 1781
838 120 26 20 43

390 242 98 21 TOLFTE
504 242 137 22 KAPITLET.

256 305 34 22 Om
307 306 74 21 besvär
397 305 5 21 i
419 305 89 22 ärenden
525 306 86 21 rörande
627 306 148 27 värnepligten.

201 378 51 18 Art.
269 376 51 18 139.
336 373 37 21 Uti
384 374 181 21 Distriktsnämds
576 373 77 27 åtgärd
664 374 6 21 i
681 375 211 27 värnepligtsärende

134 410 35 22 får
190 408 91 26 ändring
304 408 64 20 sökas
386 414 76 20 genom
477 408 116 27 skriftliga,
608 408 35 21 till
660 408 159 23 vederbörande
835 409 58 21 läne-

134 444 64 22 nämd
221 442 71 22 stälda
314 442 82 27 besvär,
419 442 73 21 hvilka
515 442 53 22 böra
590 442 108 22 inlämnas
717 443 33 21 till
767 444 41 21 den
823 444 70 25 nämd,

134 480 64 20 hvars
216 477 102 27 åtgärder
334 476 140 28 öfverklagas,
490 477 59 21 inom
565 477 74 21 trettio
656 478 67 27 dagar
738 478 92 21 räknadt
846 478 48 22 från

135 514 42 21 den
192 512 41 27 dag
248 510 86 28 uppbåd
350 511 114 27 försiggått
474 511 7 21 i
493 511 36 22 det
542 511 92 25 område,
646 512 88 21 hvartill
745 512 149 22 besväranden

135 548 46 26 hör,
198 547 58 25 eller,
272 552 34 15 om
322 545 104 21 besvären
443 546 57 26 angå
515 546 79 26 klagan
610 545 61 22 öfver
682 546 123 22 inkallande
817 547 7 21 i
836 547 59 21 aktiv

135 582 72 26 tjenst,
223 580 47 22 från
287 580 41 21 den
344 580 41 26 dag
400 580 70 27 utslag
486 580 116 22 afkunnats
619 586 35 16 om
670 581 122 27 antagande
802 582 7 20 i
820 582 74 26 tjenst.

134 616 43 21 Det
186 615 81 27 åligger
277 614 90 21 nämden
379 616 32 19 att
421 614 22 21 åt
454 614 148 22 besväranden
614 614 101 22 häröfver
725 616 88 21 utfärda
821 616 73 21 diarii-

134 650 66 27 bevis,
223 651 57 19 samt
295 650 39 26 att,
350 649 56 21 inom
423 648 46 22 åtta
485 649 67 26 dagar
567 648 53 22 efter
636 649 38 21 det
689 649 106 22 besvären
811 650 83 21 inkom-

136 685 45 26 mit,
197 684 109 22 desamma
320 684 49 20 med
385 684 71 20 dertill
472 684 96 20 hörande
582 684 131 26 handlingar
724 686 55 19 samt
790 685 105 21 nämdens

134 719 98 27 yttrande
248 718 40 22 och
302 718 109 27 protokoll
426 718 7 21 i
449 718 87 21 ärendet
551 718 35 21 till
602 718 142 22 länenämden
760 719 97 21 insända.

203 773 50 18 Art.
270 772 53 18 140.
346 770 45 20 Hos
407 769 142 21 länenämden
564 769 91 21 anförda
666 770 76 21 besvär
752 770 53 22 böra
815 770 78 28 skynd-

136 807 56 19 samt
207 804 34 22 till
256 804 160 27 handläggning
431 804 39 21 och
486 803 116 28 afgörande
618 804 118 27 företagas,
748 807 56 19 samt
817 805 77 27 utslag,

136 846 46 15 som
198 838 97 22 deröfver
310 838 115 27 meddelas,
441 841 53 19 utan
505 838 131 27 tidsutdrägt
646 845 78 20 genom
735 839 159 21 vederbörande

135 873 125 28 myndighet
274 873 110 21 meddelas
399 873 154 21 besväranden.
582 872 72 22 Hafva
669 873 103 22 besvären
788 873 106 22 föranledt

133 908 91 26 ändring
240 908 6 21 i
262 907 201 21 distriktsnämdens
486 907 128 27 tillgörande
636 907 135 22 beträffande
787 908 107 27 uppbäds-

135 943 122 27 längderna,
280 942 55 21 skall
358 942 158 21 underrättelse
539 942 73 21 derom
635 942 23 21 af
680 942 142 22 länenämden
838 942 56 21 oför-

136 977 105 27 dröjligen
264 976 109 22 meddelas
397 976 190 22 distriktsnämden
606 976 7 21 i
632 976 103 22 afseende
755 976 13 22 ä
784 977 88 21 rättelse
888 978 7 20 i

137 1012 66 26 sagda
218 1012 95 26 längder.

204 1066 50 19 Art.
278 1066 40 18 141.
350 1064 109 20 Innefatta
478 1063 103 21 besvären
596 1063 79 27 klagan
692 1063 58 21 öfver
766 1063 78 27 oriktig
859 1063 36 21 be-

137 1098 100 28 sigtning,
253 1098 86 22 anstäld
355 1098 33 21 för
403 1098 120 20 utrönande
538 1097 24 21 af
570 1097 161 21 besvärandens
742 1097 110 27 duglighet
862 1098 33 20 till

138 1133 124 27 krigstjenst
277 1133 51 21 eller
342 1132 163 22 bestämmande
520 1131 23 21 af
557 1131 60 22 ålder
633 1132 55 21 efter
702 1134 57 24 yttre
774 1132 120 26 utseendet,

138 1174 50 21 eger
210 1167 138 21 länenämden
371 1166 45 22 låta
438 1166 147 22 besväranden
600 1166 7 21 i
623 1166 77 21 sådant
724 1166 99 22 afseende
840 1166 56 27 ånyo

137 1201 111 28 besigtiga.
278 1196 43 26 Äro
345 1201 76 21 besvär
441 1200 58 22 öfver
514 1200 150 28 besigtningen
680 1200 91 22 anförda
786 1200 23 22 af
822 1207 72 15 annan

137 1242 76 22 person
229 1238 27 19 än
272 1236 47 26 den,
336 1242 45 15 som
397 1236 6 20 i
420 1235 138 21 omförmäldt
568 1235 123 21 hänseende
702 1235 22 21 af
734 1235 162 21 distriktsnäm-

137 1272 40 20 den
192 1271 132 27 besigtigats,
340 1270 113 22 förordnas
469 1270 32 22 till
517 1276 27 21 ny
559 1270 124 27 besigtning
698 1270 75 21 endast
785 1270 6 21 i
803 1270 36 22 det
849 1270 46 28 fall,

137 1308 32 19 att
184 1305 140 22 länenämden
340 1304 67 22 finner
422 1304 77 22 sådant
514 1304 82 28 nödigt.

205 1360 49 18 Art.
271 1359 50 19 142.
344 1357 163 21 Länenämdens
523 1356 71 27 utslag
605 1357 6 20 i
622 1357 80 21 ärende
716 1356 92 22 rörande
819 1358 76 19 värne-

137 1392 81 28 pligten
240 1392 68 27 gånge
332 1391 33 22 till
387 1391 171 27 verkställighet,
582 1391 83 21 ändock
688 1393 33 19 att
744 1391 77 21 besvär
836 1390 61 22 öfver

138 1427 91 27 utslaget
244 1426 88 22 anförts.
