1106 1809
815 144 26 20 63

110 211 150 26 öfningsmöte,
277 210 54 20 dock
346 209 46 21 icke
408 209 69 22 oftare
493 212 27 19 än
537 210 36 21 två
588 211 83 27 gånger
684 210 70 22 under
764 211 75 27 loppet
851 210 23 22 af

110 246 26 20 de
147 244 47 28 fyra
204 244 70 21 första
285 244 51 20 åren
347 243 54 21 efter
411 244 156 27 inskrifningen
578 244 7 21 i
595 244 141 22 landtvärnet
748 245 38 21 och
797 244 74 28 hvarje

109 280 57 26 gång
182 279 28 26 på
226 284 25 16 en
268 277 32 21 tid
316 277 22 21 af
350 277 64 27 högst
429 284 37 15 sex
481 278 83 22 veckor.

180 325 49 16 Anm.
253 323 67 22 Regler
332 322 93 23 angående
438 323 77 18 förande
528 324 20 17 af
559 324 49 17 rulla
621 324 52 18 öfver
680 329 93 17 personer,
782 330 38 12 som
829 324 42 18 räk-

109 358 34 13 nas
155 353 29 17 till
197 352 127 18 landtvärnets
336 351 59 18 första
404 352 89 22 kategori,
503 352 103 18 fastställas
616 352 48 18 efter
673 352 98 23 ömsesidig
779 352 92 18 öfverens-

109 382 99 18 kommelse
220 380 67 18 mellan
300 380 151 22 Krigsministern
464 380 34 18 och
511 381 85 17 Senaten.

180 435 50 18 Art.
246 434 59 18 228.
336 431 77 21 Första
435 432 114 26 kategorin
566 432 22 21 af
603 432 37 21 det
655 432 7 21 i
677 432 194 22 Rikslandtvärnet

109 467 106 28 ingående
230 466 139 21 landtvärnet
384 466 91 21 inkallas
491 472 77 21 genom
583 466 108 28 Kejserlig
703 466 56 22 ukas
771 466 31 22 till
813 466 58 22 Diri-

109 501 96 28 gerande
220 500 100 26 Senaten,
336 506 48 16 men
400 500 112 27 uppbådet
527 500 24 22 af
563 502 118 20 värnemän
698 501 23 21 af
730 502 69 20 andra
809 502 61 21 kate-

110 536 61 27 gorin
188 535 49 21 sker
252 534 90 22 medelst
358 534 115 28 Kejserligt
488 534 109 22 Manifest.

180 595 50 18 Art.
248 594 59 18 229.
338 592 28 20 Af
388 592 36 21 det
439 592 108 22 inkallade
561 592 141 22 landtvärnet
717 592 105 22 formeras
837 593 33 21 in-

109 626 207 28 fanteribataljoner.
346 626 271 28 Landtvärnstruppernas
632 627 67 27 jemte
715 628 63 21 deras
794 628 77 26 styrel-

110 668 46 15 sers
172 660 194 28 sammansättning
380 660 129 22 bestämmes
524 668 76 20 genom
618 663 77 19 stater.

180 722 50 18 Art.
247 721 61 18 230.
338 718 46 22 Den
408 718 77 28 högsta
503 718 99 28 tillsynen
621 718 58 22 öfver
695 720 34 20 att
745 719 102 27 åtgärder
863 719 7 21 i

109 754 33 21 tid
157 753 67 21 varda
239 753 103 27 vidtagna
354 752 33 22 för
398 753 119 27 tryggande
529 753 22 21 af
559 753 124 27 uppbådets
695 753 102 27 behöriga
807 754 62 20 verk-

109 788 114 26 ställande,
238 788 259 27 landtvärnstruppernas
512 788 150 27 uppsättande
677 790 56 19 samt
749 788 63 21 deras
825 788 45 21 för-

109 824 79 22 seende
211 823 48 21 med
282 822 99 28 samtliga
403 822 174 27 förnödenheter,
599 823 82 27 åligger
696 822 71 22 såvidt
782 823 29 27 på
827 823 41 21 den

110 858 62 22 civila
186 857 159 27 förvaltningen
360 858 125 20 ankommer
500 857 163 21 vederbörande
674 857 61 21 civila
745 857 125 27 myndighet

109 893 6 21 i
132 894 69 26 orten,
220 893 56 21 samt
291 891 7 22 i
314 891 124 23 militäriskt
456 891 123 23 hänseende
594 891 173 27 Hufvudstaben,
783 891 86 23 hvilken

109 928 7 20 i
132 928 61 21 detta
208 926 36 22 fall
259 926 86 22 utöfvar
360 926 33 22 sin
404 926 137 22 verksamhet
551 933 76 21 genom
639 926 80 22 Staben
730 927 8 20 i
747 926 124 22 finländska

109 961 199 22 militärdistriktet.

180 1021 49 18 Art.
254 1020 49 18 231.
334 1018 147 21 Landtvärnet
505 1018 150 22 hemförlofvas
678 1018 35 21 vid
728 1018 82 27 krigets
826 1018 44 22 slut

110 1054 52 21 eller
185 1054 39 20 ock
246 1053 98 27 tidigare,
368 1053 66 21 sedan
457 1053 100 21 behofvet
580 1053 23 21 af
625 1053 119 21 detsamma
766 1053 103 27 upphört.

108 1088 114 22 Likaledes
237 1087 157 27 hemförlofvas,
411 1088 54 21 efter
481 1088 36 21 det
531 1087 100 22 behofvet
642 1088 102 26 upphört,
757 1088 26 20 de
794 1089 76 20 värne-

109 1125 50 19 män
176 1122 22 21 af
211 1122 68 22 första
294 1123 120 26 kategorin,
431 1122 72 22 hvilka
517 1122 103 22 inkallats
636 1122 33 21 till
684 1122 153 21 förstärkande
849 1122 23 21 af

110 1158 26 21 de
152 1157 89 22 stående
257 1159 126 25 trupperna.

180 1211 49 18 Art.
247 1211 59 17 232.
336 1208 33 22 Då
385 1210 116 20 värnemän
517 1208 102 22 inkallats
635 1208 7 21 i
659 1208 72 27 tjenst,
745 1208 125 21 ankommer

109 1243 145 27 försörjandet
270 1242 22 22 af
307 1243 61 21 deras
384 1243 91 27 familjer
490 1243 29 27 på
535 1243 40 21 den
593 1242 70 22 stads-
679 1242 52 22 eller
745 1242 124 22 landskom-

109 1284 59 20 mun,
192 1278 37 21 der
252 1278 26 20 de
294 1279 37 19 äro
346 1277 181 22 mantalsskrifne.
557 1276 102 28 Familjer
675 1276 54 22 efter
744 1278 126 24 värnemän,

109 1318 47 15 som
172 1312 124 21 omkommit
311 1312 7 21 i
334 1312 48 27 krig
397 1312 50 22 eller
463 1312 48 21 dött
527 1311 23 21 af
563 1312 7 21 i
586 1311 55 22 strid
658 1311 95 21 erhållna
769 1312 41 25 sår,
827 1310 43 22 för-

108 1346 70 27 sörjas
194 1346 7 21 i
216 1346 67 22 likhet
306 1346 48 22 med
376 1346 91 28 familjer
489 1346 54 22 efter
562 1346 117 27 krigsmän.
709 1346 124 21 Värnemän
849 1345 23 21 af

108 1380 70 22 första
193 1380 120 28 kategorin,
329 1381 72 22 hvilka
412 1381 68 21 under
491 1381 144 27 öfningsmöte
645 1380 85 28 ådragit
738 1380 32 27 sig
778 1380 92 26 kropps-

108 1416 45 27 lyte
169 1415 39 21 och
222 1415 69 22 blifvit
306 1416 32 20 till
369 1416 74 21 arbete
459 1415 124 27 oförmögne
599 1416 57 20 samt
672 1416 67 20 sakna
755 1414 69 22 medel
838 1414 32 21 till

108 1450 39 22 sitt
170 1450 120 27 uppehälle,
315 1450 50 22 eller
388 1450 161 26 anförvandter,
573 1450 73 21 hvilka
669 1456 50 15 vore
742 1449 72 27 villiga
837 1450 34 20 att
