1109 1789
272 149 31 21 90

236 217 104 29 antagits
357 217 9 22 i
384 218 77 28 tjenst,
480 220 57 19 utan
557 217 69 22 äfven
646 218 23 21 af
687 217 57 28 dem,
763 225 48 14 som
830 217 94 22 erhällit
935 224 58 22 upp-

235 251 53 22 skof
306 251 37 22 till
362 251 103 30 följande
483 252 101 29 uppbåd.

306 316 45 21 Art.
371 317 49 20 120.
449 315 110 21 Komitön
578 315 42 22 har
638 315 94 28 pröfvat
749 314 84 29 nödigt
846 316 34 20 att
893 314 8 21 i
914 314 78 21 stället

235 349 37 22 för
296 357 80 14 senare
398 349 67 22 delen
484 350 23 21 af
529 351 13 25 &
561 349 32 21 89
611 349 9 22 i
638 349 109 28 gällande
765 349 76 21 finska
859 349 40 28 lag
916 348 76 22 införa

235 386 43 19 art.
301 384 54 27 160,
371 384 46 21 161
432 383 43 22 och
490 384 46 21 162
552 384 23 21 af
587 383 176 29 Kejsardömets
774 383 149 28 författning,
933 383 59 22 hvil-

235 419 41 20 ket
302 418 105 29 päkallas
426 419 23 21 af
469 419 207 28 bestämningarna
694 418 8 21 i
721 418 69 21 ofvan
807 417 132 29 föreslagna
958 425 34 14 ar-

234 452 79 22 tiklar.

305 511 46 20 Art.
368 511 49 20 123.
447 509 158 22 Alldenstund
624 511 13 25 $
657 510 31 21 50
707 510 8 21 i
734 510 45 21 den
785 505 75 37 finska
871 505 57 37 lagen
956 509 35 22 till

235 545 42 20 sitt
295 544 104 21 innehäll
422 545 109 21 omfattar
550 544 52 21 hela
620 544 53 29 kap.
692 544 24 21 X
734 544 8 21 i
759 543 176 30 Kejsardömets
953 544 39 28 lag

235 578 99 22 rörande
353 579 156 21 kostnaderna
526 578 37 22 för
581 578 126 29 uppbädet,
726 578 41 21 har
785 578 111 21 Komitön
915 580 76 19 ansett

235 613 93 29 möjligt
355 615 35 19 att
408 613 8 21 i
433 613 113 28 förslaget
568 613 76 22 införa
667 613 76 22 denna
761 613 109 28 paragraf
887 613 8 21 i
914 613 78 21 stället

234 648 37 21 för
289 647 108 29 samtliga
415 647 97 22 artiklar
530 648 36 21 uti
584 647 152 22 nästberörda
755 647 94 28 kapitel.

305 712 46 20 Art.
374 712 44 20 124.
447 711 109 21 Artikeln
576 711 45 21 171
639 711 8 20 i
665 710 174 29 Kejsardömets
852 709 140 28 författning

235 747 129 20 motsvaras
383 745 24 22 af
425 746 12 25 $
458 745 31 21 90
507 745 9 21 i
534 745 44 21 den
597 745 76 22 finska
691 745 74 28 lagen.
797 744 47 22 Vid
862 743 129 30 jemförelse

235 779 24 22 af
277 779 67 22 dessa
362 779 91 29 lagrum
470 779 42 22 har
529 779 112 22 Komitön
660 779 85 28 funnit,
764 781 35 20 att
817 780 13 26 &
848 779 31 21 90
892 778 99 22 hufvud-

235 813 108 29 sakligen
361 814 68 21 berör
447 813 44 22 den
510 813 107 30 ordning,
637 821 48 14 som
703 814 42 21 bör
762 813 119 28 iakttagas
898 812 41 22 vid
951 812 40 22 fri-

236 848 93 29 villiges
354 848 91 22 inträde
464 849 7 20 i
489 849 78 28 tjenst,
587 848 83 22 medan
689 851 42 19 art.
752 848 45 21 171
818 847 128 22 innefattar
963 847 27 21 de

235 882 140 29 fordringar,
394 883 81 21 hvilka
493 882 51 28 den,
558 890 49 14 som
620 883 86 21 önskar
715 882 92 22 inträda
817 883 7 20 i
835 882 73 29 tjenst
917 882 74 21 säsom

235 917 106 28 frivillig,
360 917 43 22 bör
420 917 112 28 uppfylla.
564 917 50 21 Allt
632 917 39 21 det
690 925 48 13 som
756 920 39 18 rör
813 916 130 28 ordningen
955 915 36 22 för

236 951 134 29 antagande
388 952 8 20 i
415 952 77 28 tjenst,
509 951 42 22 har
568 952 43 21 vär
628 951 39 29 lag
685 951 77 22 sävidt
779 951 93 28 möjligt
884 950 107 28 inrymt
982 946 14 38 i

235 993 29 14 en
283 986 63 21 skild
364 986 47 21 bok
429 986 23 21 af
470 986 103 21 Militära
591 985 289 28 författningssamlingen.

304 1021 124 20 Dessutom
446 1027 68 14 anser
531 1020 118 28 Komitön,
669 1022 34 19 att
722 1020 39 21 det
779 1027 108 21 program
903 1019 36 21 för
952 1026 39 14 an-

235 1054 115 21 ställande
370 1055 23 21 af
410 1054 79 22 förhör
507 1055 52 21 med
571 1055 120 28 frivillige,
702 1062 49 14 som
760 1058 133 17 omnämnes
903 1054 9 20 i
922 1061 66 14 mom.

236 1089 14 20 3
271 1089 23 21 af
313 1089 76 21 denna
406 1089 115 28 paragraf,
539 1089 52 21 icke
603 1089 43 22 bör
658 1093 116 24 uppgöras
784 1090 58 20 utan
851 1088 139 27 Krigsmini-

235 1124 75 20 sterns
329 1123 118 21 äfvensom
466 1123 133 21 Ministerns
613 1124 36 20 för
661 1122 222 29 folkupplysningen
892 1122 98 28 vetskap

235 1156 43 22 och
297 1158 126 28 samtycke,
449 1158 95 21 emedan
564 1157 147 22 sistbemälde
730 1157 108 21 Minister
856 1160 24 17 är
898 1156 92 28 kompe-

235 1194 51 18 tent
305 1194 35 19 att
362 1192 80 28 afgöra
460 1192 84 28 frägor,
563 1192 49 21 som
629 1192 81 21 kunna
727 1192 85 28 uppstä
829 1190 42 22 vid
889 1198 29 13 en
935 1191 55 28 jem-

234 1226 98 21 förande
351 1226 217 28 sammanställning
587 1226 23 22 af
627 1233 109 21 program
748 1225 43 22 och
802 1225 137 21 läroböcker
950 1224 40 22 vid

234 1260 29 21 de
281 1260 76 22 finska
375 1260 239 29 läroinrättningarna
632 1260 52 22 med
703 1259 164 22 motsvarande
883 1266 107 22 program

234 1293 44 22 och
296 1294 138 22 läroböcker
451 1295 40 21 vid
509 1295 70 28 ryska
597 1294 113 22 läroverk.
742 1294 12 21 I
773 1294 105 28 enlighet
895 1293 96 21 härmed

233 1328 44 22 har
295 1328 114 22 Komitén
427 1330 70 20 äfven
510 1330 93 21 affattat
615 1331 42 19 art.
670 1329 46 21 171
727 1329 36 21 för
775 1328 44 22 den
829 1328 76 21 finska
914 1327 76 28 lagen,

233 1362 53 22 med
304 1363 85 29 tillägg
401 1364 24 21 af
437 1363 177 23 bestämmelsen
627 1371 38 14 om
673 1363 82 27 finnar,
770 1370 50 14 som
829 1362 97 22 afslutat
935 1362 55 21 kurs

232 1397 42 22 vid
292 1398 67 28 ryskt
376 1398 114 21 läroverk.

302 1432 203 28 Representanten
522 1432 37 22 för
571 1432 46 22 den
628 1432 77 21 finska
714 1431 219 23 administrationen
942 1430 48 27 har,

232 1466 53 22 med
304 1466 147 29 åberopande
471 1467 23 21 af
511 1466 63 22 hvad
592 1467 47 21 han
651 1465 192 23 reservationsvis
856 1464 87 23 uttalat
952 1464 38 22 be-
