1109 1800
274 158 32 21 48

238 233 68 14 serna
330 226 41 21 vid
390 226 88 21 Finska
497 225 154 21 kadettkåren
672 226 56 20 eller
746 226 8 20 i
772 226 227 22 militärläroverken

239 260 57 21 eller
319 260 121 21 infanteri-
459 260 56 21 eller
532 259 317 29 kavallerijunkarskolorna,
867 260 54 22 med
938 261 61 21 iakt-

239 294 103 29 tagande
361 294 8 21 i
388 294 108 22 afseende
515 295 13 20 å
546 294 197 28 befordringsrätt
761 294 37 21 till
816 294 80 22 officer
915 295 22 21 af
954 295 45 21 den

239 329 70 28 regel,
337 336 49 14 som
413 329 68 27 ingår
508 328 7 21 i
544 331 42 19 art.
616 328 48 21 104
691 328 63 21 band
772 328 45 22 VII
836 329 23 21 af
877 329 50 21 Mil.
946 330 52 21 förf.

239 364 64 20 saml.
324 363 23 21 af
366 364 25 20 år
412 362 71 22 1869.

309 403 199 28 Anmärkning.
544 402 35 21 De
606 402 40 21 vid
673 402 89 22 Finska
789 402 157 22 kadettkåren
964 403 34 21 in-

240 437 91 22 rättade
350 437 294 28 undervisningskurserna
663 436 36 22 för
716 436 113 29 frivillige
847 437 151 22 funktionera

239 472 76 28 enligt
333 471 116 22 särskilda
466 471 81 29 regler.

308 541 47 20 Art.
377 542 36 19 92.
444 540 105 21 Examen
567 540 36 20 för
621 539 124 22 befordran
764 539 37 21 till
819 539 80 22 officer
912 540 86 22 anstäl-

238 574 33 22 les
298 574 53 22 med
378 574 111 29 frivillige
513 574 40 21 vid
572 573 65 22 såväl
655 574 75 21 finska
749 574 249 29 skarpskyttebataljo-

239 617 72 13 nerna
330 617 49 13 som
397 609 76 21 finska
492 608 233 29 dragonregementet
743 608 40 22 vid
801 609 89 21 Finska
905 609 93 21 kadett-

239 643 73 22 kären
331 651 29 14 en
378 643 65 28 gäng
462 650 36 14 om
515 643 56 26 äret,
583 642 40 22 vid
636 643 65 20 tiden
714 643 36 21 för
763 642 28 21 de
804 643 73 28 ärliga
890 643 108 22 examina

238 677 53 22 med
304 677 139 22 kadetterna
455 678 14 20 ä
481 677 102 21 nämnda
595 677 137 21 kadettkärs
745 677 183 28 specialklasser,
941 677 57 22 eller

239 712 41 21 vid
299 714 34 19 ett
352 711 23 22 af
393 711 28 22 de
439 711 102 22 militära
560 711 144 22 läroverken.
723 711 121 28 Frivillige
862 711 41 22 vid
921 711 77 22 finska

238 746 234 29 dragonregementet
498 745 161 28 underkastas,
686 746 101 21 förutom
814 745 45 22 den
883 745 114 30 stadgade

237 788 98 14 examen
354 780 39 21 vid
412 780 88 21 Finska
519 779 161 28 kadettkären,
693 780 136 28 ytterligare
842 787 28 14 en
884 780 114 29 komplet-

238 815 96 22 terande
351 822 96 14 examen
465 815 8 20 i
491 814 122 29 hippologi
631 814 40 21 vid
688 815 167 28 Nikolajevska
874 815 124 21 kavalleri-

236 849 91 22 skolan.

445 899 9 19 I
477 901 36 18 art.
539 900 25 19 92
589 899 35 18 har
643 899 98 24 Komitön,
765 899 122 20 omfattande
910 905 25 14 en
951 899 47 20 dess

376 928 99 19 ledamots
491 927 59 26 äsigt,
566 929 67 18 ansett
648 927 69 25 nödigt
732 929 29 18 att
777 927 31 20 till
820 928 25 19 de
859 928 93 25 frivillige
965 929 33 19 vid

379 957 64 18 finska
466 960 110 21 trupperna
598 956 124 19 utsträcktes
740 956 122 25 rättigheten
877 958 30 17 att
921 957 77 25 aflägga

377 991 85 13 examen
483 985 30 19 för
528 985 107 19 befordran
651 985 30 19 till
697 985 68 18 officer
779 985 42 19 icke
837 985 50 19 blott
902 985 34 19 vid
952 985 45 20 Fin-

378 1013 35 20 ska
436 1013 131 20 kadettkären
591 1015 48 17 utan
655 1013 37 19 ock
708 1013 33 19 vid
756 1013 62 25 öfriga
834 1013 164 20 militärläroverk

377 1042 5 19 i
398 1042 155 25 Kejsaredömet.

308 1096 47 21 Art.
387 1097 35 20 93.
461 1095 129 21 Befordran
619 1095 22 21 af
667 1094 137 22 underbefäl
823 1095 43 21 och
884 1095 114 29 manskap

238 1129 41 22 vid
301 1129 29 22 de
351 1129 76 22 finska
448 1131 128 27 trupperna
598 1129 43 22 och
660 1129 189 29 inrättningarna
868 1129 36 22 till
922 1129 76 29 lägsta

238 1164 72 21 civila
335 1164 88 29 graden
442 1171 54 21 eger
514 1171 50 14 rum
583 1164 76 28 enligt
677 1163 28 22 de
723 1163 41 22 vid
781 1164 102 21 nämnda
901 1166 97 27 trupper

239 1206 32 14 nu
289 1198 110 29 gällande
417 1199 76 28 regler
511 1198 44 22 och
573 1198 28 22 de
619 1198 175 29 författningar,
813 1206 49 14 som
879 1199 64 29 gälla
961 1199 37 21 till

238 1233 155 22 efterrättelse
411 1233 146 21 beträffande
575 1233 77 21 finska
670 1233 139 21 civilstaten.

256 1320 23 26 2)
299 1320 137 20 Officerares
454 1319 125 21 befordran
599 1318 37 22 till
654 1318 72 29 högre
744 1318 91 29 grader,
854 1321 126 27 transport,

390 1359 194 29 kommendering
603 1358 44 22 och
665 1358 182 30 tjenstledighet.

309 1429 46 21 Art.
378 1430 33 20 94.
441 1428 47 21 Vid
506 1428 77 22 finska
601 1430 128 26 trupperna
747 1427 106 22 anstälde
871 1427 73 22 stabs-
955 1428 43 21 och

239 1463 198 21 Ofverofficerares
456 1462 125 22 befordran
600 1462 38 21 till
656 1462 72 28 högre
747 1462 89 28 grader,
849 1461 149 23 underbefäls
