1111 1792
260 150 12 20 8

231 218 49 22 med
295 218 48 22 dess
358 218 104 28 påföljder
478 218 39 22 och
532 224 27 16 ur
574 218 89 27 specielt
673 217 113 22 militärisk
797 217 111 27 synpunkt
918 216 69 22 blefvo

232 254 25 21 de
272 254 46 20 icke
334 253 128 27 tillbörligen
477 253 154 27 uppskattade.

300 288 41 21 Vid
356 288 159 27 granskningen
532 288 23 21 af
569 288 40 21 den
619 286 153 27 skriftvexling,
784 293 45 14 som
842 286 87 27 åttöljde
939 288 47 19 vär-

232 322 155 27 nepligtslagen
408 322 22 21 af
448 323 24 20 år
494 323 53 20 1878
567 322 35 21 vid
623 321 49 22 dess
687 321 135 22 insändande
838 321 7 21 i
860 320 99 22 afseende
975 320 12 21 ä

231 357 66 27 nådig
308 356 142 27 stadfästelse,
462 356 93 28 framgår
567 357 98 26 sålunda,
678 357 33 20 att
721 355 129 28 landtagens
860 354 126 23 hemställan

231 391 166 28 ursprungligen
420 391 140 22 omnämndes
583 391 7 21 i
613 391 106 21 Senatens
741 390 120 25 utlåtande,
884 396 47 15 men
955 390 33 21 att

231 426 307 21 Ministerstatssekreteraren
562 425 122 22 sedermera
706 425 46 21 icke
770 425 80 27 intagit
865 425 123 21 densamma

231 460 7 21 i
254 460 33 21 sin
304 459 108 22 skrifvelse
436 460 33 21 till
492 460 177 27 Krigsministern
689 459 48 28 (N:o
753 459 62 27 512);
836 458 93 23 derefter
944 465 43 15 om-

232 495 56 21 talas
304 495 71 21 denna
390 495 127 21 hemställan
530 495 47 21 åter
591 495 3 20 i
606 494 112 21 Komiténs
729 494 35 21 vid
774 493 214 22 Statssekretariatet

232 529 118 28 protokoll.
369 529 69 22 Alltså
448 529 92 22 uteslöts
554 529 167 21 omnämnandet
733 535 32 15 om
779 529 143 26 landtdagens
931 528 56 21 hem-

232 564 78 21 ställan
318 564 48 21 från
375 564 174 27 skriftvexlingen
558 564 77 21 endast
648 563 23 22 då
675 563 189 27 Krigsministerns
876 562 112 22 utlåtande

232 599 6 20 i
255 599 115 26 anledning
385 598 23 21 af
421 599 63 27 lagen
500 598 23 21 af
537 599 24 20 år
580 599 53 20 1878
649 597 139 22 inhemtades.

301 633 49 21 Med
366 633 100 22 afseende
481 633 57 26 derå,
555 634 34 20 att
608 633 178 27 Krigsministern
803 631 78 22 Grefve
895 631 92 28 Miljutin

232 667 94 27 tidigare
348 667 46 22 icke
416 667 72 22 funnit
511 667 72 27 någon
611 667 70 27 grund
704 667 33 21 för
762 667 114 27 förslagets
894 666 32 22 till
941 668 47 19 vär-

232 701 129 28 nepligtslag
382 701 152 28 föreläggande
556 701 33 22 till
612 701 132 28 granskning
764 701 23 22 af
800 701 117 27 landtagen
933 701 56 20 samt

232 737 29 26 på
277 736 36 21 det
328 736 146 21 bestämdaste
490 735 82 22 uttalat
583 735 32 28 sig
625 738 57 19 emot
692 735 114 28 förslagets
818 734 170 23 öfverlemnande

232 771 33 20 till
288 770 132 21 Ständernas
443 770 136 27 behandling,
606 770 80 21 hvilket
709 769 61 22 äfven
793 776 39 15 var
853 769 81 22 bekant
956 768 33 22 för

232 804 220 27 Statssekretariatet,
468 804 102 21 framstår
590 805 71 21 såsom
688 804 164 27 otvifvelaktigt,
872 805 33 20 att
920 803 69 22 Stats-

232 839 153 22 sekretariatet
407 846 38 15 var
468 839 128 27 fullkomligt
616 839 136 27 öfvertygadt
768 839 79 26 derom,
864 840 33 20 att
913 837 76 23 Grefve

232 874 94 26 Miljutin
346 874 68 20 under
433 874 50 26 inga
502 873 69 21 vilkor
591 873 69 22 skulle
679 873 70 21 lemna
764 873 39 21 sitt
818 873 108 27 samtycke
941 873 7 20 i
963 879 25 14 en

233 908 68 22 sådan
316 908 67 27 fråga,
399 914 45 16 som
461 908 128 27 landtagens
608 908 164 27 ifrågavarande
788 907 134 27 hemställan,
937 906 52 22 hvil-

232 944 42 21 ken
291 943 59 27 afsåg
366 944 32 20 att
418 943 88 27 tillägga
526 944 26 20 14
571 942 126 28 paragrafer
712 943 7 21 i
735 943 62 27 lagen
818 943 40 21 den
874 942 115 27 betydelse,

232 984 47 16 som
294 977 121 22 framhålles
431 978 7 21 i
453 978 112 21 Komiténs
580 977 33 22 för
629 978 26 21 de
670 978 70 20 finska
759 977 108 21 ärendena
882 976 108 22 ofvanom-

232 1012 106 22 förmälda
353 1012 115 27 protokoll.
499 1012 45 21 Och
561 1014 53 19 enär
633 1011 100 22 finnarne
748 1012 80 26 ansågo
845 1011 70 21 denna
929 1010 61 28 fråga

232 1053 54 15 vara
301 1046 23 22 af
337 1047 168 27 utomordentlig
523 1047 50 27 vigt,
591 1048 24 20 är
636 1046 37 22 det
689 1046 105 27 naturligt
810 1047 34 20 att
859 1045 131 22 Statssekre-

233 1081 90 21 tariatet
338 1081 46 21 icke
400 1082 68 26 ansåg
483 1081 82 27 möjligt
580 1081 83 21 riskera
679 1081 66 21 saken
762 1087 76 21 genom
850 1082 33 20 att
901 1079 90 28 delgifva

233 1115 78 22 Grefve
326 1116 93 27 Miljutin
446 1116 67 27 sagda
528 1115 61 27 fråga
604 1116 7 20 i
628 1115 100 22 afseende
744 1116 12 20 å
773 1115 120 21 utlåtande.
915 1114 76 22 Denna

234 1150 118 26 synpunkt,
376 1150 7 20 i
406 1150 154 26 sammanhang
583 1150 47 21 med
654 1149 26 21 de
703 1149 62 21 ofvan
781 1148 129 22 framhållna
924 1148 66 27 fakta,

234 1190 78 21 genom
328 1184 71 21 hvilka
416 1184 162 21 ohållbarheten
594 1184 23 20 af
626 1184 25 21 de
662 1184 23 21 af
695 1183 125 22 nuvarande
831 1184 16 20 t.
859 1182 13 22 f.
884 1183 107 21 Minister-

233 1219 209 21 statssekreteraren
464 1218 90 21 anförda
572 1218 146 27 förklaringar
737 1218 7 21 i
758 1218 68 21 saken
843 1217 148 27 ådagalägges,

233 1252 67 28 gifver
316 1252 49 22 stöd
383 1252 33 22 för
436 1252 41 22 den
496 1252 97 28 slutsats,
615 1253 33 20 att
663 1252 36 21 vid
714 1252 149 21 inhemtandet
879 1251 22 21 af
915 1251 77 22 Grefve

233 1287 105 27 Miljutins
349 1287 115 21 utlåtande
473 1288 7 20 i
492 1287 89 21 ärendet
587 1287 134 21 Ständernas
732 1286 128 22 hemställan
871 1286 120 27 afsiktligen

233 1321 106 27 förtegats
354 1322 6 20 i
376 1322 55 26 syfte
448 1323 32 20 att
495 1321 116 27 förebygga
626 1321 137 27 möjligheten
780 1320 23 22 af
816 1322 33 20 ett
864 1320 79 22 sådant
957 1322 35 20 ut-

233 1356 89 21 låtande
338 1356 22 21 af
373 1356 85 28 honom,
475 1362 45 15 som
541 1356 84 21 kunnat
643 1355 66 21 lända
729 1355 71 21 denna
817 1355 127 21 hemställan
960 1354 32 22 till

233 1397 55 15 men.
320 1390 44 22 Och
388 1391 27 21 dä
439 1397 29 15 nu
490 1390 95 22 hvarken
609 1390 90 22 ärendet
714 1390 7 21 i
737 1389 122 23 hufvudsak
878 1389 51 22 eller
951 1389 40 21 den

233 1425 81 27 nädiga
336 1424 144 28 befallningen
504 1431 34 15 om
561 1424 173 22 öfverlemnande
756 1424 34 21 till
804 1424 189 27 Krigsministerns

234 1460 114 20 utlåtande
364 1459 23 21 af
400 1459 134 22 Ständernas
545 1459 172 22 svarsskrifvelse
729 1459 111 27 angående
851 1458 141 28 värnepligts-
