1111 1795
810 160 30 21 51

189 229 47 21 Art.
262 229 51 19 100.
351 227 135 21 Officerares
511 227 165 29 entledigande
698 227 43 21 och
760 228 119 21 afförande

118 262 53 22 frän
189 261 135 28 befattning
342 268 54 22 eger
414 268 52 14 rum
484 261 75 28 enligt
576 261 28 21 de
622 262 9 20 i
650 261 63 21 band
731 261 46 22 VII
795 262 24 21 af
828 262 48 22 Mil.

120 296 53 22 förf.
201 296 64 22 saml.
292 295 23 22 af
333 296 25 20 år
379 296 63 20 1869
462 295 111 29 stadgade
592 296 86 28 regler;
698 296 67 21 civile
784 297 94 28 tjenste-

121 334 66 18 mäns
215 329 165 29 entledigande
407 330 50 21 från
485 330 134 28 befattning
642 330 117 28 försiggår
776 330 102 22 deremot

123 365 75 29 enligt
224 364 29 21 de
272 364 36 21 för
326 364 75 22 finska
420 364 131 21 civilstaten
570 364 109 28 gällande
698 364 180 29 bestämningar,

120 400 61 21 dock
207 398 105 27 sålunda,
340 400 34 19 att
402 398 40 21 det
469 400 131 26 temporära
617 398 163 22 bestridandet
799 399 23 21 af
838 406 40 14 va-

120 434 72 21 kanta
210 432 161 28 befattningar
390 432 143 21 omedelbart
552 432 42 21 och
612 432 64 21 intill
695 432 50 22 dess
765 433 28 21 de
806 432 72 23 varda

119 467 92 22 besatta
239 467 8 21 i
274 466 45 22 den
346 467 9 20 i
364 466 111 31 Finland
495 466 112 29 stadgade
627 466 101 29 ordning
745 467 133 28 uppdrages

121 503 25 20 åt
163 509 117 21 personer,
302 501 99 22 utsedda
419 508 84 21 genom
520 501 186 21 militärbefälets
726 501 83 28 åtgärd
821 504 57 19 utan

120 535 140 30 föregående
291 535 202 21 kommunikation
519 535 52 21 med
597 535 176 22 vederbörande
800 535 76 22 finska

121 571 69 21 civila
208 569 144 30 myndighet.

327 637 44 18 Art:
395 637 39 19 100
449 637 6 18 i
471 636 113 25 »förslaget»
599 637 92 24 angifver
706 643 71 18 genom
794 637 81 19 hänvis-

259 665 48 24 ning
322 665 30 19 till
367 665 24 19 de
407 665 99 19 allmänna
521 665 81 24 lagarna
616 665 68 24 regeln
696 665 30 19 för
736 665 140 25 entledigande

258 700 25 13 ur
297 694 116 24 befattning.
436 693 9 19 I
460 693 47 24 följd
523 693 19 19 af
556 693 38 20 den
610 693 6 19 i
631 693 85 20 Finland
731 694 93 24 gällande
834 696 42 17 sär-

259 722 65 19 skilda
339 722 111 25 ordningen
466 722 31 19 för
511 721 59 20 civila
585 722 95 25 tjensters
690 722 123 24 besättande,
824 722 52 19 hvil-

258 751 39 18 ken
320 753 55 22 tager
398 757 25 12 en
446 750 81 25 mycket
549 750 47 25 lång
614 750 29 19 tid
659 751 62 24 (öfver
735 757 25 13 en
775 750 80 25 månad)
870 751 5 18 i

258 779 92 25 anspråk,
373 779 36 19 har
428 779 92 19 Komitén
543 781 65 17 ansett
630 779 71 25 nödigt
719 779 70 25 stadga
803 781 29 17 att
848 779 30 19 för

259 807 126 19 bestridande
408 807 19 19 af
450 807 85 19 vakanta
556 807 135 25 befattningar
713 808 52 24 böra,
784 809 48 17 utan
848 809 29 18 att

259 836 82 19 invänta
364 836 37 19 den
417 836 59 19 civila
492 836 155 24 myndighetens
663 836 77 24 åtgärd,
755 836 122 19 omedelbart

259 864 134 20 tillförordnas
411 864 90 24 vikarier,
517 870 43 13 som
575 866 57 17 utses
649 864 60 19 bland
719 864 100 20 officerare
828 864 48 20 eller

259 893 33 18 vid
308 892 172 19 militärväsendet
495 892 90 19 anstälda
600 893 127 24 tjenstemän.

383 990 74 20 Tredje
471 990 144 20 afdelningen.

346 1040 129 28 Anställning
490 1040 33 22 vid
539 1046 108 17 reserven.

188 1101 46 21 Art.
259 1102 45 20 101.
341 1100 144 22 Underbefäl
504 1100 44 22 och
565 1101 113 28 manskap
697 1100 40 22 vid
755 1100 29 21 de
802 1099 76 22 finska

119 1137 127 26 trupperna
274 1134 43 22 och
345 1135 190 28 inrättningarna
562 1135 134 27 öfverföras,
716 1135 57 21 efter
791 1134 40 22 det
849 1134 29 22 de

119 1170 103 28 uttjenat
244 1169 28 21 de
296 1169 36 22 för
354 1169 65 22 aktiv
438 1170 158 28 tjenstgöring
614 1169 124 22 faststälda
755 1169 67 27 tider,
840 1169 38 21 till

118 1211 111 14 reserven
247 1205 31 27 pä
296 1203 75 29 grund
391 1204 24 21 af
431 1204 215 29 värnepligtslagen
665 1204 37 21 för
719 1203 102 22 Finland
834 1203 43 22 och

119 1238 29 21 de
176 1239 117 21 allmänna
318 1239 76 27 regler
412 1239 8 20 i
439 1241 84 24 ämnet,
543 1246 48 13 som
609 1239 56 28 ingä
684 1239 8 20 i
710 1238 62 21 band
791 1238 45 21 VII
854 1238 24 21 af

118 1273 49 21 Mil.
186 1273 52 22 förf.
257 1273 63 21 saml.
340 1273 23 21 af
382 1274 25 20 är
429 1273 71 27 1869,
520 1276 59 19 samt
597 1273 115 21 särskilda
730 1273 36 21 för
775 1272 102 22 Finland

118 1307 124 22 utfärdade
261 1307 154 28 stadganden,
428 1307 53 22 med
493 1307 153 29 iakttagande
658 1307 86 29 jemväl
757 1307 22 22 af
791 1307 86 22 nedan-

119 1341 95 22 stäende
233 1341 81 29 regler.

326 1408 160 26 Tillämpningen
512 1409 20 18 af
560 1408 37 19 den
620 1408 101 19 allmänna
744 1408 132 25 värnepligts-

256 1437 70 24 lagens
349 1437 169 25 grundprinciper
540 1436 12 20 å
568 1437 149 24 värnepligtens
733 1436 109 25 utgörande
857 1437 20 19 af

256 1465 95 20 Finlands
375 1465 117 25 befolkning
506 1465 73 19 liksom
594 1465 35 19 ock
646 1465 195 25 omorganisationen
857 1465 20 19 af
