1109 1806
836 167 12 21 7

196 236 45 21 Art.
261 238 19 19 4
317 237 14 25 8
351 236 13 20 7
383 236 9 20 i
405 235 45 21 den
462 236 109 28 gällande
584 236 76 21 finska
673 236 68 28 lagen
755 239 129 18 motsvarar

127 270 37 21 till
190 271 77 27 nägon
291 270 38 21 del
353 270 128 21 innehället
505 270 9 22 i
534 270 53 21 4:de
607 272 42 20 art.
668 270 23 22 af
709 270 175 29 Kejsardömets

126 304 46 28 lag,
191 304 60 22 dock
269 307 34 19 att
322 304 75 22 denna
413 305 13 26 $
440 305 59 21 afser
512 304 87 22 finnars
613 304 178 29 öfverflyttning
803 304 81 22 endast

127 339 37 21 till
182 338 175 30 Lappmarkens
366 338 74 22 härad
450 339 43 21 och
506 339 140 29 Kuolajärvi
658 340 111 20 kommun
783 339 23 21 af
815 339 69 21 Kemi

127 372 78 28 härad,
223 376 58 19 utan
300 376 35 19 att
353 373 50 21 deri
421 373 121 22 förutsetts
555 374 88 21 finnars
656 374 179 28 öfverflyttning
847 373 37 21 till

127 411 62 18 orter
200 408 62 22 inom
275 408 170 28 Kejsardömet,
458 408 40 21 der
510 408 175 29 Kejsardömets
699 408 185 29 värnepligtslag

126 442 57 21 eller
195 442 113 21 särskilda
321 442 174 29 bestämningar
506 443 71 28 gälla,
587 443 56 20 eller
657 443 37 20 till
707 442 95 27 trakter,
815 442 69 21 hvars

126 476 117 27 invänare,
259 477 8 20 i
285 476 75 21 likhet
385 477 53 20 med
456 477 52 21 dem
526 477 8 21 i
552 477 152 22 förenämnda
723 479 62 19 orter
803 477 8 21 i
829 477 55 20 Fin-

127 511 55 22 land
206 515 38 17 äro
271 511 103 22 befriade
392 511 53 21 från
463 512 175 28 värnepligtens
657 511 136 29 utgörande.
830 511 54 21 Med

126 545 127 29 anledning
270 545 66 22 häraf
355 553 66 14 anser
433 545 113 22 Komitén
563 546 83 29 nödigt
658 546 81 28 intaga
752 546 9 21 i
772 545 113 29 förslaget

126 580 37 21 till
182 580 38 28 lag
238 580 36 21 för
291 579 102 22 Finland
412 580 52 21 4:de
483 581 102 21 artikeln
603 581 24 21 af
644 581 175 28 Kejsardömets
838 580 45 28 lag.

126 614 52 21 med
196 614 85 29 tillägg
299 615 23 21 af
339 615 74 21 första
431 614 91 22 hälften
540 615 23 22 af
583 616 12 25 $
616 615 13 21 7
649 615 8 21 i
670 615 45 21 den
727 615 76 21 finska
815 615 69 28 lagen

127 649 74 21 såsom
219 649 160 28 anmärkning.

195 683 149 22 Beträffande
367 684 142 21 invånarene
528 684 8 21 i
554 684 177 28 Lappmarkens
749 683 73 22 härad
841 683 43 22 och

126 717 139 29 Kuolajärvi
282 718 110 21 kommun
411 718 23 21 af
452 718 70 21 Kemi
539 718 75 22 härad
631 718 75 21 finner
721 718 112 21 Komitén
846 717 38 22 det

126 752 91 29 knappt
234 760 55 14 vara
308 753 95 20 rättvist
421 755 35 19 att
474 753 95 21 frikalla
582 753 52 22 dem
646 753 53 21 från
710 753 174 28 värnepligtens

126 787 135 28 utgörande,
289 787 29 21 dä
345 787 191 28 Kola-lapparne,
559 795 49 14 som
626 787 61 22 lefva
706 787 73 21 under
797 795 87 14 samma

126 821 143 21 förhållande
289 829 48 14 som
355 821 28 21 de
401 821 83 28 finska,
501 822 52 21 icke
570 826 39 17 äro
623 822 74 28 enligt
710 821 174 30 Kejsardömets

128 855 39 28 lag
191 855 102 22 befriade
311 856 52 21 från
381 856 76 21 denna
475 856 142 29 skyldighet.
654 856 43 21 Att
715 856 112 21 Komitén
846 856 38 21 det

129 890 98 21 oaktadt
241 890 122 21 bibehållit
376 890 44 21 den
433 891 62 22 förra
508 891 185 28 bestämningen,
703 891 42 21 har
758 891 62 21 skett
833 890 52 22 med

128 924 91 29 hänsyn
237 925 84 27 dertill,
341 927 34 19 att
393 925 64 21 inom
475 925 114 22 Finlands
607 929 96 24 gränser
715 925 74 22 finnas
803 925 82 21 endast

130 959 159 27 600—1,000
301 960 82 28 lappar
396 960 81 26 (omkr.
491 961 44 26 0,05
544 961 36 26 2/4)
594 959 43 22 och
650 960 39 21 det
703 959 108 30 derjemte
824 960 61 21 visat

128 993 37 28 sig
184 996 34 18 att
231 993 65 22 deras
310 994 63 21 antal
385 994 8 21 i
403 994 129 21 allmänhet
544 994 110 21 minskas.
675 994 77 28 Sagda
763 994 63 21 antal
836 993 48 29 lap-

128 1034 42 22 par
182 1028 75 20 skulle
269 1028 65 28 gifva
347 1028 98 29 ungefär
465 1029 30 21 18
514 1036 55 14 man
581 1029 96 28 årligen,
691 1028 80 22 hvilka
783 1029 101 28 uppnått

127 1062 233 28 värnepligtsäldern,
373 1062 44 22 och
430 1063 23 21 af
466 1063 66 21 dessa
543 1063 93 21 skulle
627 1058 12 36 i
647 1063 237 21 öfverensstämmelse

128 1096 52 21 med
198 1096 39 22 det
255 1097 70 27 antal,
344 1104 49 15 som
411 1098 102 21 inkallas
532 1098 39 20 till
588 1098 157 28 tjenstgöring
764 1098 8 20 i
790 1098 94 28 Kejsar-

128 1130 83 28 dömet,
235 1132 82 21 endast
345 1132 5 21 6
369 1139 54 14 man
447 1132 93 22 komma
565 1134 35 20 att
617 1132 94 22 inträda
729 1132 8 21 i
755 1133 72 27 tjenst
844 1132 41 21 vid

127 1167 132 27 trupperna.

197 1200 45 21 Till
264 1200 45 22 den
327 1200 22 22 af
367 1203 193 26 representanten
577 1200 36 22 för
631 1200 45 22 den
694 1200 76 22 finska
787 1200 98 22 admini-

128 1234 128 22 strationen
276 1235 83 29 gjorda
377 1235 184 29 invändningen,
581 1237 35 19 att
635 1235 38 21 det
691 1236 21 28 ej
732 1239 25 17 är
775 1234 110 28 bonings-

127 1271 57 19 utan
210 1269 227 29 inskrifningsorten,
466 1277 50 14 som
542 1272 70 26 utgör
638 1270 77 28 grund
736 1270 36 21 för
786 1269 99 21 bestäm-

127 1303 84 21 mande
229 1304 23 21 af
271 1306 65 19 orten
353 1304 36 22 för
402 1304 177 28 värnepligtens
597 1304 154 28 fullgörande,
765 1303 120 22 anmärkte

127 1337 112 22 Komitén
265 1340 34 20 att
323 1338 52 22 med
398 1338 179 29 öfverflyttning
595 1338 38 22 till
657 1346 72 14 annan
745 1333 141 38 boningsort

126 1372 117 28 klarligen
261 1374 72 20 måste
351 1373 84 21 förstås
455 1373 108 21 definitiv
581 1373 119 28 flyttning.

195 1441 46 21 Art.
263 1444 20 18 5.
315 1441 82 29 Tredje
410 1442 142 28 paragrafen
564 1442 8 20 i
585 1442 44 20 den
644 1449 33 14 nu
689 1442 107 28 gällande
810 1440 75 22 finska

126 1475 75 28 lagen,
220 1482 49 15 som
287 1478 129 19 motsvarar
435 1476 47 21 5:te
502 1476 101 22 artikeln
621 1476 8 21 i
647 1475 174 29 Kejsardömets
840 1475 45 21 för-
