1111 1781
264 150 31 21 56

368 215 52 20 velat
441 214 52 21 afstå
515 214 43 21 från
577 215 38 19 den
630 220 72 19 genom
718 216 86 19 svenska
820 215 117 26 riksdagens
954 217 32 19 be-

368 244 41 19 slut
424 244 23 19 år
463 245 54 18 1682
533 243 75 20 införda
622 243 47 20 idén
685 249 33 14 om
733 244 190 25 indelningsverket.
954 245 32 20 Uti

367 273 38 19 den
422 273 58 18 ofvan
495 272 100 19 beskrifna
607 272 161 24 organisationen
778 273 19 19 af
808 279 98 18 reserven,
919 273 6 19 i
936 279 51 14 sam-

368 301 52 19 band
434 301 46 19 med
496 300 190 25 värnepligtslagens
709 301 110 24 stadgande
835 301 18 26 ($
871 301 20 25 2)
906 308 31 13 om
954 302 34 19 det

368 331 110 23 temporära
500 329 128 19 inställandet
650 329 19 18 af
691 329 123 20 rusthållens
837 330 38 19 och
897 332 90 17 rotarnas

368 358 132 24 verksamhet,
520 358 34 24 gaf
568 357 31 24 sig
615 357 123 19 sträfvandet
752 359 29 18 att
796 358 73 19 bevara
885 358 102 25 möjlighe-

369 388 32 17 ten
416 386 30 19 till
461 387 30 18 att
509 386 34 19 vid
557 386 61 19 första
633 385 66 20 derför
714 392 132 18 gynnsamma
861 386 78 19 tillfälle
954 387 33 19 be-

367 421 65 18 gagna
453 415 31 24 sig
506 415 20 18 af
547 414 87 19 nämnda
656 415 77 23 system
756 415 87 24 uttryck,
860 417 50 17 trots
926 415 62 25 sagda

369 445 75 23 system
460 443 119 26 (egentligen
594 443 43 19 icke
652 448 99 19 reserven,
763 445 47 17 utan
821 445 79 18 ensamt
912 443 75 20 dennas

368 471 122 25 utbildning)
513 471 62 24 enligt
595 471 151 24 statsförslagen
762 472 29 19 för
806 471 25 19 de
846 473 79 18 senaste
940 471 48 20 åren

368 500 67 19 kostar
457 500 83 19 Finland
563 499 39 20 den
623 499 6 19 i
652 499 123 20 förhållande
798 500 30 19 till
849 500 79 19 landets
948 501 40 18 till-

369 528 75 25 gångar
468 528 95 25 ofantliga
589 533 90 14 summan
704 528 20 19 af
748 530 47 17 nära
821 529 89 22 900,000
933 529 55 19 mark

369 563 31 13 om
416 557 48 19 äret.

437 591 116 19 Emellertid
568 590 128 19 säkerställer
711 590 44 19 icke
770 597 24 13 en
810 590 62 19 sädan
889 591 99 24 organisa-

370 619 41 20 tion
426 620 20 18 af
460 625 98 14 reserven,
579 619 81 18 hvilken
674 619 79 19 kräfver
769 621 53 17 stora
838 619 106 20 kostnader
959 620 30 19 för

370 653 103 14 reservens
497 647 119 25 utbildning,
638 647 26 19 de
686 647 63 19 finska
767 648 222 25 truppafdelningarnas

370 676 155 26 komplettering
540 676 61 24 enligt
617 678 89 17 staterna
720 676 30 19 för
765 676 84 25 krigstid
866 677 44 19 med
920 683 68 19 perso-

370 711 39 18 ner,
425 711 42 13 som
484 705 83 19 slutfört
582 704 32 19 sin
629 704 130 20 förberedelse
774 705 6 19 i
793 707 120 23 truppernas
924 705 64 25 leder;

370 734 33 18 vid
418 733 118 25 kungörelse
555 739 31 13 om
602 732 136 26 mobilisering
753 734 46 18 böra
814 733 25 19 de
854 734 64 18 finska
932 736 56 23 trup-

370 768 60 19 perna
452 762 103 19 fördubbla
578 761 31 19 sin
631 763 94 17 numerär
744 768 72 18 genom
831 764 30 17 att
876 762 113 25 uppbringa

370 790 115 20 densamma
504 790 52 19 ända
579 790 31 19 till
631 790 55 19 öfver
701 790 52 19 elfva
769 792 60 18 tusen
845 796 51 17 man,
912 790 78 20 hvadan

370 819 84 19 sälunda
476 819 29 19 för
528 818 179 25 kompletteringen
730 819 97 19 erfordras
851 819 54 19 öfver
928 819 60 23 5,000

371 854 44 12 man
438 847 114 19 underbefäl
572 847 36 19 och
624 847 104 25 manskap,
743 853 41 13 som
801 847 116 25 genomgätt
933 850 56 22 trup-

370 882 72 19 pernas
468 876 63 24 leder;
560 882 44 13 men
630 875 34 19 vid
687 875 39 19 den
750 876 89 24 tvååriga
861 876 128 22 tjenstetiden

370 905 68 19 kunna
454 904 74 20 sädana
543 905 64 18 finnas
623 904 31 19 till
670 906 30 17 ett
716 904 52 19 antal
784 904 43 19 icke
843 904 147 25 öfverstigande

371 933 163 24 2,000—3,500;
560 933 34 19 det
618 932 62 25 öfriga
705 933 118 25 manskapet
846 933 65 19 mäste
933 935 57 22 tagas

370 962 60 19 bland
446 962 50 24 dem,
512 968 43 12 som
571 960 107 26 undergätt
693 961 105 19 militärisk
813 962 131 19 förberedelse
956 968 34 13 en-

371 990 45 20 dast
438 990 64 20 under
522 990 24 19 de
567 990 26 19 90
609 990 60 24 dagar
684 990 159 24 öfningsmötena
859 990 63 19 räcka.
953 990 38 20 Det

370 1019 82 19 anförda
474 1018 101 26 exemplet
597 1018 52 19 visar
664 1018 104 24 äskädligt,
783 1020 30 17 att
828 1018 39 20 den
882 1018 62 26 ärliga
960 1021 30 17 ut-

371 1048 121 24 giftsposten
516 1047 26 25 pä
565 1047 89 24 900,000
678 1047 60 24 mark,
754 1047 80 19 hvilken
850 1047 65 19 hvilar
930 1050 60 22 tungt

371 1076 25 25 pä
412 1076 94 19 Finlands
522 1076 79 24 budget,
617 1075 43 19 icke
676 1075 100 25 uppfyller
791 1076 36 18 sitt
841 1076 96 19 ändamål.

440 1110 45 20 Men
506 1110 45 19 med
570 1110 114 19 införandet
698 1110 6 19 i
720 1110 81 19 Finland
817 1110 20 19 af
851 1110 140 25 grundprinci-

372 1146 60 19 perna
448 1140 5 18 i
469 1139 38 20 den
528 1139 100 19 allmänna
647 1139 181 24 värnepligtslagen
845 1139 111 25 upphäfves
972 1140 20 18 af

372 1168 30 25 sig
424 1168 43 25 sjelf
482 1167 129 20 omförmälda
626 1167 51 24 dyra
692 1167 133 25 organisation
841 1167 31 19 för
888 1173 102 14 reservens

372 1197 118 24 utbildning,
506 1197 83 19 emedan
611 1195 39 20 alla
673 1195 118 26 uppbädade
807 1196 79 19 komma
901 1198 29 17 att
946 1197 46 18 med

371 1225 20 19 fä
406 1225 104 25 undantag
525 1224 99 26 genomgä
638 1231 26 12 en
680 1225 54 19 4—5
751 1224 42 25 ärig
810 1224 132 25 tjenstgöring
959 1225 32 18 vid

372 1257 114 22 trupperna,
507 1254 60 25 jemte
586 1253 34 19 det
635 1253 57 19 deras
708 1253 145 25 öfningsmöten
870 1253 33 19 vid
918 1253 24 20 de
957 1253 34 19 ak-

372 1283 42 19 tiva
428 1283 151 22 afdelningarna
594 1282 80 19 komma
689 1284 29 17 att
734 1282 67 19 kräfva
815 1288 24 13 en
850 1282 75 24 ganska
935 1282 56 25 ringa

372 1311 66 25 utgift.

441 1345 9 20 I
465 1345 131 20 betraktande
619 1345 19 19 af
658 1345 50 19 hvad
725 1345 27 19 uti
768 1347 35 17 art.
820 1345 40 19 104
877 1345 36 19 och
930 1345 39 19 106
985 1345 6 18 i

371 1374 113 25 »förslaget>
500 1373 124 24 framhällits,
639 1373 83 20 föreslås
737 1375 28 18 att
781 1373 11 20 &
807 1379 104 14 reservens
926 1374 6 18 i
948 1373 43 19 Fin-

372 1403 47 19 land
435 1403 149 24 öfningsmöten
600 1402 100 25 tillämpas
717 1402 24 19 de
755 1402 100 19 allmänna
870 1402 121 25 hufvudreg-

372 1431 29 20 ler
416 1432 6 19 i
437 1433 73 19 ämnet,
526 1437 42 14 som
584 1433 34 16 äro
634 1430 96 25 stadgade
745 1431 5 18 i
767 1431 40 19 Mil.
823 1431 43 18 förf.
883 1430 54 19 saml.
