1111 1814
818 185 12 20 3

105 254 141 28 paragrafens
262 254 139 27 ordalydelse.
425 253 93 23 Senaten
531 254 39 21 och
581 253 215 22 Statssekretariatet
806 253 57 21 hem-

106 289 70 21 stälde
191 289 121 21 sedermera
328 294 33 16 om
377 288 98 22 tillstånd
491 290 33 20 att
539 288 22 21 få
576 288 69 22 ändra
659 288 169 27 formuleringen
844 286 24 22 af

106 324 67 26 sagda
194 322 108 28 paragraf,
325 329 48 15 men
395 322 74 22 härtill
488 322 135 22 meddelades
641 322 47 22 icke
703 322 81 28 Nådigt
798 321 65 23 bifall.

105 358 75 22 Under
204 358 79 21 sådant
304 357 135 21 förhållande
462 357 54 21 hade
539 357 132 27 landtdagen
694 356 170 28 uppenbarligen

107 392 56 22 varit
178 392 76 28 pligtig
269 393 33 21 att
316 392 107 21 bibehålla
440 392 10 26 $
465 393 37 20 127
519 392 129 27 fullkomligt
664 392 132 21 oförändrad
806 392 7 20 i
824 391 41 21 den

106 426 61 27 form,
187 433 45 15 som
251 426 215 28 Högstegenhändigt
486 426 70 28 gifvits
575 426 41 22 den
633 426 22 22 af
668 426 126 22 Monarken.
826 425 40 22 Om

107 462 131 28 landtdagen
257 462 65 21 likväl
342 462 23 21 af
377 462 69 27 några
462 462 102 21 särskildt
579 462 97 27 vägande
693 462 89 21 orsaker
796 460 70 22 skulle

109 497 77 27 funnit,
203 498 32 20 att
246 497 12 27 &
271 498 38 20 127
321 496 7 22 i
340 496 39 22 den
396 496 23 22 af
426 496 62 22 Hans
498 496 119 28 Kejserliga
627 496 104 28 Majestät
742 496 124 22 densamma

107 531 58 27 gifna
171 531 113 27 affattning
292 532 46 20 icke
344 532 83 20 kunnat
436 531 82 27 lämpas
527 531 54 21 efter
589 531 26 21 de
623 531 72 21 lokala
703 530 163 22 förhållandena

107 566 7 21 i
124 566 75 21 landet
214 566 50 21 eller
274 566 56 21 varit
341 565 103 28 oförenlig
455 566 48 21 med
513 566 90 27 lagarna
613 566 7 21 i
630 565 98 28 Finland,
740 565 55 22 hade
806 566 60 21 stän-

109 601 68 21 derna
186 601 8 21 i
202 601 67 21 sådan
280 601 102 21 händelse
393 601 50 20 bort
453 601 157 27 underdånigst
620 601 134 22 underställa
764 601 48 22 sina
820 601 40 21 skä

107 635 70 28 Nädig
199 636 100 27 pröfning
322 636 37 21 och
381 636 114 21 hemställa
518 643 34 15 om
571 636 92 27 ändring
679 636 23 21 af
716 636 40 21 den
771 636 93 27 tidigare

109 670 153 28 ordalydelsen.
300 670 141 27 Landtdagen
466 671 102 21 underlät
591 670 66 22 detta.
695 670 11 21 I
729 671 55 21 strid
807 671 60 20 emot

109 705 71 22 denna
205 705 107 27 naturliga
342 705 91 27 ordning
460 705 95 22 ändrade
577 705 118 22 ständerna
713 704 154 28 paragrafen
854 700 16 37 i

108 740 77 27 grund,
200 742 53 19 utan
276 741 71 26 någon
370 740 68 21 sådan
461 740 135 25 hemställan,
623 741 56 20 samt
698 740 111 27 ätergingo
833 739 33 21 till

108 775 132 21 innebörden
256 774 22 22 af
292 775 40 21 den
348 774 86 27 lydelse,
450 781 46 15 som
510 775 71 27 gifvits
595 774 130 27 paragrafen
736 774 23 21 af
767 775 97 25 senaten,

109 816 47 15 men
176 809 84 22 hvilken
275 809 47 22 icke
336 809 68 22 blifvit
419 809 102 27 godkänd
541 809 22 22 af
575 809 127 27 Monarken,
719 809 68 22 ehuru
803 815 62 15 sena-

109 845 36 20 ten
168 844 56 27 gjort
247 844 92 22 särskild
356 843 158 28 framställning
528 844 8 21 i
551 844 74 21 saken.
657 844 85 27 Enligt
761 844 40 21 den
824 843 44 21 Nä-

110 879 49 26 diga
175 878 140 28 affattningen
330 878 85 22 tillades
430 878 207 27 hufvudbetydelsen
652 878 216 22 Kommenderanden

109 914 121 27 trupperna
244 913 6 22 i
265 913 132 22 Finländska
420 913 198 26 militärdistriktet,
641 913 86 21 hvilken
750 912 118 27 tilläggsvis

110 948 122 27 (»jemväle)
254 948 67 21 borde
343 947 21 22 få
387 947 32 28 sig
441 948 122 27 uppdraget
585 947 80 22 befälet
684 947 59 22 öfver
759 948 25 21 de
799 947 71 22 finska

110 984 126 25 trupperna,
256 982 77 21 medan
350 981 138 22 öfverbefälet
504 983 65 26 enligt
585 982 41 21 den
643 982 22 21 af
678 982 131 27 landtdagen
826 981 42 22 för-

109 1017 99 27 vrängda
223 1017 93 27 lydelsen
332 1017 110 27 uppdrogs
459 1017 23 21 ät
500 1017 235 28 Generalguvernören,
752 1017 73 22 chefen
837 1016 34 21 för

111 1051 26 22 de
151 1051 69 22 finska
240 1053 126 26 trupperna,
385 1051 86 22 hvilken
487 1051 118 28 tilläggsvis
621 1051 122 28 (»jemväle)
759 1051 110 22 kommen-

111 1086 80 22 derade
208 1086 46 22 icke
273 1086 37 22 det
324 1086 133 22 Finländska
472 1086 191 22 militärdistriktet
678 1087 71 21 säsom
765 1086 51 28 rysk
832 1085 38 22 ad-

110 1121 130 21 ministrativ
263 1120 69 27 enhet,
355 1122 53 20 utan
433 1120 77 22 endast
534 1121 46 21 dei
596 1121 74 21 landet
692 1120 98 28 förlagda
805 1120 65 28 ryska

110 1157 114 26 trupper«.
262 1155 214 28 Generallöjtnanten
503 1156 96 27 Procop6
623 1156 40 21 har
687 1156 123 26 framhållit,
836 1156 34 20 att

111 1190 132 28 landtdagen
266 1190 114 22 motiverat
403 1190 32 21 sin
459 1190 96 28 ändring,
579 1197 48 15 men
647 1190 65 22 likväl
727 1190 55 22 hade
797 1190 72 21 landt-

111 1225 70 27 dagen
204 1225 31 21 till
258 1225 49 21 stöd
329 1224 33 22 för
385 1225 32 21 sin
440 1224 141 28 formulering
595 1225 47 21 icke
657 1225 73 21 anfört
745 1226 67 26 nägra
828 1230 43 22 nya

111 1260 52 20 eller
182 1260 96 26 vägande
298 1260 52 26 skäl,
367 1261 52 20 utan
436 1260 76 22 endast
528 1260 157 27 äterupprepat
701 1266 26 15 en
743 1260 22 21 af
779 1260 26 21 de
821 1265 50 21 syn-

110 1294 102 27 punkter,
236 1300 44 15 som
303 1294 66 21 redan
392 1294 70 21 blifvit
482 1294 22 22 af
518 1296 89 20 senaten
623 1294 128 21 framhäilna
766 1294 6 21 i
788 1300 83 16 samma

110 1328 69 27 fräga.
207 1328 124 22 Emellertid
351 1328 55 22 hade
422 1330 102 20 senatens
539 1328 159 28 framställning
713 1329 34 21 vid
763 1328 108 22 underdä-

110 1363 37 27 nig
163 1362 151 28 föredragning
330 1362 78 28 afböjts
425 1363 23 21 af
460 1363 61 22 Hans
532 1364 119 27 Kejserliga
661 1363 108 28 Majestät.
792 1362 80 22 Kunde

110 1397 133 27 landtdagen
266 1398 83 21 således
371 1398 84 27 hoppas
478 1400 34 20 att
534 1398 119 22 Monarken
675 1398 49 21 med
738 1398 84 26 hänsyn
838 1397 33 21 till

111 1437 83 15 samma
216 1432 92 27 tidigare
331 1432 90 21 anförda
444 1433 135 27 synpunkter
602 1432 69 22 skulle
689 1432 77 28 frängä
781 1432 39 22 sitt
836 1438 36 15 ur-

110 1466 134 27 sprungliga
258 1466 86 22 beslut?

180 1500 79 22 Härtill
281 1501 40 21 bör
337 1500 100 28 tilläggas
453 1502 34 20 att
502 1501 129 21 ständernas
647 1501 35 21 vid
697 1501 131 27 landtdagen
846 1500 24 21 är

113 1536 139 20 1877—1878
271 1535 72 27 motiv,
364 1535 70 21 sävidt
449 1536 70 21 kändt
536 1537 29 25 är,
583 1535 68 27 aldrig
666 1534 69 22 blifvit
750 1534 120 22 öfversatta
