1111 1756
828 125 25 20 23

128 194 50 27 tige,
193 194 72 21 hvilka
281 192 74 28 aflidit,
372 193 54 21 skall
437 193 7 20 i
455 193 102 26 utdraget
568 193 58 20 invid
636 192 74 27 hvarje
721 191 88 22 aflidens
820 199 64 15 namn

128 229 95 20 utsättas
239 229 30 25 är,
287 228 77 21 mänad
380 227 39 22 och
436 227 41 27 dag
492 226 34 22 för
542 227 119 21 dödsfallet.
685 227 118 27 Utdragen,
815 227 70 21 hvilka

129 263 22 21 af
172 263 47 21 dei
234 262 128 27 föregäende
385 261 77 22 artikel
486 261 140 22 omförmälda
640 267 104 21 personer
759 263 126 26 upprättats

129 297 102 22 särskildt
252 297 34 20 för
307 297 73 26 hvarje
403 296 133 27 församling,
559 296 62 21 skola
636 295 23 22 af
673 295 47 22 dem
735 296 102 22 insändas
853 296 32 21 till

129 331 218 22 distriktsnämderna
361 331 46 21 före
423 331 41 21 den
483 332 25 19 15
524 331 46 26 (27)
586 331 98 21 Januari.
708 329 113 29 Samtidigt
836 331 49 21 här-

128 366 49 22 med
192 366 60 22 skola
267 365 32 22 till
315 371 81 16 samma
412 365 89 21 nämder
518 365 22 20 af
553 364 214 22 häradsskrifvarena
783 365 102 22 insändas

128 401 160 26 förteckningar
304 399 58 22 öfver
377 400 42 21 alla
436 400 25 21 de
476 399 119 27 ynglingar,
611 399 72 21 hvilka
699 405 81 15 samma
792 400 23 20 är
826 400 59 21 skola

128 436 119 27 uppbädas.

198 482 47 16 Anm.
264 481 41 17 Kan
318 481 5 16 i
336 480 47 18 brist
396 480 23 23 pä
432 480 95 23 laggiltigt
539 480 51 22 intyg
603 480 62 17 åldern
675 480 29 17 för
712 485 71 16 person,
792 485 37 12 som
839 480 47 17 skall

133 510 5 17 i
151 509 162 23 uppbädslängden
327 509 74 21 införas,
414 509 40 17 icke
468 509 109 20 fastställas,
590 508 46 17 skall
650 508 40 21 den,
703 513 37 12 som
749 513 42 18 eger
800 510 87 21 upprätta

131 538 84 23 utdraget
234 543 21 12 ur
273 538 157 22 kyrkoböckerna,
443 538 101 17 bestämma
557 543 99 16 personens
668 537 52 18 älder
732 537 47 18 efter
791 537 95 18 utseendet

131 569 47 16 samt
190 567 62 18 härom
265 569 45 20 göra
322 567 111 22 anteckning
446 567 5 16 i
465 566 55 23 sagde
533 566 73 22 utdrag.

199 617 49 17 Art.
265 615 40 18 74.
329 613 10 21 I
352 613 220 27 uppbädslängderna
587 613 54 21 skall
658 613 73 21 åldern
747 613 95 27 angifvas
858 613 28 27 pä

129 649 70 26 grund
215 648 22 21 af
250 648 106 27 utdragen
372 654 26 15 ur
414 647 183 28 kyrkoböckerna.
621 647 34 22 Då
664 647 96 28 laggiltig
770 648 116 27 utredning

131 689 33 14 om
181 682 71 21 åldern
269 683 78 20 saknas
364 683 65 26 (anm.
446 682 33 21 till
495 683 40 20 art.
554 683 42 25 73),
613 681 54 22 skall
684 682 69 21 denna
769 682 86 27 afgöras
865 681 23 22 af

128 717 203 26 Distriktsnämden,
349 717 66 26 enligt
431 718 40 19 art.
489 717 27 20 98
532 716 38 21 och
587 718 26 19 99
624 717 7 20 i
642 717 71 20 denna
725 717 40 26 lag,
777 717 29 26 pä
816 717 70 26 grund

131 751 23 22 af
168 751 39 22 den
224 751 140 27 uppbädades
379 752 59 26 yttre
453 751 111 21 utseende.

201 792 47 16 Anm.
273 791 89 17 Personer
374 790 20 18 af
406 790 43 23 rysk
462 790 96 18 härkomst
570 791 56 22 (anm,
639 790 28 18 till
680 792 34 16 art.
729 791 22 23 1),
763 790 64 18 hvilka
835 791 52 17 skola

131 820 71 18 erhälla
214 820 49 18 bevis
276 819 51 18 öfver
339 821 28 16 att
380 819 21 17 de
410 820 105 17 inskrifvits
525 820 5 16 i
539 819 158 23 uppbädsomräde
705 819 54 23 (anm.
768 820 30 16 till
807 821 33 16 art.
849 819 38 23 67),

129 854 41 12 men
189 848 30 18 vid
232 848 87 18 anhällan
331 853 28 12 om
372 848 66 17 sädant
450 848 50 17 bevis
513 848 41 17 icke
565 848 59 18 förete
636 848 101 22 prestbevis
749 848 45 18 eller
807 848 80 18 deremot

130 877 89 17 svarande
235 876 98 23 utredning
345 878 47 16 samt
404 876 64 18 därvid
481 877 88 22 uppgifva
581 879 29 15 att
622 877 53 17 deras
688 877 52 17 ålder
752 877 40 17 icke
805 877 82 17 öfversti-

130 911 32 17 ger
181 906 60 17 nitton
260 906 26 21 är,
302 911 33 17 ega
347 906 117 18 utbekomma
477 906 57 22 sagda
546 906 50 18 bevis
608 906 40 18 med
661 906 106 18 utsättande
779 906 20 18 af
811 906 76 18 sälunda

131 934 98 23 uppgifven
248 934 55 18 älder.
329 934 62 18 Skulle
410 934 65 18 äldern
492 935 65 17 härvid
576 935 84 22 angifvas
672 940 44 12 vara
728 934 49 18 öfver
789 935 60 17 nitton
861 935 26 21 är,

130 963 85 18 utfärdas
228 965 101 20 temporärt
342 963 48 17 bevis
403 963 51 17 öfver
466 963 141 23 inskrifningen,
619 965 45 15 utan
676 963 106 17 utsättande
791 963 21 17 af
819 963 68 21 äldern,

129 992 75 17 hvilken
217 992 112 17 sistnämnde
343 992 101 18 sedermera
457 992 101 18 antecknas
571 992 27 17 uti
611 992 69 18 beviset
692 992 20 18 af
719 991 168 19 Distriktsnämden

128 1021 42 17 med
183 1021 74 22 ledning
269 1021 21 17 af
303 1023 49 21 yttre
365 1021 96 18 utseendet
474 1021 42 23 (art.
530 1022 22 16 98
565 1021 33 17 och
611 1021 35 23 99).

199 1070 49 18 Art.
273 1070 40 18 75.
347 1068 32 21 De
401 1068 155 26 myndigheter,
580 1068 70 20 hvilka
674 1067 64 21 hafva
759 1068 32 26 sig
815 1067 72 27 ålagdt

129 1102 158 26 upprättandet
305 1102 23 21 af
341 1102 221 27 uppbådslängderna
578 1104 50 24 (art.
646 1102 42 26 68),
705 1102 60 21 skola
779 1102 48 21 föra
842 1104 45 19 sär-

129 1136 71 22 skilda
214 1136 162 27 förteckningar
392 1136 58 22 öfver
467 1136 26 22 de
508 1142 109 22 personer,
633 1136 83 22 hvilkas
732 1136 59 22 ålder
807 1136 39 22 bör
857 1136 30 21 af-

129 1172 64 26 göras
212 1171 48 21 med
281 1171 86 27 ledning
386 1170 23 22 af
422 1172 59 26 yttre
496 1171 114 21 utseendet
626 1172 50 25 (art.
694 1172 26 20 74
733 1171 66 27 jemte
815 1171 72 26 anm.).

200 1220 49 18 Art.
271 1220 40 18 76.
342 1218 32 20 De
389 1224 111 20 personer,
517 1217 82 21 hvilkas
615 1218 59 20 ålder
690 1218 54 20 skall
758 1217 130 21 bestämmas

129 1252 48 21 med
201 1252 86 27 ledning
303 1252 23 21 af
339 1254 57 25 yttre
411 1252 121 26 utseendet,
548 1252 61 21 skola
625 1252 6 21 i
648 1252 78 21 sådant
742 1252 99 21 afseende
856 1251 32 21 in-

129 1286 59 22 finna
203 1287 32 27 sig
249 1286 29 27 på
295 1286 186 28 uppbådsplatsen
493 1287 7 20 i
512 1286 61 22 deras
585 1287 93 26 område,
690 1287 28 21 då
728 1288 63 20 nästa
799 1286 89 27 uppbåd

130 1320 23 22 af
166 1321 104 27 manskap
287 1320 32 22 till
335 1321 145 27 tjenstgöring
495 1320 111 28 försiggår.

200 1369 49 18 Art.
273 1368 39 18 77.
343 1366 165 27 Upprättandet
531 1366 22 21 af
575 1366 25 21 de
615 1366 149 27 specificerade
779 1366 109 26 uppbåds-

129 1401 118 27 längderna
266 1402 50 26 (art.
333 1402 36 26 68)
385 1401 40 21 bör
440 1407 53 15 vara
508 1400 103 22 slutfördt
625 1400 33 21 till
674 1401 41 21 den
733 1402 8 20 1
759 1400 46 28 (13)
820 1400 67 26 April.

128 1435 101 22 Därefter
245 1436 60 21 skola
316 1435 119 27 längderna
446 1435 70 21 under
526 1436 37 20 två
573 1435 88 21 veckors
672 1435 31 21 tid
714 1435 67 22 hållas
792 1435 97 21 utstälda
