1111 1767
834 162 30 22 19

142 231 118 22 allmänna
277 230 180 28 förteckningen
477 230 64 22 öfver
558 230 197 29 landttrupperna
767 230 44 22 och
823 230 8 22 i
844 238 57 14 sam-

141 266 109 28 lingarna
270 264 23 22 af
311 267 71 19 stater
401 264 44 22 och
463 264 104 22 tabeller.

211 346 46 20 Art.
288 346 37 20 27.
362 344 47 21 Vid
436 344 29 21 de
483 344 75 21 finska
577 346 128 26 trupperna
723 344 74 21 finnas
815 344 83 22 under-

142 380 116 27 visnings-
281 378 43 22 och
346 378 299 29 jägarekommenderingar
670 380 59 19 samt
746 378 101 28 lasarett,
867 378 32 22 äf-

142 421 95 15 vensom
261 412 199 28 officersklubbar,
483 412 91 22 hvilkas
594 412 109 22 ändamål
722 412 42 22 och
782 412 118 29 organisa-

142 449 50 21 tion
216 448 140 21 bestämmas
380 455 84 20 genom
488 447 36 21 för
547 447 66 21 dessa
631 447 158 28 inrättningar
807 455 92 20 gemen-

145 490 93 19 samma,
256 482 8 21 i
277 481 376 28 Militärförfattningssamlingen
666 481 139 22 föreskrifna
817 481 81 29 regler.

211 544 202 29 Anmärkning.
451 545 34 20 De
521 544 75 21 finska
631 546 139 27 truppernas
800 544 100 22 officers-

143 579 99 22 klubbar
265 579 81 21 kunna
368 579 92 21 förenas
481 578 53 21 med
553 579 192 21 officersklubbar
762 578 40 22 vid
821 578 79 28 andra,

143 614 153 21 tillsammans
323 613 52 21 med
403 613 28 21 de
458 613 76 21 finska
561 613 107 28 förlagda
687 613 158 28 armétrupper
862 613 38 21 till

145 655 173 22 gemensamma
337 647 117 22 allmänna
473 647 106 22 klubbar.

356 726 90 19 Artikeln
469 726 26 19 25
518 726 6 19 i
547 725 94 25 förslaget
665 726 89 24 angifver
769 726 38 19 den
823 726 78 25 vanliga

282 755 129 24 indelningen
426 755 20 18 af
460 755 25 18 de
499 755 63 18 finska
577 756 116 23 trupperna.
720 754 76 20 Genom
812 755 26 19 26
853 755 49 18 arti-

283 783 47 19 keln
352 783 72 19 införas
448 783 24 19 de
487 783 64 19 finska
566 783 211 24 truppafdelningarna
792 783 37 19 och
844 783 57 20 deras

283 812 152 19 förnödenheter
459 812 6 19 i
491 811 39 20 den
554 811 98 19 allmänna
675 811 149 26 förteckningen
846 812 55 19 öfver

282 840 167 25 landttrupperna
472 841 37 18 och
533 840 6 19 i
564 840 24 19 de
613 840 29 19 för
664 841 69 18 armén
755 846 146 19 gemensamma

283 869 132 24 samlingarna
431 869 19 18 af
465 871 61 17 stater
541 869 38 18 och
594 869 88 18 tabeller.
702 868 38 19 Till
755 870 35 17 art.
802 869 32 24 27,
845 869 55 19 hvari

282 898 114 25 uppräknas
412 897 246 24 auxiliärinrättningarna
674 897 34 19 vid
722 897 25 19 de
756 897 64 20 finska
830 899 70 23 trupp-

282 926 155 25 afdelningarna,
460 926 36 19 har
518 925 43 20 åter
576 925 76 25 tillagts
668 932 26 13 en
709 925 84 20 särskild
808 926 92 19 anmärk-

282 955 48 24 ning
352 955 103 24 angående
478 954 106 19 förenande
607 955 19 18 af
649 954 168 24 officersklubbar,
835 954 65 19 tillhö-

282 984 62 19 rande
366 984 64 18 finska
453 983 38 20 och
513 983 61 19 andra
594 983 133 19 tillsammans
743 983 45 19 med
803 983 45 19 dem
862 983 38 19 för-

282 1013 59 24 lagda
356 1014 87 23 trupper.
474 1012 31 19 En
520 1011 55 25 dylik
591 1011 96 25 förening,
703 1017 43 14 som
762 1011 100 20 befordrar
871 1013 30 18 ett

283 1041 108 19 närmande
415 1041 126 18 officerarene
556 1040 92 24 emellan,
663 1040 36 19 har
714 1040 60 19 redan
789 1039 55 26 längt
859 1040 41 19 före

282 1070 55 19 detta
352 1069 19 19 af
386 1069 166 24 Krigsministern
567 1069 182 19 rekommenderats
762 1068 21 19 ät
793 1069 33 18 det
836 1068 65 19 lokala

283 1098 152 23 militärbefälet,
452 1103 45 14 men
512 1097 72 19 hittills
599 1097 44 19 icke
658 1097 146 25 förverkligats.

333 1244 23 26 2)
375 1243 35 21 De
429 1242 96 21 stående
543 1242 179 28 fälttrupperna.

215 1326 46 20 Art.
291 1325 37 21 28.
365 1323 35 21 De
421 1323 77 21 finska
516 1325 128 26 trupperna
662 1321 76 29 hafva,
758 1322 73 21 såsom
850 1321 52 22 fält-

146 1362 102 27 trupper,
276 1359 37 21 till
330 1358 162 22 bestämmelse
511 1359 35 19 att
563 1357 8 21 i
590 1357 54 28 krig
662 1364 96 21 operera
776 1357 29 27 på
823 1356 80 29 hvarje

146 1393 200 30 krigsskådeplats
373 1393 44 21 och
444 1392 80 21 kunna
551 1392 55 28 ingå
624 1391 36 21 uti
679 1391 69 22 äfven
766 1392 63 20 utom
847 1390 55 22 Fin-

146 1429 56 22 land
228 1427 106 29 förlagda
362 1427 127 22 divisioner
517 1426 43 22 och
586 1426 74 21 kårer.
698 1426 34 20 De
758 1427 95 27 utgöras
880 1425 23 21 af

147 1462 281 30 skarpskyttebataljoner
447 1460 43 22 och
509 1460 240 28 dragonregementet.
