1111 1764
832 135 24 20 15

129 203 101 21 anvisade
246 203 68 21 medel
329 204 7 20 i
352 203 94 27 betydlig
462 204 48 20 mån
528 202 60 22 äfven
604 202 34 22 för
653 202 139 22 bestridande
808 203 22 21 af
838 204 48 20 rent

128 238 150 21 kommersiela
299 237 70 27 behof,
392 237 34 22 för
441 237 71 22 hvilka
527 238 7 20 i
550 237 175 27 Kejsaredömets
740 237 146 27 utgiftsstater

129 272 68 27 några
212 272 76 27 anslag
303 272 47 21 icke
359 271 71 22 finnas
440 274 117 25 upptagna.
578 272 75 21 Under
664 272 79 21 sådant
753 271 133 22 förhållande

129 306 40 21 och
184 306 28 21 då
230 306 118 22 lotsverket
363 306 7 21 i
385 306 91 22 Finland
495 306 154 27 kompletteras
665 306 28 27 på
708 306 70 27 grund
794 306 23 21 af
830 305 56 27 lego-

130 340 52 22 aftal
197 342 56 20 samt
268 340 7 22 i
292 340 117 22 allmänhet
431 341 80 21 saknar
534 340 113 22 militärisk
671 340 153 27 organisation,
848 340 38 20 har

130 374 99 22 Komitén
254 376 72 20 ansett
348 375 89 21 rättvist
462 374 93 22 vidhålla
578 374 36 22 det
636 374 122 27 föreslagna
781 380 105 16 samman-

130 408 100 23 förandet
245 409 23 21 af
282 409 119 27 utgifterna
416 410 33 20 för
464 409 80 21 afdelta
555 409 273 27 Gränsbevakningskåren
840 408 46 22 med

131 444 147 21 kostnaderna
292 444 34 20 för
341 443 174 27 Kejsaredömets
530 443 90 22 försvar.

202 478 32 21 De
249 477 69 22 finske
334 480 215 24 representanternes
572 478 73 21 vidare
661 478 101 26 yttrande
777 476 111 28 angående

132 512 186 27 nödvändigheten
336 513 34 20 att
385 512 37 21 det
437 512 138 27 kalkylerade
589 512 103 27 beloppet
707 512 23 21 af
743 518 41 21 nya
795 512 93 21 militära

133 546 89 27 utgifter
237 546 111 22 nedsättes
364 546 39 21 har
418 546 100 22 Komitén
534 546 46 22 icke
595 546 67 22 heller
672 546 84 22 kunnat
766 546 121 27 godkänna.

132 580 132 22 Påståendet
287 582 33 20 att
342 581 162 27 befolkningens
527 581 6 21 i
555 581 92 22 Finland
670 580 218 28 betalningsförmåga

132 621 51 15 vore
205 615 82 21 mindre
303 617 26 20 än
345 616 161 27 befolkningens
522 616 7 21 i
544 616 163 27 Kejsaredömet
723 618 23 19 är
760 615 129 27 fullkomligt

133 650 117 27 obevisadt,
274 650 117 28 hvarjemte
406 650 7 21 i
429 650 163 28 Kejsaredömet
613 650 68 28 gifvas
704 650 121 28 betydande
845 656 44 15 om-

133 685 73 26 råden,
222 684 82 22 hvilkas
321 685 75 21 klimat
411 685 39 21 och
470 685 99 27 jordmån
589 685 118 27 ingalunda
723 687 35 19 äro
774 685 72 27 bättre
862 686 26 20 än

133 718 99 22 klimatet
256 719 38 21 och
315 719 127 27 jordmånen
458 719 6 21 i
480 719 97 26 Finland,
594 726 47 14 men
657 719 73 21 hvilka
745 718 71 22 dertill
832 720 57 19 ännu

134 755 38 19 äro
194 753 7 21 i
224 753 105 22 afsaknad
354 754 23 20 af
399 754 250 27 sjökommunikationer.
687 753 101 21 Finlands
813 753 76 21 liksom

134 787 72 28 hvarje
223 789 67 20 annat
304 788 62 22 lands
381 788 100 22 välstånd
504 790 68 20 mätes
588 788 46 21 icke
650 788 77 21 enbart
742 794 76 21 genom
830 787 60 27 jord-

134 822 90 22 brukets
247 824 53 20 utan
325 822 60 22 äfven
409 829 76 21 genom
508 823 41 21 den
572 823 126 21 förädlande
713 822 120 22 industrins
848 822 42 21 till-

135 857 70 21 stånd.
236 857 111 21 Jordbruk
369 857 39 21 och
431 857 198 27 landthushållning
651 857 61 21 idkas
729 856 22 22 af
766 858 6 20 i
789 857 37 21 det
841 858 49 19 när-

135 893 68 19 maste
219 892 27 26 3/,
266 891 22 21 af
309 891 157 27 befolkningen,
492 898 59 14 »men
575 891 40 21 den
638 891 112 21 inhemska
771 890 119 28 spanmåls-

135 925 158 27 produktionen
310 926 6 20 i
332 925 91 21 Finland
438 925 61 27 fyller
514 926 46 21 icke
575 925 106 27 behofvet,
697 924 98 23 hvarföre
808 925 82 21 bristen

135 960 68 21 måste
218 960 61 27 fyllas
298 966 76 21 genom
393 960 133 27 importerad
542 960 59 21 säd«.
631 960 106 21 Införseln
753 960 32 21 till
800 959 91 22 Finland

136 994 23 21 af
172 994 97 27 spanmål
285 994 49 27 (och
350 994 58 28 mjöl)
420 996 65 26 utgör
495 996 78 20 nästan
585 996 26 20 25
619 995 28 27 %/,
658 994 23 22 af
689 994 50 22 hela
748 995 116 26 importen,
875 994 16 26 !)

136 1029 151 21 motsvarande
303 1030 84 20 35—40
403 1029 97 27 miljoner
519 1030 61 20 mark
588 1030 25 26 ?).
643 1028 97 22 Sålunda
755 1031 24 19 är
794 1029 37 21 det
846 1029 46 21 icke

134 1063 135 27 jordbruket,
281 1070 45 15 som
342 1065 65 26 utgör
415 1064 43 24 den
469 1064 119 22 förnämsta
599 1064 72 21 källan
683 1064 33 21 för
726 1064 108 21 finnarnes
849 1063 43 21 väl-

137 1097 69 27 stånd,
219 1104 48 15 men
284 1098 96 21 deremot
395 1098 64 21 hafva
474 1098 101 22 Finlands
591 1098 103 21 invånare
709 1100 33 19 att
752 1098 61 27 tillgå
824 1098 68 21 andra

137 1132 132 27 synnerligen
286 1132 57 27 goda
359 1132 38 22 och
413 1133 65 21 säkra
493 1133 170 21 inkomstkällor.
694 1132 125 22 Tabellerna
835 1132 58 21 öfver

137 1168 102 25 exporten
263 1167 71 21 utvisa
359 1168 32 20 att
413 1166 99 22 finnarne
534 1169 53 25 göra
609 1167 32 27 sig
665 1173 25 15 en
706 1167 42 27 god
762 1167 94 21 inkomst
872 1166 23 21 af

136 1200 203 28 boskapsskötselns
362 1201 120 27 produkter
505 1202 66 26 (18,73
579 1202 44 26 %/),
647 1201 184 27 skogsprodukter
854 1200 39 22 och

137 1234 124 23 träarbeten
285 1236 66 27 (46,39
360 1236 43 26 9/,),
427 1241 173 22 pappersmassa,
616 1241 84 21 papper
715 1236 66 27 (18,78
790 1235 44 27 9/9),
850 1241 43 14 me-

137 1269 203 27 talltillverkningar
355 1270 22 27 (3
385 1270 38 27 %)
443 1276 26 15 m.
486 1270 27 26 fl.,
529 1269 33 22 för
577 1269 82 22 hvilkas
675 1269 157 27 framställning
848 1269 45 21 lan-

138 1304 47 21 dets
197 1304 100 27 jordmän
314 1304 39 21 och
368 1304 76 21 klimat
458 1304 46 21 visa
520 1305 32 26 sig
567 1310 42 21 nog
624 1310 131 21 gynsamma.
783 1303 111 28 Följaktli-

206 1389 15 23 1)
240 1389 130 18 Landtbruket
385 1389 6 17 i
407 1389 86 18 Finland.
517 1389 42 22 Utg.
578 1389 21 18 af
615 1389 210 22 Landtbruksstyrelsen
845 1389 49 17 1896.

206 1418 15 23 2)
240 1417 79 18 Finland
336 1417 6 18 i
358 1417 197 18 handels-industrielt
572 1417 111 18 hänseende.
707 1417 42 22 Utg.
768 1417 20 17 af
804 1416 90 18 Handels-

138 1447 33 17 och
183 1446 271 23 Manufakturdepartementet
468 1447 49 17 1895.
