1111 1800
803 160 31 21 57

115 230 53 21 värt
186 230 54 21 land
260 230 43 21 och
321 230 57 28 vilja
396 231 84 20 stanna
498 229 91 22 hemma
607 229 43 22 och
668 229 51 21 icke
733 228 75 22 lemna
822 228 48 22 det-

116 272 92 13 samma.

184 299 28 28 af
235 299 103 21 Forselles
362 298 84 26 (Emil).
483 298 187 22 Förhällandena
691 298 70 21 hafva
779 298 90 26 vexlat;

115 333 81 22 landet
214 332 42 22 har
275 335 45 19 sett
338 332 59 22 både
416 333 78 21 mulna
513 332 43 22 och
575 333 58 28 ljusa
653 332 72 28 dagar
742 332 128 21 ...Tack-

116 370 60 19 samt
202 367 114 21 erkännas
335 367 48 27 bör,
403 369 35 19 att
456 367 73 21 under
546 367 81 29 hvarje
646 366 145 22 förhällande
809 366 62 22 frän-

116 409 73 14 varon
217 402 23 21 af
258 410 28 13 en
306 404 120 25 strängare
445 401 59 22 finsk
523 401 247 28 militärorganisation
789 401 83 21 verkat

116 436 142 29 välgörande
285 436 51 22 icke
360 436 99 22 allenast
477 437 29 28 pä
524 436 92 21 landets
635 436 149 21 ekonomiska
803 436 68 21 fram-

117 471 157 28 ätskridande,
302 473 58 20 utan
390 471 70 21 äfven
488 472 29 27 pä
538 472 53 20 värt
610 471 77 28 öfriga
704 471 167 26 kulturarbete,

115 505 91 22 hvilket
233 506 24 28 ju
284 506 101 28 framgär
409 505 63 22 hand
495 506 7 21 i
521 505 62 22 hand
601 505 53 22 med
673 505 28 21 de
720 505 151 22 ekonomiska

116 540 136 22 intressena.

184 575 47 22 För
256 574 76 22 finska
360 574 73 22 folket
455 578 25 17 är
498 573 40 22 det
556 573 147 29 nödvändigt
722 575 34 20 ait
774 581 44 21 ega
838 575 34 20 ett

118 610 88 28 »Starkt
225 609 72 22 finskt
314 608 216 23 nationalförsvar*.

187 644 112 21 Snellman
316 645 21 20 J.
361 644 29 20 W.
413 644 122 21 Utskottet
553 643 96 22 föreslår
668 645 35 19 att
721 644 73 27 några
806 649 67 22 para-

116 678 76 28 grafer
211 678 75 22 skulle
305 678 36 22 för
358 678 118 28 grundlag
494 685 71 15 anses.
602 678 47 28 Jag
668 677 118 22 bekänner
802 678 70 27 öppet

117 715 34 19 att
169 713 39 28 jag
226 713 51 21 icke
295 713 47 22 kan
360 713 55 27 inse,
435 720 36 14 om
490 712 65 22 detta
570 714 47 20 sätt
630 714 34 20 att
676 712 66 22 stifta
754 711 116 29 grundlag

119 751 24 17 är
171 747 39 21 det
231 749 69 19 rätta.
336 747 28 29 Ej
383 746 73 22 heller
475 754 36 14 ser
529 748 39 28 jag
587 746 50 22 deri
655 748 78 27 någon
751 748 69 26 nytta
838 746 36 20 för

117 782 79 21 landet
221 781 42 22 och
287 781 137 22 Ständerna.
460 781 46 21 Det
524 785 25 17 är
567 782 52 20 icke
639 781 85 22 fördolt
741 781 35 21 för
795 781 78 27 någon

117 818 34 19 att
178 816 310 29 värnepligtsinstitutionen
514 816 51 21 icke
593 816 47 21 kan
667 816 72 27 bestå,
759 817 57 19 utan
838 816 35 20 att

117 850 39 22 vid
174 850 80 29 hvarje
273 850 114 29 landtdag
405 850 81 28 anslag
499 850 78 22 dertill
589 850 96 28 begäres
700 850 23 22 af
733 850 137 21 Ständerna.

117 884 117 22 Behofvet
252 886 23 20 af
294 885 81 28 anslag
394 885 60 21 skall
472 889 59 17 växa
551 902 3 3 .
575 902 3 4 .
600 902 3 3 .
623 885 36 21 Då
671 885 33 21 uti
719 884 154 28 värnepligts-

116 920 69 28 lagen
212 921 35 19 ett
274 920 64 21 antal
357 919 133 29 paragrafer
508 920 75 21 skulle
601 919 64 29 gälla
683 927 48 13 som
749 918 123 29 grundlag,

118 958 38 17 äro
183 954 131 22 Ständerna
331 954 41 21 vid
391 954 51 21 dem
462 954 118 28 orubbligt
598 954 102 22 bundna.
736 953 45 21 Det
800 957 25 17 är
844 953 29 27 pä

116 989 66 21 Hans
208 989 122 28 Majestäts
357 988 103 22 initiativ
488 996 48 14 som
563 988 84 28 frågan
673 988 31 22 dä
731 988 67 22 beror
820 1003 52 6 ...

117 1023 123 21 Dessutom
267 1023 80 21 kunna
375 1022 131 22 Ständerna
531 1023 98 28 vidtaga
647 1022 99 29 ändring
765 1022 23 22 af
806 1022 67 20 dessa

117 1057 134 29 paragrafer
270 1057 82 22 endast
370 1057 52 22 med
440 1058 42 21 alla
500 1058 103 21 ständens
622 1058 67 28 bifall.

186 1093 75 20 Antell.
299 1092 46 21 För
373 1094 34 20 att
434 1092 80 22 kunna
538 1092 71 22 häfda
636 1092 35 21 sin
695 1091 111 28 ställning
825 1097 48 14 som

116 1128 53 26 stat,
189 1130 25 18 är
232 1126 102 22 Finland
353 1126 191 29 ovedersägligen
562 1127 8 21 i
588 1126 71 22 behof
677 1126 23 22 af
718 1133 28 14 en
762 1126 112 21 försvars-

117 1161 166 28 organisation.
302 1178 2 3 .
327 1178 3 3 .
353 1178 1 3 .
373 1161 47 28 Jag
433 1161 103 21 kommer
549 1161 51 21 icke
614 1163 35 19 att
661 1160 153 28 undandraga
826 1159 48 27 mig

117 1197 34 19 att
179 1199 105 18 närmare
314 1196 103 21 försvara
444 1195 145 29 påståendet,
609 1198 34 19 att
667 1198 35 19 ett
725 1194 149 29 milissystem

116 1229 54 22 fullt
188 1232 130 20 motsvarar
328 1230 39 21 det
380 1230 114 27 ändamäl,
507 1230 96 22 hvartill
616 1230 132 29 värnepligt
760 1229 45 21 kan
817 1228 57 21 eller

115 1264 42 21 bör
175 1264 86 22 införas
280 1265 8 21 i
307 1265 107 21 Finland.
446 1265 72 21 Gäller
530 1266 33 20 det
574 1267 32 19 att
617 1265 47 28 föra
679 1267 23 19 ut
713 1265 52 21 våra
778 1266 96 25 trupper,

116 1298 29 22 dä
165 1303 25 17 är
207 1299 127 21 utskottets
352 1299 88 28 förslag
458 1299 84 22 bättre.

187 1334 73 21 Taube.
298 1333 118 22 Militären
442 1337 25 18 är
485 1333 136 29 nödvändig
638 1333 36 22 för
692 1331 183 31 uppehällandet

115 1368 23 21 af
156 1368 86 21 foskets
261 1368 213 29 sjelfmedvetande.

192 1404 24 20 L.
245 1403 111 21 Mechelin.
392 1402 47 22 Det
464 1402 61 22 hade
548 1403 63 21 varit
635 1402 22 22 af
675 1402 115 28 väsentlig
808 1401 67 28 bety-

115 1436 62 22 delse
202 1437 35 21 för
262 1437 86 27 landet,
368 1444 36 15 om
423 1437 67 22 Hans
508 1437 122 29 Majestäts
648 1436 75 22 finska
742 1436 133 28 rädgifvare

114 1472 25 20 sä
167 1471 81 21 beredt
276 1471 64 22 detta
367 1472 91 28 vigtiga
487 1471 90 27 ärende,
597 1473 35 20 att
659 1470 71 22 redan
756 1471 8 21 i
787 1470 89 28 nädiga
