1109 1842
249 161 31 21 14

211 230 170 28 beställningar
399 230 8 21 i
425 230 179 29 Kejsaredömet
617 234 25 17 är
655 228 130 30 stadgadt".
813 227 79 27 (Storf.
907 228 59 21 Finl.

211 264 52 22 förf.
283 264 63 22 saml.
365 267 48 19 tom
430 264 43 28 XI,
492 272 53 21 pag.
565 264 64 27 362).

281 299 24 25 4)
323 298 98 22 Jemlikt
438 299 89 29 nädiga
545 298 155 30 kungörelsen
718 298 45 21 den
782 298 29 20 21
828 296 59 22 Juni
902 296 62 22 1841

212 333 23 27 (8
260 333 23 28 1)
301 333 57 22 böra
377 334 198 21 examinatorerne
593 333 37 22 för
648 333 70 28 ryska
737 330 231 31 spräkundervisnin-

211 374 45 22 gen
275 368 7 20 i
301 367 125 22 hvartdera
444 368 76 21 stiftet
541 368 4 21 i
563 367 103 22 Finland
678 375 56 14 vara
746 366 69 30 ryske
827 365 140 29 infödingar.

282 402 25 28 5)
321 402 134 22 Detsamma
467 402 74 22 finnes
553 402 131 30 upprepadt
695 402 8 21 i
717 401 86 28 nädiga
812 400 156 28 kungörelsen

212 436 44 21 den
275 436 16 21 4
309 436 62 22 Mars
392 437 71 21 1846.

282 471 23 26 6)
323 471 12 21 I
353 471 125 29 reskriptet
497 471 23 21 af
538 471 45 21 den
604 472 10 20 1
636 471 62 21 Mars
720 470 63 21 1852
803 469 49 21 läsa
870 468 34 22 vi:
925 468 44 28 pAf

211 505 156 21 förekommen
396 505 127 29 anledning
547 505 69 22 hafve
635 505 39 22 Wi
692 505 8 21 i
719 504 78 22 Näder
815 503 79 21 funnit
912 502 57 29 godt

211 539 110 22 förordna
339 540 144 22 beträffande
495 540 68 28 ryske
577 539 145 29 infödingars
736 537 146 23 anställande
895 538 73 20 säsom

212 574 69 21 civile
308 575 140 28 tjenstemän
475 575 8 21 i
510 574 107 28 Finland,
641 577 34 19 att
702 574 37 21 till
761 572 61 22 finsk
841 572 128 28 civiltjenst

212 608 137 22 hädanefter
375 609 60 21 skall
463 609 88 21 lemmas
572 609 104 21 tillträde
699 608 82 22 endast
799 608 25 20 ät
842 606 86 22 sädane
946 606 23 22 af

212 642 70 22 Wäre
300 643 7 21 i
323 643 28 21 de
367 643 70 28 ryska
453 646 220 26 guvernementerne
685 642 114 22 inskrifne
811 641 157 26 undersätare,

211 677 82 22 hvilka
322 685 43 21 ega
389 680 47 19 rätt
460 680 35 20 att
516 678 92 22 inträda
629 678 8 21 i
656 678 129 28 civiltjenst
803 676 31 28 pä
851 675 77 29 grund
946 675 23 21 af

212 712 29 21 de
259 712 8 21 i
285 712 57 21 slikt
361 712 106 22 afseende
485 713 62 21 inom
565 712 177 30 Kejsaredömet
759 709 110 31 gällande
881 708 85 30 lagar".

212 746 119 29 Tilläggas
350 748 37 20 mä
405 749 36 19 att
459 747 64 21 detta
541 747 100 29 reskript
658 746 85 22 hittills
762 745 51 22 icke
832 744 81 22 blifvit
930 751 38 21 ge-

212 788 55 14 nom
285 782 77 27 nägon
381 789 80 14 senare
480 781 137 29 förordning
635 780 123 30 upphäfdt.

283 816 23 26 7)
333 816 12 20 I
372 816 36 21 III
435 816 85 21 Tomen
547 816 23 21 af
591 816 183 28 Lagsamlingen
795 812 116 28 (Stadgan
933 819 37 15 om

213 850 162 28 statstjensten
393 850 75 29 enligt
488 850 63 22 1886
571 851 36 21 års
622 850 163 27 fortsättning)
799 847 95 28 stadgas
906 847 8 21 i
927 848 42 20 art.

217 884 56 22 169:
296 884 113 22 militärer
427 885 80 21 kunna
525 887 122 19 utnämnas
666 885 36 21 till
721 884 71 21 civila
812 882 158 27 befattningar

213 919 8 21 i
241 918 223 23 Storfurstendömet
482 919 107 22 Finland.

283 953 26 27 8)
336 954 12 21 I
373 954 96 28 bilagan
493 954 37 21 till
553 956 43 19 art.
622 954 48 21 312
689 953 8 21 i
715 953 38 21 IX
771 955 80 18 tomen
869 951 24 21 af
910 950 60 28 Lag-

214 988 128 28 samlingen
367 989 104 28 (lagarne
497 996 50 20 ang.
572 986 108 31 stånden)
700 987 99 28 antydes
818 986 9 21 i
846 984 125 23 allmänhet

213 1022 132 29 ordningen
362 1023 37 21 för
416 1023 153 21 innevånares
587 1023 8 21 i
613 1022 178 29 Kejsaredömet
808 1019 163 28 inskrifning
959 1015 15 40 i

213 1057 110 28 Finland,
347 1057 43 21 och
412 1058 8 21 i
444 1060 42 19 art.
511 1058 12 20 3
545 1057 149 22 föreskrifves
716 1054 121 23 särskildt:
876 1053 95 29 ,Denna

215 1091 100 28 ordning
333 1091 35 22 för
387 1091 134 22 erhållande
534 1092 23 21 af
569 1091 199 28 medborgarerätt
780 1089 119 28 tillämpas
912 1087 60 22 dock

213 1125 52 22 icke
289 1126 8 21 i
319 1126 108 21 afseende
446 1127 14 20 å
477 1127 140 20 innevånare
636 1126 8 21 i
662 1124 185 30 Kejsaredömet,
865 1122 80 21 hvilka
963 1122 9 21 i

215 1160 224 22 Storfurstendömet
465 1161 125 21 innehafva
617 1160 56 22 eller
699 1158 110 23 innehaft
827 1157 78 28 tjenst,
923 1163 49 14 som

214 1194 71 21 redan
304 1195 116 28 lagenligt
437 1195 36 22 för
491 1195 50 21 dem
559 1195 90 21 medför
667 1194 73 21 sådan
758 1191 70 23 rätt”.

285 1229 23 26 9)
331 1229 117 28 Slutligen
467 1230 36 21 må
522 1229 91 21 anföras
631 1229 169 27 förordningen
821 1226 22 21 af
862 1227 25 20 år
908 1225 62 21 1891

214 1263 42 21 N:o
277 1263 38 28 27,
334 1264 121 28 angående
473 1263 146 22 besättandet
638 1263 23 22 af
680 1263 97 28 tjenster
796 1260 41 22 vid
857 1259 28 22 de
901 1259 71 28 högre

214 1297 185 28 styrelseverken
416 1299 8 20 i
437 1298 221 21 Storfurstendömet
670 1296 110 27 Finland,
794 1294 95 22 hvaruti
903 1293 69 22 bland

215 1334 72 19 annat
315 1333 22 26 (8
365 1333 24 26 3)
413 1332 106 29 stadgas:
544 1332 50 29 till
612 1333 140 28 tjenstemän
770 1329 43 23 vid
833 1328 140 22 Statssekre-

214 1366 96 21 tariatet
327 1367 37 21 för
383 1367 221 21 Storfurstendömet
615 1366 103 22 Finland
731 1365 44 22 och
789 1363 184 28 Generalguver-

214 1401 157 22 nörskansliet
397 1402 8 20 i
431 1401 80 22 landet
537 1401 65 22 skola
629 1400 122 22 framdeles
778 1401 65 19 utses
866 1403 108 22 personer

215 1435 72 21 bland
313 1435 70 29 ryske
409 1437 145 28 tjenstemän,
576 1443 48 14 som
647 1435 97 22 afslutat
765 1431 209 24 universitetskurs

215 1469 44 22 och
277 1470 115 21 inhemtat
409 1470 110 29 grundlig
537 1470 72 28 insigt
627 1471 8 20 i
648 1470 28 21 de
689 1469 78 22 lokala
780 1467 78 22 finska
870 1466 103 28 lagarna,
