1111 1764
840 133 25 19 13

139 202 33 18 att
186 200 134 27 småningom
342 200 88 27 påfinna
452 206 109 16 ressurser
575 199 34 22 för
624 199 111 27 bidragets
760 200 135 21 betäckande

138 236 54 19 utan
211 236 34 20 att
266 234 149 28 befolkningen
438 234 140 27 betungades.
610 234 115 27 Bidragets
748 234 77 27 belopp
850 238 43 17 kan

139 269 69 21 såsom
230 268 123 22 beräknadt
374 269 55 22 efter
446 268 145 28 föränderliga
606 268 98 22 faktorer
719 268 47 22 icke
782 268 113 22 betraktas

139 303 70 21 såsom
223 303 112 26 konstant,
351 305 52 19 utan
420 304 69 20 måste
508 302 64 22 blifva
591 302 107 22 beroende
714 302 23 22 af
749 302 146 22 folkstockens

139 337 80 27 ökning
241 337 38 21 och
301 336 185 23 fluktuationerna
505 337 7 21 i
527 337 175 27 Kejsaredömets
727 337 166 27 militärbudget.

206 371 76 27 Någon
297 372 67 21 sådan
387 372 126 27 förändring
532 371 67 22 borde
613 371 72 27 likväl,
702 371 66 27 enligt
783 371 111 21 Komiténs

139 406 90 27 mening,
252 406 46 21 icke
320 406 87 21 inträffa
428 406 46 22 före
496 406 109 27 utgången
622 405 22 22 af
659 406 41 21 den
720 405 68 22 första
811 406 82 21 nioärs-

139 439 106 27 perioden,
261 442 53 19 enär
329 440 93 27 önskligt
439 442 23 20 är
478 442 33 19 att
526 446 27 16 en
568 440 43 22 viss
627 440 107 21 stabilitet
743 440 42 22 blir
798 440 96 21 rådande

139 475 6 21 i
161 474 25 21 de
202 474 127 28 ömsesidiga
351 474 119 22 likviderna
493 475 87 21 emellan
600 475 238 21 Riksskattkammaren
856 475 39 21 och

139 508 95 22 Finland.

206 543 58 22 Utan
281 545 33 20 att
330 544 104 21 anmärka
449 545 66 26 något
530 546 56 19 emot
602 544 36 21 det
654 544 22 21 af
686 544 100 21 Komitén
799 546 95 25 antagna

139 578 202 27 beräkningssättet,
365 578 125 22 framstälde
506 579 26 21 de
546 578 68 22 finske
637 580 204 25 representanterne
860 579 33 20 uti

139 612 89 30 afgifven
251 613 132 21 reservation
400 613 98 27 (Bilagan
514 613 40 21 N:o
569 614 22 26 8)
608 613 107 22 särskilda
736 613 157 26 invändningar

140 649 56 19 emot
211 647 40 21 den
268 653 42 20 nya
324 647 102 28 utgiftens
448 647 78 28 belopp
550 648 77 21 sådant
646 648 37 21 det
702 647 68 22 blifvit
786 647 21 22 af
821 647 72 22 Komi-

139 681 36 21 tén
191 681 116 22 faststäldt.
338 681 68 22 Dessa
421 682 158 27 invändningar
595 688 50 15 voro
661 681 104 28 följande:

209 716 20 27 1)
244 715 149 22 Hänförandet
416 716 23 21 af
452 717 147 21 kostnaderna
622 717 33 21 för
679 717 214 26 Gränsbevaknings-

139 750 76 21 kårens
231 750 112 21 underhåll
358 750 31 21 till
406 751 93 21 militära
514 751 89 27 utgifter
618 758 51 15 vore
684 752 47 21 icke
745 751 50 22 fullt
810 751 83 27 riktigt,

139 786 51 19 enär
205 785 78 21 kårens
299 784 118 22 förnämsta
432 785 85 27 uppgift
533 785 60 28 afsåg
607 786 161 27 tullbevakning
783 785 35 22 vid
829 787 64 25 grän-

139 824 63 15 serna
216 819 7 20 i
238 818 95 22 fredstid.
365 819 153 22 Motsvarande
535 820 89 27 utgifter
639 821 6 20 i
661 820 91 21 Finland
776 822 37 19 äro
838 826 55 21 upp-

139 855 66 24 tagna
218 853 7 20 i
241 853 146 22 statsfondens
403 853 127 28 utgiftsstat.

207 887 22 27 2)
244 887 46 22 Den
307 887 22 22 af
343 888 99 21 Komitén
466 888 127 27 ifrågasatta
609 889 107 27 ökningeu
733 889 22 21 af
769 889 40 21 den
825 888 68 22 finan-

138 921 52 21 siela
211 921 161 22 militärbördan
396 922 84 21 komme
500 924 33 19 att
555 923 82 21 drabba
653 923 149 27 befolkningen
819 923 6 21 i
841 923 51 21 Fin-

138 955 49 21 land
203 955 49 21 vida
267 957 76 25 tyngre
359 957 26 20 än
401 962 82 16 samma
502 957 92 21 militära
610 957 89 27 utgifter
715 957 82 22 drabba
812 957 81 22 befolk-

139 990 77 26 ningen
231 990 7 20 i
254 990 167 28 Kejsaredömet.
452 991 42 21 För
516 992 140 27 utjemnande
678 992 23 21 af
722 995 81 25 tungan
823 993 70 21 måste

139 1024 96 26 kalkylen
259 1025 143 21 underkastas
425 1026 95 26 rättelse,
540 1026 87 22 hvarvid
643 1027 7 21 i
665 1027 144 21 betraktande
824 1027 67 21 borde

138 1061 71 24 tagas:
233 1060 21 25 a)
271 1059 161 27 befolkningens
447 1060 6 21 i
468 1060 162 28 Kejsaredömet
653 1062 87 21 relativt
763 1063 70 20 större
856 1062 37 20 be-

138 1092 195 28 talningsförmäga,
357 1094 107 22 beroende
487 1095 22 21 af
528 1102 150 20 gynsammare
707 1097 122 21 klimatiska
853 1096 39 22 och

134 1126 260 27 jordmänsförhällanden
418 1131 56 19 samt
496 1130 109 26 naturliga
620 1130 121 22 rikedomar
756 1131 57 21 inom
830 1130 63 22 terri-

138 1160 73 27 toriet;
235 1161 22 26 &)
273 1163 142 21 statsverkets
438 1163 6 21 i
460 1163 162 27 Kejsaredömet
642 1165 154 26 jemförelsevis
819 1167 72 19 större

137 1195 120 27 tillgångar,
280 1202 45 15 som
348 1196 68 22 bildas
438 1204 79 20 genom
540 1199 148 21 inkomsterna
710 1199 46 21 från
773 1200 119 21 riksdomä-

138 1235 75 20 nerna;
230 1231 21 25 c)
267 1231 136 27 regeringens
419 1231 171 29 sjelfständighet
601 1234 34 20 vid
648 1234 126 21 anvisandet
785 1233 23 22 af
817 1234 75 26 medel,

137 1264 70 20 säsom
228 1266 14 19 t.
261 1270 31 15 ex.
315 1264 133 23 beträffande
471 1267 81 27 ökning
574 1267 23 21 af
619 1268 172 26 tullintraderna,
815 1268 77 21 medan

137 1298 100 22 Finlands
253 1298 177 28 handlingsfrihet
446 1301 6 20 i
468 1301 60 21 detta
544 1301 100 23 afseende
660 1303 66 21 delvis
741 1303 118 27 begränsas
871 1302 23 21 af

138 1332 185 28 nödvändigheten
340 1336 32 19 att
388 1336 51 26 taga
453 1335 82 27 hänsyn
552 1336 31 21 till
599 1336 160 28 befolkningens
774 1338 7 20 i
792 1337 100 27 Kejsare-

138 1366 70 22 dömet
223 1366 99 22 handels-
338 1368 38 21 och
391 1369 127 21 industriela
535 1371 113 26 intressen,
660 1371 80 22 hvilket
751 1372 65 21 ocksä
826 1371 64 21 fram-

137 1400 66 21 kallat
218 1403 15 19 t.
250 1408 31 15 ex.
298 1402 40 21 den
355 1403 24 20 är
399 1404 53 20 1897
476 1404 103 27 vidtagna
601 1406 133 27 sänkningen
758 1406 23 21 af
805 1406 85 21 tullsat-

137 1441 63 15 serna
215 1436 12 21 &
242 1437 81 26 socker,
339 1443 46 15 som
408 1437 79 22 införes
510 1438 46 21 från
577 1439 168 28 Kejsaredömet,
763 1441 37 20 och
824 1441 25 26 d)
866 1441 25 20 de

913 543 56 17 Finske
982 548 57 17 repre-

918 572 114 17 sentanternes

924 601 107 17 reservation.
