1114 1789
826 145 24 20 31

125 212 202 28 mejerihandtering
343 219 19 15 o.
378 219 17 15 s.
411 219 19 15 v.
447 212 105 28 (Härmed
567 212 36 21 vill
616 213 37 27 jag
669 212 77 22 endast
761 212 75 27 påvisa
850 213 33 20 att

125 247 112 27 yttrandet
252 253 34 15 om
301 247 105 21 Finlands
421 246 127 22 vanlottade
563 246 103 28 ställning
680 247 70 21 mäste
763 248 62 26 tagas
835 246 48 22 med

125 281 121 28 betydande
261 281 39 22 och
315 281 121 27 väsentliga
450 281 122 27 förbehäll).

193 316 10 21 I
218 315 107 28 Ryssland
346 317 24 20 är
389 315 149 28 värnepligten
554 315 97 22 fördelad
667 315 46 22 icke
728 315 55 22 efter
795 315 88 28 jordens

126 350 137 22 fruktbarhet
285 350 39 21 och
347 349 124 22 klimatiska
493 349 156 28 förhällanden,
668 351 54 20 utan
738 350 47 21 med
800 349 82 28 hänsyn

127 385 31 20 till
181 385 40 21 den
245 384 111 27 oatvisliga
376 384 187 27 nödvändigheten
579 386 34 20 att
627 384 64 22 hafva
706 391 26 15 en
748 385 67 21 sädan
831 385 53 20 kon-

127 419 85 27 tingent
233 419 34 21 för
289 419 81 26 armén,
393 425 45 15 som
454 419 44 21 kan
514 421 78 25 trygga
606 419 174 28 Kejsaredömets
795 421 89 25 gränser

127 453 38 22 och
180 453 132 22 tillförsäkra
327 459 36 16 oss
378 455 32 20 ett
425 453 87 28 fredligt
528 453 39 22 och
582 453 48 22 fritt
644 453 30 22 lif.

194 488 103 22 Finlands
320 488 116 22 nödstälda
459 488 128 28 belägenhet
609 488 36 22 vid
666 489 60 21 tiden
749 488 33 22 för
799 488 85 22 landets

127 522 94 28 eröfring
243 522 101 29 utgjorde
366 522 154 22 hufvudskälet
534 522 33 22 för
582 523 121 27 beviljande
718 522 23 22 af
754 522 109 22 lättnader
877 522 7 21 i

127 557 190 27 militärväsendet,
341 564 48 14 men
409 564 30 15 nu
454 557 40 21 har
509 557 151 28 befolkningen
677 558 59 21 vuxit
752 557 38 22 och
805 556 79 23 förkof-

127 594 36 19 rat
177 592 40 27 sig,
232 592 7 21 i
254 592 52 27 följd
320 591 78 22 hvaraf
411 592 40 21 den
467 592 43 21 kan
526 591 54 22 bära
592 598 82 15 samma
684 592 200 28 värnepligtstunga

128 633 45 15 som
188 626 151 28 befolkningen
355 626 7 22 i
377 626 169 28 Kejsaredömet.

195 661 92 22 Finland
309 661 41 22 har
372 661 106 22 alltsedan
502 662 24 20 är
543 662 54 22 1809
612 661 101 22 befunnit
728 662 33 27 sig
775 662 7 21 i
797 668 26 15 en
839 663 45 20 sär-

128 695 66 22 skildt
209 695 150 28 privilegierad
378 695 109 28 ställning.
518 696 59 21 Intill
596 696 24 21 är
637 696 52 21 1881
707 696 117 22 vidkändes
839 696 45 21 lan-

129 730 36 21 det
181 736 26 15 en
222 731 79 26 ytterst
317 730 62 27 ringa
394 730 202 27 värnepligtstunga
605 731 17 26 1)
638 730 39 22 och
692 730 56 22 hade
763 730 68 28 aldrig
842 730 42 22 del-

128 764 55 27 tagit
202 764 7 21 i
227 764 106 22 särskilda
356 764 90 28 utgifter
468 764 33 22 för
524 764 108 22 allmänna
654 764 114 22 riksbehof.
803 764 82 28 (Enligt

131 799 157 27 approximativ
311 799 119 27 beräkning
453 799 39 21 har
514 799 118 27 Rysslands
655 799 68 27 ärliga
746 799 92 22 tillskott
853 799 32 21 till

129 833 103 22 Finlands
254 833 83 21 förmån
360 834 94 27 uppgått
477 834 31 21 till
528 835 12 20 6
556 834 98 27 miljoner
676 834 76 27 rubel).
784 833 44 23 Och
851 840 34 15 om

128 874 29 15 nu
177 869 82 21 ansetts
279 868 93 27 önskligt
392 870 33 19 att
441 868 97 22 ähvälfva
553 868 75 21 landet
643 875 25 15 en
685 868 201 28 värnepligtstunga

131 902 5 21 i
152 902 128 28 proportion
296 902 33 22 till
346 902 36 22 det
397 902 69 27 öfriga
480 902 114 28 Ryssland,
611 904 24 20 är
651 903 60 21 detta
726 909 26 15 en
767 903 82 27 yttring
865 902 23 22 af

129 936 61 22 enkel
209 937 98 21 rättvisa.
337 936 39 22 Ett
395 937 84 21 mindre
494 936 138 28 betungande
648 936 22 22 af
683 937 91 21 Finland
789 937 40 21 har
844 936 42 22 hit-

128 971 43 21 tills
187 972 52 20 ökat
254 971 84 21 bördan
353 971 34 21 för
400 971 118 27 Rysslands
534 971 69 27 öfriga
618 971 129 28 befolkning.

198 1034 120 27 Originalet
333 1034 183 22 undertecknadt:
533 1030 99 26 Öfverste
647 1034 118 22 Borodkin.

197 1096 131 22 Afskriftens
352 1097 102 33 riktighet
477 1097 122 27 bestyrker:
622 1098 104 21 Ledamot
749 1098 39 21 och
803 1096 82 23 Sekre-

131 1133 71 20 terare
216 1132 7 21 i
239 1132 106 26 Komitén,
368 1132 194 28 Öfverstelöjtnant
577 1132 93 22 Kritski.

198 1229 15 23 1)
226 1229 124 22 Anmärkning.
374 1229 48 18 Frän
441 1229 21 18 &r
481 1230 44 17 1860
543 1229 30 18 till
586 1230 20 17 är
620 1230 43 18 1865
675 1230 97 18 underhöll
784 1229 79 18 Finland
876 1230 10 16 9

130 1257 106 22 bataljoner
247 1257 92 23 (indelta),
346 1258 64 17 hvilka
417 1258 30 18 för
454 1258 44 18 hela
504 1258 60 18 denna
570 1258 133 22 femärsperiod
710 1258 78 18 kostade
798 1258 90 21 1,503,120

130 1286 59 17 rubel.
213 1282 64 26 Öfriga
295 1286 83 18 militära
396 1286 80 23 utgifter
489 1286 29 18 för
531 1291 69 13 samma
612 1286 27 18 tid
651 1286 86 23 utgjorde
748 1287 75 21 531,260
834 1286 52 18 rubel

131 1316 77 20 (summa
225 1315 92 21 2,034,380
335 1315 56 23 rub.);
410 1314 42 19 från
466 1316 43 17 1865
521 1315 30 17 till
564 1316 43 17 1881
620 1315 97 18 underhöll
729 1315 79 18 Finland
821 1314 67 19 endast

129 1344 34 16 700
175 1348 46 13 man.
