1114 1784
264 167 47 21 128

226 235 165 22 öfverträdelse
416 235 23 22 af
464 235 226 29 värnepligtslagens
709 235 151 26 föreskrifter,
878 235 25 20 så
922 241 61 21 myc-

226 269 42 21 ket
286 277 68 20 mera,
376 277 48 14 som
444 270 39 21 det
501 269 76 22 finska
595 270 80 27 folket,
694 269 74 28 enligt
786 269 44 21 den
849 269 76 21 finska
944 268 38 22 ad-

227 303 197 22 ministrationens
443 312 60 21 egen
521 304 67 29 åsigt,
608 305 48 20 står
674 305 29 28 på
722 311 29 14 en
766 303 47 29 hög
825 303 157 28 utvecklings-

226 338 152 29 ståndpunkt.

295 373 161 21 Förenämnda
478 373 67 21 straff
562 373 78 21 består
658 373 35 21 för
710 379 116 22 personer,
844 379 50 14 som
912 371 70 22 befin-

226 414 42 14 nas
287 407 37 21 till
342 407 137 29 krigstjenst
497 407 102 29 duglige,
618 407 74 28 enligt
711 409 41 20 art.
774 407 47 21 118
839 407 9 21 i
861 407 64 20 detta
938 406 44 21 för-

226 441 58 29 slag,
303 442 8 21 i
329 441 83 22 förlust
429 442 24 21 af
471 441 113 29 rättighet
603 444 35 19 att
651 441 72 28 draga
732 441 50 28 lott,
795 441 83 21 medan
888 441 35 27 de,
934 448 48 14 som

226 476 38 21 till
282 476 42 21 sitt
343 476 173 21 helsotillstånd
529 476 104 21 befinnas
645 484 56 13 vara
714 476 37 21 till
772 475 138 30 krigstjenst
923 475 59 22 oför-

225 514 91 24 mögne,
335 511 91 21 straffas
444 511 59 21 efter
521 511 110 21 domstols
649 511 117 28 pröfning.

296 545 104 21 Sålunda
417 545 103 28 framgår
537 545 96 21 alldeles
652 545 50 21 icke
721 545 23 21 af
762 545 112 28 förslaget
889 544 37 21 till
939 546 41 19 art.

226 579 49 21 267
296 581 35 19 att
349 579 145 22 anställande
513 580 7 21 i
533 579 138 29 krigstjenst
683 579 78 22 kunde
774 579 120 21 betraktas
907 579 74 21 såsom

226 614 73 28 något
317 614 71 21 straff.

295 648 69 21 Hvad
382 648 177 28 invändningen
576 648 117 27 beträffar,
713 651 34 18 att
764 651 41 18 art.
820 648 47 20 267
882 648 7 20 i
902 647 79 21 försla-

225 684 41 26 get
284 682 74 21 skulle
376 682 73 22 strida
467 685 49 19 mot
531 682 45 22 den
588 682 75 22 finska
675 681 225 30 värnepligtslagens
914 681 66 27 anda,

225 717 25 20 så
275 716 42 22 bör
334 717 91 21 märkas
450 719 35 19 att
503 716 122 22 införande
644 718 8 20 i
670 717 102 21 Finland
790 716 24 21 af
833 715 146 29 ,enahanda"

224 751 135 28 värnepligt
377 759 48 13 som
443 752 8 20 i
470 751 163 29 Kejsardömet
651 752 8 20 i
677 751 64 21 tiden
761 750 77 22 blifvit
856 750 124 29 påbjuden,

224 792 54 14 men
305 788 35 18 att
366 785 45 21 den
433 786 76 21 finska
531 785 218 22 administrationen
771 786 7 20 i
797 787 58 19 trots
874 785 24 21 af
916 785 64 21 detta

225 819 79 29 påbud
322 820 92 28 lyckats
432 820 161 28 genomdrifva
611 828 28 13 en
658 820 192 28 värnepliktslag,
868 819 65 21 fotad
951 820 29 27 på

225 853 74 21 andra
316 854 117 28 principer
452 858 30 18 än
500 854 34 28 de,
553 862 50 14 som
620 854 65 29 ligga
702 855 37 21 till
751 854 76 29 grund
839 854 37 21 för
888 854 93 28 Kejsar-

224 888 91 21 dömets
342 889 193 28 värnepligtslag;
554 890 8 20 i
581 889 58 29 följd
663 889 66 22 häraf
750 888 107 23 inträffar
875 888 39 21 det
933 888 48 22 ofta

225 924 35 19 att
285 930 28 13 en
337 923 156 28 bestämning,
511 931 48 14 som
573 928 29 17 än
621 923 77 22 införd
716 924 8 21 i
742 923 174 29 Kejsardömets
935 923 45 28 lag,

225 957 85 21 strider
327 959 49 20 mot
394 957 44 22 den
457 958 76 21 finska
551 958 75 28 lagen.

293 991 12 21 I
322 991 64 22 kraft
404 992 23 21 af
445 992 28 21 de
492 989 97 25 ledafide
607 992 158 29 grundsatser,
783 991 81 22 hvilka
882 991 99 29 Nädigst

225 1025 81 22 blifvit
331 1025 121 29 förelagda
476 1026 111 22 Komiten
605 1027 38 20 till
661 1026 160 27 efterrättelse,
835 1027 89 27 äligger
942 1026 39 21 det

224 1059 113 22 Komitén
362 1063 35 19 att
414 1069 32 13 nu
465 1061 102 28 afhjelpa
586 1061 76 21 denna
680 1061 59 21 brist
757 1061 31 28 pä
806 1061 175 21 öfverensstäm-

225 1094 71 20 melse
321 1101 84 21 genom
427 1097 37 19 att
482 1095 72 21 ändra
572 1095 109 28 gällande
699 1095 77 21 finska
794 1095 188 28 värnepliktslag

224 1127 96 28 derhän,
346 1131 34 19 att
406 1128 134 23 densamma
558 1130 37 21 till
613 1130 52 20 sina
682 1129 196 28 grundprinciper
896 1129 9 21 i
922 1128 60 22 intet

225 1162 108 21 afseende
352 1164 72 20 mätte
442 1164 80 21 afvika
540 1164 51 20 frän
609 1163 175 29 Kejsardömets
802 1163 147 28 författning.

295 1196 33 22 Pä
350 1197 76 29 grund
445 1198 24 21 af
486 1198 39 21 det
544 1198 168 21 ofvananförda
729 1198 43 21 har
791 1198 149 28 pluraliteten
959 1197 23 21 af

224 1230 125 22 Komitens
368 1231 148 23 medlemmar
534 1232 121 22 vidblifvit
668 1233 35 21 sin
714 1232 155 28 öfvertygelse
880 1239 35 14 om
926 1231 56 22 nöd-

224 1265 160 29 vändigheten
403 1268 35 19 att
456 1266 118 22 bibehälla
593 1269 41 19 art.
655 1267 47 21 267
721 1267 8 20 i
748 1266 118 28 förslaget.

296 1300 135 21 Oberoende
449 1300 68 22 häraf
535 1300 42 22 har
594 1300 111 22 Komiten
723 1301 79 21 funnit
816 1303 34 19 att
862 1301 9 21 i
883 1300 100 28 kapitlet

225 1340 38 14 om
282 1341 84 15 ansvar
384 1334 36 22 för
437 1335 166 21 öfverträdelse
616 1336 23 21 af
651 1336 198 28 författningarna
862 1334 120 28 angäende

224 1368 165 28 värnepligten
408 1369 97 22 straffen
523 1370 8 20 i
549 1371 85 27 mänga
653 1370 97 21 artiklar
768 1370 24 20 af
807 1368 175 30 Kejsardömets

224 1402 144 29 författning
381 1407 39 17 äro
441 1404 118 22 bestämda
578 1404 73 28 enligt
669 1404 176 28 Kejsardömets
864 1402 118 29 Strafflag.

224 1436 13 20 I
255 1436 156 22 betraktande
430 1437 71 28 deraf,
521 1440 34 20 att
574 1438 66 22 dessa
659 1438 66 22 straff
736 1439 53 21 icke
802 1440 117 20 motsvara
935 1437 48 21 dei

225 1470 47 22 den
296 1470 75 23 finska
396 1472 135 29 strafflagen
550 1472 188 22 förekommande
757 1472 167 27 straffarterna,
941 1472 42 21 har
