1109 1814
260 125 26 20 32

230 193 31 20 till
278 199 32 20 en,
329 205 24 3 —
370 193 56 21 samt
442 192 33 21 för
490 192 43 21 alla
549 193 25 20 de
590 198 104 21 personer
709 192 7 21 i
727 198 25 15 en
764 198 77 21 grupp,
852 192 73 21 hvilka
936 199 56 15 ome-

230 227 84 22 delbart
334 227 70 21 blifvit
423 226 106 22 inskrifna
544 227 36 20 vid
596 227 97 20 området
709 227 51 26 (art.
778 228 17 25 1,
812 227 73 26 anm.).
916 227 76 26 Härpå

229 267 112 21 uppropas
364 267 134 21 personerna
513 261 7 21 i
536 261 41 21 den
601 261 92 27 ordning
716 261 27 21 de
757 260 69 22 blifvit
841 261 86 21 införda
941 261 7 21 i
964 261 26 21 de

229 295 151 28 specificerade
395 295 227 27 uppbädslängderna.
648 295 60 21 Hvar
724 295 38 21 och
778 301 26 15 en
815 301 47 15 som
872 301 119 21 uppropas,

228 331 89 26 uttager
340 336 26 15 en
382 330 51 25 lott;
449 329 34 22 för
497 329 147 22 fränvarande
659 330 87 26 uttages
761 329 42 21 lott
818 329 24 21 af
855 329 137 22 närvarande

230 364 130 22 anförvandt
379 364 51 21 eller
446 363 23 22 af
482 363 110 22 Nämdens
608 363 136 27 ordförande,
761 363 51 22 eller
828 363 22 22 af
864 363 79 21 ombud
958 363 35 22 för

229 399 138 21 kommunen.
401 399 91 21 Lottens
515 405 99 14 nummer
634 399 66 26 jemte
722 404 119 21 personens
864 403 65 16 namn
952 398 40 21 och

229 439 99 15 nummer
346 433 7 21 i
368 432 193 28 uppbådslängden
585 432 103 27 uppläsas
711 432 53 27 högt
786 432 24 21 af
831 433 71 26 någon
925 431 66 22 bland

229 467 109 22 Nämdens
354 467 126 26 ledamöter,
496 466 109 21 hvarefter
620 466 115 22 lottsedeln
750 466 82 22 lemnas
843 466 33 21 till
887 466 27 21 de
924 465 68 28 öfrige

228 501 152 22 ledamöterna
394 501 7 21 i
416 501 98 21 Nämden
530 501 7 21 i
552 501 40 21 och
608 501 33 20 för
656 501 134 27 granskning
805 501 39 21 och
860 501 131 27 anteckning

229 535 60 23 såväl
311 536 30 27 på
363 535 74 28 sjelfva
455 535 117 21 lottsedeln
591 541 46 15 som
652 535 40 21 ock
706 535 7 21 i
729 535 200 27 uppbådslängden.
959 535 32 21 På

229 577 83 15 samma
327 571 58 26 gång
400 570 119 21 antecknas
534 570 7 20 i
557 569 171 27 lottningslistan
744 571 88 20 namnet
845 570 29 26 på
885 569 47 27 den,
944 575 46 16 som

229 605 82 26 uttagit
326 604 77 27 lotten,
416 605 67 26 jemte
498 604 54 21 hans
568 610 98 15 nummer
676 604 7 21 i
694 604 200 27 uppbådslängden.
916 604 75 27 Därpå

229 639 108 21 utlemnas
361 639 75 26 lotten,
455 640 54 19 utan
526 639 290 26 återställningsskyldighet,
832 639 33 21 till
881 639 47 26 den,
945 644 46 16 som

229 674 126 20 densamma
371 673 87 27 uttagit.

299 744 51 21 Art,
367 743 52 19 104.
435 741 133 27 Lottningen
579 741 49 21 med
638 741 155 27 värnepligtige
803 741 48 21 från
860 743 32 20 ett
904 742 89 21 område

228 776 40 21 bör
292 782 35 15 om
343 776 83 27 möjligt
441 775 103 21 slutföras
559 776 30 26 på
604 782 26 14 en
647 776 47 26 dag.
725 776 48 20 Kan
790 776 79 21 sådant
884 776 46 21 icke
946 776 44 26 ske,

230 811 24 21 så
269 810 114 22 fortsättes
398 810 48 21 med
461 809 122 27 lottningen
600 810 42 26 dag
658 810 53 21 efter
728 810 46 27 dag,
791 810 33 21 till
839 810 49 21 dess
904 810 40 21 den
960 810 30 21 af-

229 844 86 22 slutats.
341 844 83 22 Härvid
438 844 110 27 iakttagas
565 844 94 28 följande
674 844 78 27 regler:
771 845 19 27 1)
806 844 65 22 lådan
883 844 51 22 eller
943 845 48 27 hju-

228 879 30 21 let
282 879 74 21 ställes
378 880 30 26 på
429 878 69 28 synlig
521 878 69 28 plats;
615 879 22 26 2)
652 878 134 22 lottnumren
806 881 62 25 tagas
884 886 26 14 ur
925 879 65 21 lådan

228 914 52 21 eller
302 913 70 28 hjulet
394 912 132 28 offentligen;
550 913 23 27 3)
590 913 48 26 den,
659 919 45 15 som
720 914 62 26 tager
796 914 49 26 lott,
861 914 45 26 bör,
922 914 68 21 innan

228 948 43 22 han
294 948 124 22 nedsänker
439 948 86 21 handen
541 948 7 20 i
563 948 64 21 lådan
652 948 50 21 eller
725 948 74 27 hjulet,
822 948 71 22 blotta
916 955 74 15 armen

229 983 57 21 ända
308 982 34 22 till
365 982 115 28 armbågen
504 982 39 22 och
566 983 47 21 visa
636 983 22 21 åt
674 983 26 21 de
716 983 136 21 närvarande
868 983 33 21 sin
917 985 73 25 öppna

228 1018 68 26 hand;
321 1018 23 26 4)
360 1018 18 27 ej
402 1018 35 20 må
459 1018 79 26 någon,
561 1018 62 20 utom
642 1017 41 21 den
702 1023 46 15 som
763 1019 61 25 tager
839 1017 49 28 lott,
904 1018 87 21 vidröra

228 1052 108 21 lottlådan
361 1052 51 21 eller
434 1051 78 28 hjulet;
533 1052 22 26 5)
571 1051 54 21 hvar
640 1052 40 21 och
696 1058 26 15 en
738 1053 61 25 tager
814 1052 42 21 lott
872 1052 77 21 endast
964 1058 26 15 en

228 1087 63 27 gång.
322 1086 56 27 Den,
398 1092 46 16 som
459 1086 56 27 tagit
530 1086 48 27 lott,
595 1088 65 26 utgör
674 1087 150 27 värnepligten
839 1088 29 26 på
883 1087 71 27 grund
970 1087 23 21 af

229 1121 41 21 den
286 1120 81 22 honom
382 1120 99 22 tillfallna
497 1126 120 21 nummern,
634 1120 62 22 äfven
712 1127 34 15 om
760 1121 43 21 han
819 1121 23 21 af
856 1122 90 26 misstag
956 1123 36 19 ut-

228 1155 56 27 tagit
308 1155 126 21 densamma
448 1154 74 22 förrän
538 1156 64 20 turen
618 1156 90 21 kommit
724 1156 32 21 till
771 1156 85 22 honom.
886 1156 46 21 Har
947 1156 44 22 han

228 1189 82 27 uttagit
325 1190 39 20 två
379 1189 51 21 eller
444 1188 52 22 flere
511 1189 73 27 lotter,
600 1190 42 21 blir
658 1190 47 26 den,
722 1196 46 16 som
782 1190 40 22 bär
837 1191 71 27 lägsta
924 1190 68 22 siffer-

227 1224 61 26 talet,
311 1223 174 27 bestämmande;
510 1224 22 27 6)
547 1224 45 21 ifall
615 1224 123 28 lottningen
761 1225 46 21 icke
827 1224 90 22 afslutas
932 1225 59 21 inom

226 1258 76 28 loppet
318 1258 24 21 af
356 1264 26 16 en
399 1258 47 27 dag,
462 1258 40 21 bör
516 1258 65 22 lådan
598 1258 52 22 eller
665 1259 68 27 hjulet
748 1260 48 20 med
812 1260 46 21 deri
869 1259 124 21 kvarblifna

227 1293 67 21 lotter
309 1292 99 22 förvaras
424 1292 33 22 till
472 1292 95 28 följande
583 1293 47 28 dag,
646 1293 109 28 förseglad
764 1294 48 22 med
822 1294 101 28 samtliga
932 1294 59 22 med-

227 1328 101 21 lemmars
344 1328 7 21 i
366 1328 97 21 Nämden
487 1328 55 27 sigill
564 1328 38 21 och
618 1329 70 21 under
704 1328 23 22 af
741 1328 46 22 dem
803 1329 78 21 utsedd
898 1329 93 21 särskild

227 1362 129 27 bevakning.
