1114 1809
817 167 29 21 19

194 236 154 21 utarbetande
370 236 43 21 och
431 235 140 22 utfärdande
590 236 23 22 af
633 236 162 28 ,Förordning
814 236 70 28 angå-

125 270 59 21 ende
202 270 77 21 finska
296 270 130 21 militären"
446 278 29 13 m.
494 278 29 13 m.

195 305 46 20 Till
259 305 76 28 grund
353 305 37 21 för
408 305 51 20 sina
478 305 95 21 arbeten
592 309 44 24 äga
648 305 76 28 bägge
739 305 145 21 komitéerna

124 339 70 28 lägga
213 339 28 21 de
261 339 157 28 anvisningar,
438 346 49 14 som
504 339 56 28 ingå
576 339 35 21 uti
623 339 207 28 Krigsministerns
842 346 42 14 un-

125 373 128 29 derdåniga
280 373 300 29 föredragningsmemorial
608 373 22 22 af
658 373 45 22 den
728 374 30 21 29
781 373 102 29 Augusti

127 408 64 21 1891
213 408 44 21 N:o
282 408 55 27 141,
362 408 119 21 äfvensom
503 408 28 21 de
549 407 99 22 ledande
666 408 118 29 principer
802 408 82 21 hvilka

124 442 99 21 uttalats
242 442 23 21 af
283 442 76 21 denna
377 442 132 21 Konferens
526 442 37 21 till
577 442 100 29 ändring
690 442 43 22 och
745 443 138 28 komplette-

124 477 55 28 ring
205 477 24 21 af
253 476 28 21 de
302 477 9 20 i
329 477 324 28 föredragningsmemorialet
678 477 96 28 angifna
799 477 83 27 frågor,

125 511 78 22 såvidt
220 511 99 21 berörda
338 511 128 28 ändringar
484 511 43 22 och
540 505 84 35 tillägg
640 512 72 21 vinna
726 511 89 29 Nädigt
827 511 56 28 god-

124 545 131 22 kännande.

193 580 12 21 I
228 579 85 29 frågor,
338 579 81 22 hvilka
440 581 83 21 kräfva
541 579 127 30 utredning
686 581 30 27 på
734 580 84 27 stället,
838 583 44 24 äga

125 613 143 22 komitéerna
291 621 83 22 genom
396 614 88 22 Chefen
502 615 36 21 för
556 614 180 22 Hufvudstaben
754 614 129 21 kommuni-

125 656 53 13 cera
201 648 53 21 med
279 648 247 29 Generalguvernören
548 649 64 21 öfver
629 649 103 21 Finland
750 649 43 21 och
811 649 71 21 Kom-

125 683 169 21 menderanden
314 685 128 27 trupperna
460 683 8 21 i
486 683 132 22 finländska
636 683 213 21 militärdistriktet.

194 717 123 28 Förslaget
334 718 38 21 till
390 725 31 21 ny
439 718 186 28 värnepligtslag
643 717 37 22 för
698 717 185 22 Storfurstendö-

125 754 48 19 met
190 751 102 22 Finland
311 752 66 28 skall,
396 752 72 22 sedan
487 752 247 28 Generalguvernören
753 752 66 21 öfver
827 751 56 22 Fin-

125 785 56 22 land
199 786 108 22 däröfver
325 787 94 28 afgifvit
436 786 130 28 utlåtande,
586 787 154 21 öfverlämnas
756 787 37 20 till
806 785 76 22 landt-

125 819 88 29 dagens
235 820 7 21 i
264 821 102 21 Finland
392 821 112 28 pröfning
531 823 59 19 samt
614 820 107 28 därefter,
746 820 95 29 åtföljdt
860 820 23 21 af

124 854 113 22 Senatens
263 855 36 22 för
320 855 103 22 Finland
441 855 118 28 yttrande,
578 855 114 22 inlämnas
711 855 36 21 till
764 855 118 21 Rikskon-

123 889 80 29 seljen.

193 924 116 29 Slutligen
333 925 60 21 skall
417 925 166 21 utarbetandet
604 925 24 20 af
651 924 87 29 förslag
756 924 37 22 till
811 924 71 21 refor-

122 965 55 20 mer,
206 959 106 21 afseende
340 959 44 21 den
413 959 173 28 krigsrättsliga
612 959 114 29 detaljens
747 959 41 22 vid
806 958 76 21 finska

122 993 117 21 militären
266 993 229 29 sammanjämkande
523 993 53 22 med
599 993 163 22 motsvarande
781 993 72 28 detalj
874 993 8 20 i

121 1027 184 29 Kejsaredömet,
324 1028 134 29 uppdragas
478 1029 24 20 åt
520 1025 317 31 Öfverkrigsrättsstyrelsen.

191 1084 130 29 Originalet
339 1085 197 22 undertecknadt:
554 1085 70 21 Peter
637 1085 143 27 Vannovski,
795 1084 85 21 Grefve

122 1119 25 21 F.
175 1119 99 27 Heiden,
302 1119 27 22 N.
358 1119 155 28 Obrutscheff,
542 1119 28 22 A.
592 1119 178 28 Jakimovitsch,
790 1119 25 21 F.
835 1119 45 21 Ve-

123 1153 106 28 litsehko,
250 1153 87 29 Stepan
357 1153 171 22 Gontscharoff.

455 1219 115 18 Afskriftens
583 1219 88 23 riktighet
682 1219 104 22 bestyrker:

419 1243 91 36 Ledamot
522 1247 35 18 och
569 1248 117 18 Sekreterare
698 1248 5 17 i
717 1247 92 22 Komitén,

492 1276 166 23 Öfverstelöjtnant
671 1277 79 17 Kritski.
