1109 1786
258 164 13 20 2

223 231 114 23 Finland”
358 232 80 29 utbytt
456 232 67 22 ordet
542 232 97 30 ,Riket*
658 235 49 19 mot
720 232 65 22 ordet
799 232 180 29 ,Fäderneslan-

223 266 61 28 det",
311 266 37 22 för
372 269 35 19 att
430 267 99 22 sålunda
547 267 118 29 tydligare
685 267 102 29 angifva,
806 269 36 19 att
860 267 27 21 de
906 267 74 22 finska

223 303 128 27 trupperna
369 301 175 29 organiserades
563 301 148 22 uteslutande
724 301 36 22 för
772 301 113 22 Finlands
898 302 82 21 intres-

223 343 42 14 sen
283 335 44 22 och
344 335 76 28 behof,
438 336 37 21 för
493 338 54 27 eget
565 336 148 29 sjelfförsvar.
747 335 32 22 Af
797 335 182 30 andemeningen

222 370 9 21 i
251 369 141 22 Ständernas
411 371 168 28 motiveringar
595 373 59 19 samt
667 370 24 22 af
702 370 278 29 folkrepresentanternes

222 404 128 29 yttranden
368 405 8 21 i
389 408 77 18 ämnet
481 405 112 28 framgår:
607 407 36 19 att
659 421 7 12 ,
669 405 114 21 Finlands
795 404 75 22 armé"
885 405 20 28 ej
919 405 61 28 finge

222 439 75 21 under
312 439 72 28 något
396 439 76 22 vilkor
484 439 62 22 föras
559 441 65 20 utom
638 439 224 29 ,fäderneslandets*
875 443 105 24 gränser;

223 475 36 20 att
277 473 28 22 de
323 473 75 22 finska
416 476 128 27 trupperna
563 474 75 21 skulle
650 476 105 27 upptaga
768 473 88 22 striden
869 476 48 19 mot
926 474 55 21 fien-

224 507 45 22 den
298 508 59 21 först
384 508 29 21 då
440 509 50 21 fara
508 508 86 22 hotade
621 511 84 19 tronen
732 508 52 22 från
806 508 75 22 finska
905 509 75 27 sidan;

224 544 35 19 att
279 542 44 22 den
335 542 75 22 finska
422 543 151 22 härsmakten
585 543 52 22 icke
650 543 78 21 kunde
738 543 70 22 hafva
817 543 78 28 någon
904 551 77 14 annan

223 577 95 28 uppgift
344 579 65 19 utom
435 578 128 28 ,försvaret
581 577 23 21 af
623 580 53 26 eget
694 577 79 27 land";
793 579 36 19 att
847 577 39 21 det
903 577 77 21 kunde

223 611 77 28 gifvas
317 611 114 22 särskilda
443 612 180 28 förvecklingar,
637 612 52 22 dem
701 612 119 29 Ryssland
832 612 52 21 med
896 619 85 21 vapen-

223 646 66 21 makt
307 653 54 14 vore
380 648 99 27 tvunget
498 648 35 20 att
545 647 56 26 lösa,
615 654 52 14 men
680 646 81 22 hvilka
773 646 52 22 icke
837 646 59 22 hade
909 647 72 28 något

223 682 144 26 gemensamt
379 680 52 22 med
443 681 112 21 Finlands
569 681 123 27 intressen;
706 684 35 19 att
754 681 102 21 Finland
865 681 52 21 icke
925 688 55 14 vore

224 714 105 29 skyldigt
348 717 35 19 att
400 716 53 21 med
472 715 145 29 obegränsad
635 716 132 21 solidaritet
780 716 77 21 aktivt
868 715 113 29 deltaga
970 710 15 38 i

224 749 47 21 alla
297 749 28 21 de
345 750 54 28 krig
416 750 130 28 Rysslands
564 750 127 22 historiska
708 750 96 22 mission
822 750 158 26 framkallade,

224 783 150 22 alldenstund
401 784 64 22 detta
487 784 79 22 kunde
589 784 105 22 medföra
714 784 114 22 Finlands
846 784 135 22 utarmande

223 820 59 20 utan
299 818 78 28 någon
395 821 78 26 nytta;
493 821 36 20 att
546 819 109 27 Finland,
674 820 75 21 såsom
767 818 103 23 varande
883 826 29 14 en
923 819 58 21 liten

224 855 53 25 stat,
296 853 108 21 mäktade
422 853 139 22 underhålla
579 854 88 20 militär
685 854 83 21 endast
785 854 37 21 för
835 853 145 29 sjelfförsvar.

293 887 32 21 Af
344 887 142 22 Ständernas
505 888 167 28 andraganden
691 888 44 21 och
753 888 23 21 af
794 888 28 21 de
841 888 78 27 motiv,
934 895 47 14 som

223 921 136 22 föranledde
386 922 144 29 landtdagen
557 924 36 20 att
618 922 9 21 i
645 923 13 26 $
682 923 11 20 1
721 923 23 21 af
773 922 37 22 sin
839 922 38 28 lag
907 921 75 22 införa

225 956 67 21 ordet
320 955 196 29 ,fädernesland*,
543 957 102 28 framgår
668 957 89 27 främst,
779 958 36 20 att
833 956 97 21 berörda
948 956 34 28 ly-

225 990 64 21 delse
309 991 22 20 af
350 991 75 21 denna
444 991 109 29 paragraf
571 991 64 21 leder
653 991 86 28 dertill,
759 993 35 20 att
809 991 101 21 Finland
922 991 60 20 inta-

224 1032 42 21 ger
290 1033 29 13 en
343 1027 92 26 separat
453 1026 114 28 ställning
584 1026 8 21 i
610 1025 109 29 politiskt
737 1025 131 22 hänseende
887 1024 42 23 och
948 1027 34 19 att

227 1059 224 22 Storfurstendömet
466 1055 14 38 =
487 1060 104 29 afskiljes
627 1060 52 21 från
714 1059 175 30 Kejsardömets
923 1059 58 21 riks-

226 1094 123 28 organism.

293 1128 103 21 Finland
419 1129 68 28 ingär
505 1137 49 14 som
573 1137 29 13 en
621 1129 37 21 del
676 1129 9 21 i
703 1129 40 22 det
760 1129 81 28 Ryska
858 1128 124 29 Kejsardö-

224 1165 57 24 met;
300 1162 66 22 häraf
383 1163 75 29 följer,
477 1165 35 20 att
525 1164 70 21 ocksä
608 1163 45 22 den
666 1163 23 22 af
702 1163 39 22 det
753 1163 76 22 finska
842 1163 74 21 folket
924 1170 58 21 upp-

225 1196 77 22 stälda
319 1197 118 22 militären
450 1198 73 21 måste
538 1197 71 22 hafva
621 1205 170 21 gemensamma
803 1198 115 20 intressen
929 1196 53 22 med

225 1230 164 29 Kejsardömet
407 1234 60 19 samt
485 1232 73 21 strida
576 1232 9 21 i
603 1232 46 21 den
666 1232 71 28 ryska
755 1231 80 22 armén
853 1231 69 22 äfven
933 1232 9 20 i
954 1231 28 20 de

224 1265 50 28 fall,
302 1265 29 22 då
358 1265 50 22 fara
432 1265 69 22 hotar
518 1266 119 29 Ryssland
654 1266 52 21 från
725 1273 78 14 annan
821 1265 50 22 sida
890 1269 30 17 än
937 1265 45 21 den

223 1299 83 22 finska.

294 1333 119 22 Finnarne
432 1335 103 22 erkänna
554 1335 83 22 endast
655 1335 103 21 Finland
777 1342 49 14 som
841 1334 42 21 sitt
896 1333 86 29 ,fäder-

225 1368 119 28 nesland”,
366 1368 108 23 hvarföre
493 1369 28 22 de
539 1369 108 22 betrakta
665 1369 120 28 Ryssland
803 1376 49 15 som
870 1376 29 13 en
916 1368 66 21 frem-

225 1402 85 21 mande
333 1405 47 19 stat
402 1403 43 22 och
464 1411 107 20 ryssarne
589 1411 50 15 som
657 1411 30 14 en
704 1403 143 22 fremmande
865 1404 58 20 stats
940 1410 42 13 un-

223 1436 112 23 dersåtar.
