1109 1775
269 152 32 21 50

232 220 64 22 hvad
315 228 49 14 som
383 221 77 21 kunde
479 228 56 15 vara
547 220 120 23 stridande
681 223 61 19 emot
754 220 77 22 denna
844 221 42 21 vår
898 220 96 22 nations

233 263 60 21 egna
316 256 121 21 intressen.
473 256 55 21 Men
552 255 31 22 då
601 260 26 17 är
645 255 40 21 det
703 255 43 22 ock
764 255 24 22 af
805 255 85 29 högsta
908 254 84 27 nöden,

233 292 36 19 att
292 290 24 21 vi
338 291 71 21 måtte
428 291 25 21 så
471 292 65 20 snart
554 297 49 15 som
622 290 93 29 möjligt
732 290 93 21 komma
844 288 94 28 derhän,
958 290 34 20 att

233 324 40 21 det
296 324 41 22 vid
361 324 144 29 behandling
524 324 24 22 af
565 324 80 29 frågor
663 332 37 14 om
719 324 61 22 hvad
799 331 49 15 som
865 323 53 22 med
936 323 58 21 hän-

233 366 44 21 syn
304 359 37 22 till
367 359 103 22 unionen
495 363 25 17 är
544 360 42 21 vår
607 359 88 28 lagliga
713 361 54 25 rätt,
786 358 52 22 icke
856 359 38 21 må
912 358 80 21 kunna

233 400 88 15 svaras:
351 393 58 28 ,den
437 397 25 18 är
487 394 74 28 något
588 393 91 29 otydlig
706 393 76 21 denna
811 400 25 14 er
856 394 48 20 rätt
924 392 68 21 ...*

233 428 188 28 Vapenlösheten
449 436 40 21 ger
515 428 9 22 i
551 428 65 22 detta
640 428 41 21 fall
703 428 51 21 icke
773 427 99 27 klarhet,
891 429 57 19 utan
967 430 27 18 är

234 464 101 20 tvärtom
353 470 28 14 en
401 462 151 28 skymmande
571 462 90 29 skugga
674 462 69 28 kring
756 462 45 21 den
814 462 76 21 finska
903 463 89 19 statens

233 496 145 28 rättigheter.

301 532 61 21 Herr
390 532 102 28 Lindelöf
515 531 8 21 i
550 530 173 30 presteståndet
746 530 129 29 beklagade
900 533 34 18 att
952 529 39 22 det

233 566 62 21 varit
322 566 146 29 nödvändigt
495 568 35 19 att
554 566 37 21 för
615 565 45 22 den
678 566 94 29 knappa
790 565 78 21 tidens
887 564 60 22 skull
966 564 25 21 så

233 601 137 28 skyndsamt
387 600 117 22 behandla
523 601 77 21 denna
617 601 74 28 fråga.
718 600 44 22 Väl
781 607 67 24 vore,
856 607 30 14 om
908 599 83 28 frågan

233 635 78 21 kunde
329 635 138 29 uppskjutas
485 635 38 22 till
541 635 85 22 urtima
644 635 123 28 landtdag;
786 642 54 13 men
853 633 139 29 beklagligt-

232 669 37 22 vis
288 670 71 21 måste
379 670 44 21 den
442 677 32 21 nu
491 672 84 27 genast
595 669 133 22 behandlas.
764 669 45 21 Det
827 668 43 22 har
888 668 102 29 frågats:

233 708 27 17 är
284 706 34 19 ett
335 704 198 22 nationalförsvar
551 704 36 21 för
605 703 102 22 Finland
727 703 190 28 oundgängligen
935 702 57 21 nöd-

232 738 115 29 vändigt?
382 739 89 21 Härtill
497 739 47 21 kan
569 746 53 14 man
641 738 51 21 icke
711 746 66 14 svara
796 737 147 22 annorlunda
962 741 29 17 än

232 773 107 28 jakande.
376 773 48 22 Vår
452 773 113 29 ställning
587 773 72 21 bland
678 772 78 22 folken
773 772 72 22 hafva
863 772 24 21 vi
906 771 86 22 eröfrat

232 807 53 22 med
304 808 141 28 vapenmakt
464 807 43 22 och
526 807 39 22 det
585 811 24 18 är
628 807 125 22 otänkbart
769 809 34 19 att
816 807 86 21 bevara
915 805 77 22 denna

232 842 114 28 ställning
373 844 57 20 utan
455 841 122 30 beväpnad
602 842 87 28 styrka.
729 842 42 21 Ett
795 840 197 23 nationalförsvar

233 876 76 22 skulle
332 877 86 29 jemväl
443 877 65 28 gifva
527 884 36 14 oss
583 879 34 19 ett
635 876 122 22 moraliskt
775 875 58 22 stöd.
870 875 32 21 Af
920 874 72 22 histo-

232 911 51 21 rien
302 918 23 14 se
343 911 24 21 vi
387 913 35 20 att
439 912 60 20 intet
516 911 51 22 folk
585 911 69 21 råkat
669 911 9 21 i
690 911 85 29 fysiskt
786 910 85 27 förfall,
885 910 25 21 så
922 910 70 27 länge

233 945 128 22 detsamma
379 948 39 26 egt
436 953 29 14 en
484 945 148 22 oförderfvad
650 945 111 22 moralisk
779 944 69 22 kraft.
872 944 46 21 Det
935 951 56 14 vore

232 980 52 21 icke
303 980 57 28 godt
378 988 37 14 om
433 980 75 21 finska
527 980 74 22 folket
619 980 68 28 länge
706 980 74 21 skulle
799 979 24 21 få
842 979 90 28 åtnjuta
947 978 44 21 fre-

232 1014 57 21 dens
308 1014 160 28 välsignelser,
486 1017 56 19 utan
563 1017 34 19 att
615 1015 53 29 sjelf
686 1014 93 28 deltaga
797 1014 8 21 i
821 1013 52 21 dess
885 1015 107 26 upprätt-

231 1048 117 28 hållande,
367 1051 26 26 ty
417 1049 8 21 i
448 1049 84 21 sådant
552 1049 43 21 fall
613 1049 74 21 skulle
707 1048 38 22 det
763 1048 62 22 lefva
844 1055 29 14 en
891 1046 99 22 minder-

232 1083 63 28 årigs
314 1083 33 21 lif.

302 1117 60 21 Herr
384 1118 92 21 Gadolin
512 1118 23 27 (f.
554 1117 21 21 d.
595 1117 102 27 militär).
729 1116 113 22 Finlands
860 1116 131 28 krigsmakt

231 1151 44 22 har
300 1152 61 21 varit
379 1152 125 21 inskränkt
522 1152 37 21 till
577 1152 83 22 endast
678 1152 75 21 finska
770 1150 220 30 gardesbataljonen

232 1186 44 21 och
303 1186 76 22 finska
403 1187 159 28 sjöekipagets
580 1187 91 21 kadrar.
709 1186 90 22 Sådant
816 1186 43 21 har
877 1185 61 21 varit
956 1186 35 20 så-

232 1220 73 22 rande
333 1221 35 21 för
395 1221 240 22 fosterlandskänslan
663 1221 43 21 och
731 1221 21 28 ej
774 1220 74 21 heller
866 1222 70 26 egnat
956 1222 34 19 att

231 1255 93 28 ingifva
341 1255 113 22 nationen
473 1257 34 20 ett
524 1255 37 22 för
579 1255 86 22 hennes
678 1255 110 29 politiska
800 1254 94 22 tillvaro
907 1253 85 28 nödigt

231 1289 133 22 förtroende
392 1289 37 22 till
453 1297 58 21 egen
535 1290 69 21 kraft.
640 1290 31 21 Vi
695 1289 70 22 hafva
787 1289 43 22 allt
855 1288 71 22 sedan
944 1287 46 22 den

231 1323 66 22 tiden
317 1325 24 20 så
360 1326 35 19 att
413 1328 56 25 säga
487 1324 74 22 lefvat
578 1325 31 28 på
627 1323 78 28 nåder,
724 1325 35 27 ity
778 1326 35 19 att
830 1323 56 28 rysk
902 1322 91 21 militär

231 1358 91 29 utgjort
348 1359 53 20 vårt
425 1358 60 22 enda
508 1358 83 29 skydd,
610 1359 102 21 bevakat
733 1359 56 21 våra
809 1358 85 27 fångar
912 1365 29 13 m.
960 1364 32 13 m.

230 1392 73 21 Detta
322 1396 25 18 är
365 1392 60 22 dock
444 1393 21 28 ej
485 1401 36 14 oss
539 1393 96 28 värdigt
653 1393 40 21 och
708 1394 42 21 vår
762 1392 96 28 statliga
872 1391 118 22 autonomi

231 1426 44 21 och
299 1426 52 22 dess
372 1427 111 22 unionela
500 1427 143 22 förbindelse
661 1427 52 21 med
731 1426 177 29 Kejsaredömet
927 1425 65 28 äläg-

229 1468 42 21 ger
299 1469 43 20 oss,
365 1461 29 22 dä
419 1463 53 20 värt
489 1461 56 22 land
570 1461 76 22 bildar
668 1469 28 14 en
715 1461 62 22 skild
795 1463 54 25 stat,
867 1461 43 21 har
928 1459 62 22 skild
