1111 1817
813 174 31 21 53

193 242 61 22 Herr
280 243 103 21 Mechelin
408 242 80 22 utlade
510 243 8 21 i
537 244 33 20 ett
588 242 67 28 långt
674 242 34 22 tal
726 242 28 21 de
772 242 108 28 grunder,

124 277 31 28 på
181 276 81 22 hvilka
290 276 46 22 han
354 276 118 29 påyrkade
492 276 143 28 antagandet
654 276 23 22 af
695 276 85 22 allmän
799 280 82 18 värne-

124 311 67 29 pligt.
227 310 196 23 Hufvudmotivet
450 319 40 13 var
512 311 45 27 det,
576 313 35 19 att
629 310 82 22 landet
728 318 83 21 genom
829 314 52 18 vär-

124 346 133 28 nepligtens
281 346 122 28 införande
422 345 74 21 skulle
515 353 42 21 ega
576 348 53 25 eget
647 346 91 21 försvar
756 346 52 20 icke
827 345 54 21 alle-

125 382 54 19 nast
205 380 35 21 för
268 380 36 21 sin
331 380 95 22 tillvara
454 388 56 13 utan
538 380 85 28 jemväl
650 380 6 20 i
686 380 104 20 fredstid.
826 380 54 21 Han

126 414 107 22 framhöll
251 414 45 22 den
314 414 67 28 ringa
399 416 84 27 nyttan
502 414 22 22 af
543 422 103 14 reserver
662 414 43 22 och
718 414 162 28 massuppbåd,

126 448 96 23 emedan
240 450 43 20 vår
301 448 46 23 tids
363 449 143 22 förbättrade
519 448 227 22 kommunikationer
758 448 123 29 medgåfve

126 486 34 19 ett
186 483 104 28 fientligt
316 483 67 22 infall
400 484 67 28 långt
484 484 48 21 före
552 483 86 22 sådana
656 486 106 26 truppers
781 483 100 28 samling

125 519 44 21 och
195 518 114 28 inöfning.
345 518 99 22 Talaren
475 518 110 29 påpekade
604 518 117 27 särskildt,
741 520 33 19 att
794 520 87 19 statens

126 554 89 21 försvar
234 553 73 28 gjorts
326 553 36 21 till
381 553 86 21 allmän
485 552 170 29 medborgerlig
673 553 66 28 pligt.

195 587 69 21 Emot
291 587 39 21 det
354 587 137 28 ifrågasatta
514 587 141 28 uppskofvet
679 587 78 21 talade
774 587 61 20 Herr
853 586 27 21 R.

126 621 141 29 Lagerborg,
292 621 85 27 Taube,
401 622 27 21 B.
453 621 25 22 O.
500 621 138 28 Schauman,
657 629 46 14 von
722 620 98 22 Alfthan
838 620 43 21 och

126 655 122 28 Mechelin,
268 655 80 22 hvilka
360 656 111 21 särskildt
483 656 118 28 påpekade
615 656 44 21 den
672 656 57 27 fara,
742 663 50 14 som
803 654 78 22 kunde

126 690 100 28 härflyta
249 690 71 27 deraf,
340 692 34 20 att
393 690 137 27 Ständerna,
550 691 71 21 sedan
639 690 113 28 styrelsen
770 690 112 28 uppgjort

127 725 87 28 förslag
242 732 36 14 om
307 725 118 21 ordnande
448 725 23 21 af
488 725 91 21 landets
598 724 150 28 härväsende,
767 724 115 29 uppsköte

127 759 93 28 frågans
245 759 125 28 afgörande
395 759 44 22 och
458 760 50 21 icke
528 759 135 29 begagnade
683 759 35 28 sig
737 759 23 21 af
777 757 105 22 tillfället

127 795 35 20 att
189 793 93 29 deltaga
308 795 9 20 i
344 793 136 28 detsamma;
498 796 36 19 att
552 793 131 22 Ständerna
702 793 36 22 för
756 792 125 29 afgörande

128 827 23 22 af
178 828 152 21 förevarande
354 829 66 28 fråga
446 828 99 21 anhållit
563 836 36 13 om
617 827 202 29 landtdagstidens
838 827 44 21 för-

128 863 120 28 längning,
276 862 95 22 hvilken
400 863 122 28 förlängda
550 863 35 21 tid
611 862 72 22 redan
711 863 84 27 utgått,
823 863 60 20 samt

128 897 110 28 slutligen
258 899 36 19 att
312 897 112 28 styrelsen
443 898 7 20 i
470 897 44 21 den
532 897 87 28 nädiga
637 897 175 28 propositionen
830 895 52 22 icke

127 933 75 26 yttrat
220 931 36 28 sig
275 931 83 28 derom,
377 931 97 22 hvilken
492 931 38 22 del
546 931 23 22 af
581 931 214 28 värnepligtslagen
808 930 75 21 skulle

128 966 36 21 för
176 966 116 29 grundlag
306 973 72 20 anses,
391 966 97 22 hvarom
500 966 131 21 Ständerna
644 965 155 29 ovilkorligen
811 964 71 22 borde

127 1002 63 25 yttra
217 1000 36 21 sin
276 1001 100 28 mening,
396 1001 72 21 innan
487 1001 65 28 fråga
570 1000 78 22 kunde
667 1000 85 21 väckas
772 1007 36 14 om
826 1007 57 20 upp-

128 1034 123 28 skjutande
271 1036 29 27 pä
318 1035 75 28 grund
413 1035 23 22 af
454 1035 269 28 Landtdagsordningen
740 1034 23 22 af
776 1033 107 22 ärendets

127 1069 145 28 behandling
299 1069 37 22 till
362 1069 104 29 följande
484 1069 119 29 landtdag.
641 1069 54 21 Med
714 1069 127 27 anledning
861 1067 23 22 af

128 1103 39 22 det
188 1103 85 22 väckta
292 1104 111 28 förslaget
422 1104 132 22 förklarade
571 1104 61 21 Herr
649 1103 234 26 Landtmarskalken,

128 1140 35 19 att
190 1142 56 17 enär
267 1138 114 29 Kejsaren
400 1138 43 22 och
462 1139 143 21 Storfursten
625 1138 50 21 icke
694 1138 120 28 föreslagit
832 1141 52 18 vär-

128 1172 172 29 nepligtslagen
319 1173 7 20 i
344 1173 55 21 form
414 1173 24 21 af
449 1173 123 28 grundlag,
586 1173 53 27 han,
649 1171 234 27 Landtmarskalken,

128 1206 51 21 med
207 1207 108 21 afseende
343 1207 56 22 härä
422 1207 52 22 icke
493 1208 72 27 ansåg
583 1208 36 27 sig
638 1207 79 21 kunna
736 1207 35 21 för
789 1205 95 22 ståndet

127 1241 129 22 framställa
284 1242 144 28 proposition
455 1241 86 22 härom.
567 1254 27 2 —
618 1242 33 21 Pä
676 1241 87 28 förslag
782 1241 23 21 af
822 1240 62 21 Herr

127 1275 115 22 Mechelin
270 1276 75 22 beslöt
370 1276 27 21 R.
416 1276 43 21 och
478 1276 26 21 A.
525 1276 141 21 öfverlemna
684 1275 38 22 till
739 1275 145 28 Landtdags-

127 1309 127 22 utskottets
279 1311 133 28 afgörande,
435 1311 80 21 hvilka
540 1310 146 29 stadganden
704 1311 8 20 i
731 1309 153 29 värnepligts-

127 1344 69 28 lagen
214 1345 76 20 skulle
309 1346 74 21 säsom
402 1345 118 29 grundlag
539 1352 73 14 anses.

195 1379 61 21 Herr
284 1380 89 21 Höckert
400 1380 105 21 uttalade
533 1380 36 21 sin
597 1379 145 21 tacksamhet
765 1379 36 21 för
818 1378 67 21 Hans

127 1413 133 29 Kejserliga
287 1414 121 29 Majestäts
436 1414 76 22 finska
539 1414 132 28 rädgifvare
699 1413 36 22 för
761 1413 40 21 det
828 1412 27 21 de
877 1412 9 20 i

127 1447 73 29 sagda
218 1449 145 27 proposition
381 1448 73 22 infört
473 1448 115 22 särskilda
606 1448 132 28 väsentliga
755 1446 131 22 förändrin-

127 1490 48 20 gar.
211 1482 47 21 Till
276 1490 30 14 en
324 1482 72 22 sådan
415 1482 145 22 tacksamhet
578 1482 75 22 skulle
671 1489 54 15 man
744 1481 60 22 dock
816 1480 70 22 hafva
