1111 1781
263 144 13 21 4

232 213 34 20 att
282 212 123 21 densamma
420 212 55 22 först
491 213 69 21 skulle
576 212 142 22 öfverlemnas
734 213 32 21 till
782 213 106 22 Senatens
899 213 32 22 för
941 214 50 22 Fin-

231 246 52 21 land
298 247 132 27 granskning
445 249 57 19 samt
518 247 93 22 derefter
627 247 32 21 till
670 247 189 28 Krigsministerns
870 248 119 23 utlåtande.

232 280 94 22 Senaten
342 281 97 22 uttalade
461 282 33 27 sig
509 282 7 21 i
531 281 76 28 frågan
623 282 6 21 i
645 282 48 21 hela
716 282 48 21 dess
783 282 56 26 vidd,
856 289 48 14 men
924 283 66 22 innan

232 321 82 16 samma
329 316 78 21 ärende
422 316 138 21 befordrades
577 316 32 21 till
624 316 178 27 Krigsministern
818 317 172 22 underkastades

232 350 119 21 detsamma
373 351 104 21 oväntadt
496 357 25 15 en
537 351 124 27 godtycklig
683 351 137 27 förkortning
835 351 7 22 i
858 351 132 22 Statssekre-

232 385 95 21 tariatet.

302 419 212 28 Generallöjtnanten
530 420 108 27 Procopés
654 420 98 21 uttalade
767 420 119 28 förmodan,
903 422 33 20 att
951 421 39 22 Mi-

236 454 275 22 nisterstatssekreteraren
528 455 48 21 med
591 455 86 26 ledning
693 454 43 27 af
750 457 37 19 119
799 455 33 20 uti
842 455 147 28 Värnepligts-

231 488 63 27 lagen
311 489 98 21 uteslutit
432 489 143 27 landtdagens
594 489 127 22 hemställan
738 489 54 22 ifrän
809 489 125 22 skrifvelsen
949 489 40 22 N:o

232 524 48 26 512,
292 524 70 21 säsom
373 525 94 21 varande
479 531 25 15 en
515 524 67 27 fräga,
594 524 85 22 hvilken
691 524 104 22 hänförde
806 524 32 27 sig
850 524 32 21 till
893 525 96 21 omrädet

231 558 33 21 för
275 558 85 22 landets
368 559 47 21 inre
425 558 135 28 lagstiftning
572 559 38 21 och
620 559 46 21 icke
678 559 114 27 päkallade
799 559 190 27 Krigsministerns

233 592 119 28 utlätande,
375 594 120 21 kullhäives
517 594 130 26 fullkomligt
662 594 35 21 vid
713 594 161 28 granskningen
891 594 23 21 af
927 594 62 22 dessa

230 627 137 27 paragrafers
385 628 102 22 innehäll.
518 628 65 22 Först
602 628 38 21 och
656 628 76 22 främst
747 634 39 16 var
801 629 11 27 $
830 630 40 19 119
885 628 7 21 i
908 628 81 22 Värne-

230 661 129 28 pligtslagen
378 662 6 21 i
403 662 44 22 Juli
473 663 53 21 1878
547 663 29 27 (d.
593 669 17 14 v.
628 668 16 16 s.
662 663 27 21 dä
704 662 125 22 skrifvelsen
845 662 40 22 N:o
902 664 41 20 512
959 663 30 21 af-

230 696 104 28 fattades)
350 697 45 21 icke
411 697 100 22 faststäld
527 697 23 21 af
563 698 126 26 Monarken,
706 698 87 21 hvarför
809 698 124 21 densamma
943 698 46 21 icke

230 730 67 22 heller
319 731 72 21 kunde
414 732 105 27 åberopas
542 732 70 21 såsom
635 732 35 27 lag
691 732 38 22 och
749 733 91 26 antagas
855 732 33 22 till
903 732 86 28 ledning

230 765 35 21 vid
282 766 66 26 något
369 766 135 27 tillgörande.
536 766 113 22 Granskar
665 774 48 14 man
731 768 47 20 åter
794 767 117 21 innehållet
927 767 23 21 af
963 767 26 21 de

230 800 133 27 paragrafer,
369 800 72 22 hvilka
450 801 66 27 enligt
521 800 133 22 Ständernas
665 801 99 21 anhållan
774 801 69 21 skulle
849 801 139 22 tillerkännas

230 835 117 27 grundlags
369 835 69 27 helgd,
455 836 24 21 sä
494 836 94 27 framgär
611 836 79 26 dervid,
708 838 32 20 att
761 836 26 21 de
810 836 178 27 hufvudsakligen

230 869 66 27 angä:
312 870 158 26 krigsmaktens
481 870 6 21 i
498 870 74 21 landet
583 870 195 28 sammansättning
790 870 38 21 och
839 870 149 22 bestämmelse

230 903 34 27 ($$
281 905 12 19 3
310 903 38 21 och
367 905 54 25 123),
438 904 172 21 bestämmandet
627 904 22 21 af
663 905 83 21 antalet
768 911 110 21 personer,
895 911 45 15 som
956 911 32 15 er-

229 938 85 20 fordras
338 938 32 21 för
390 938 25 21 de
436 939 73 21 aktiva
531 940 131 26 truppernas
686 939 168 27 komplettering
870 939 21 27 (&
911 940 28 26 5),
955 946 33 14 re-

229 978 88 15 servens
340 973 123 21 inkallande
486 973 21 28 ($
533 973 40 27 13),
595 973 129 27 inskrifning
743 974 36 21 vid
794 973 139 22 landtvärnet
949 974 39 21 och

230 1007 130 21 detsammas
383 1007 144 27 uppbädande
547 1008 31 27 ($$
598 1009 24 19 19
639 1007 39 22 och
694 1009 43 26 20),
754 1007 163 22 officerskärens
933 1014 55 15 sam-

228 1041 149 27 mansättning
395 1042 20 27 ($
437 1042 48 27 120)
508 1043 56 20 samt
587 1041 101 28 slutligen
712 1042 40 21 den
775 1041 71 22 finska
870 1042 117 22 militärens

229 1076 201 27 sammansättning,
447 1076 120 27 fördelning
582 1077 28 26 pä
626 1077 26 20 de
668 1077 57 21 olika
740 1083 84 20 vapnen
841 1077 39 21 och
895 1077 92 22 disloka-

229 1110 46 21 tion
292 1111 20 26 (S
332 1111 55 26 121).
417 1111 86 21 Sådana
527 1111 134 27 stadganden
685 1111 74 21 kunna
775 1111 47 21 icke
836 1111 102 22 hänföras
955 1112 32 21 till

229 1144 41 21 den
286 1144 46 21 inre
354 1145 173 27 lagstiftningens
551 1145 63 27 gebit,
635 1147 53 20 enär
711 1146 110 21 desamma
836 1145 39 22 alls
890 1146 47 21 icke
951 1146 36 21 be-

228 1180 51 19 röra
302 1179 210 27 ständsrättigheter,
536 1180 124 27 personliga
685 1180 38 21 och
747 1180 110 21 allmänna
872 1179 113 28 förmäner,

228 1218 46 15 som
290 1212 105 22 förlänats
417 1213 104 28 finnarne,
539 1214 50 21 eller
612 1214 68 21 andra
696 1214 78 21 folkets
790 1214 128 27 privilegier,
933 1215 54 20 utan

228 1247 92 21 hänföra
342 1247 32 27 sig
397 1247 128 28 fullkomligt
548 1248 70 21 direkt
642 1249 38 21 och
704 1248 133 22 omedelbart
860 1248 32 21 till
915 1248 72 27 frägor

228 1281 23 21 af
272 1282 88 26 specielt
383 1283 113 21 militärisk
519 1285 65 18 natur
608 1283 38 21 och
670 1283 32 20 till
727 1283 26 21 de
769 1283 103 26 ätgärder
888 1283 38 20 och
944 1289 43 15 me-

228 1316 40 25 del,
285 1322 76 21 genom
384 1316 72 21 hvilka
475 1318 31 19 ett
522 1317 46 20 rike
591 1317 94 26 skyddar
708 1317 190 21 okränkbarheten
914 1317 22 21 af
949 1317 38 21 sitt

227 1351 141 26 territorium,
395 1351 86 22 hvarför
504 1352 36 21 det
562 1351 33 22 för
616 1352 61 21 Hans
700 1352 103 27 Majestät
826 1351 103 28 Kejsaren
952 1351 35 22 vid

228 1384 129 27 afgörandet
373 1385 22 22 af
408 1385 75 28 frägan
506 1385 106 22 huruvida
628 1386 26 21 de
669 1386 144 27 uppräknade
833 1385 154 28 paragraferna

227 1420 67 22 borde
309 1420 140 22 tillerkännas
462 1421 122 27 betydelsen
596 1421 22 21 af
626 1421 240 27 grundlagsstadgande
880 1427 39 15 var
934 1421 52 21 nöd-

227 1454 89 28 vändigt
331 1456 33 20 att
382 1456 72 20 känna
471 1455 192 27 Krigsministerns,
680 1456 70 20 säsom
767 1455 41 21 den
820 1455 77 27 högsta
913 1455 71 21 chefen
