1098 1798
792 177 31 21 83

103 246 66 21 terad
186 246 9 21 i
214 254 66 13 mom.
300 247 14 20 5
334 246 51 21 med
410 246 70 21 orden
500 246 55 28 ,har
573 246 46 21 han
638 246 89 28 uttagit
745 246 40 21 två
803 246 56 21 eller

104 280 53 21 flere
175 280 75 27 lotter,
264 280 46 22 blir
327 280 51 28 den,
398 288 50 14 som
465 280 42 22 bär
525 280 76 28 lägsta
619 280 128 27 siffertalet,
760 280 98 22 bestäm-

103 314 103 22 mande".
242 315 46 21 Det
312 314 42 22 här
378 315 70 21 ofvan
468 314 97 22 anförda
583 314 74 22 första
675 314 140 28 stadgandet
833 318 26 18 är

103 349 144 28 fullkomligt
266 349 156 29 öfverflödigt,
432 349 97 21 emedan
546 349 69 21 äfven
631 348 40 22 det
685 348 93 22 förutan
789 348 69 22 allom

103 384 87 20 bekant
212 387 26 17 är
257 386 34 18 att
309 384 28 28 på
356 387 52 18 sön-
427 383 43 21 och
488 383 128 28 helgdagar
633 384 74 27 några
726 383 132 22 embetsför-

103 418 133 28 rättningar
262 418 52 20 icke
339 425 43 21 ega
401 425 56 20 rum,
477 420 62 19 utom
559 418 40 21 vid
618 418 111 28 möjligen
747 418 110 21 förekom-

104 452 82 21 mande
205 455 65 18 extra
289 452 101 28 arbeten,
411 460 47 13 som
476 452 51 22 icke
546 452 49 21 tåla
612 452 101 28 uppskof
732 452 24 26 (t.
770 460 34 13 ex.
817 452 40 21 vid

104 489 136 25 truppernas
262 486 173 29 mobilisering).
472 486 50 21 Den
540 487 8 20 i
567 486 75 21 finska
661 486 68 28 lagen
748 486 110 22 förekom-

104 521 82 21 mande
204 521 86 27 regeln,
313 520 59 22 huru
391 521 97 21 förfaras
507 521 60 21 skall
586 520 29 22 då
634 528 29 13 en
681 520 124 29 uppbådad
823 524 35 17 ut-

104 556 60 27 tagit
183 556 40 20 två
241 555 55 21 eller
314 555 54 21 flere
387 556 76 26 lotter,
483 555 41 21 har
538 557 88 19 ansetts
639 555 127 28 lämpligen
779 555 78 21 kunna

103 590 83 27 inflyta
205 590 7 20 i
230 590 118 28 förslaget.

173 658 45 21 Art.
241 659 47 20 105.
317 659 12 25 $
350 658 30 21 66
395 658 7 21 i
416 657 107 29 gällande
536 657 76 22 finska
622 658 185 28 värnepligtslag
817 657 40 22 har

105 692 43 21 fått
166 692 65 28 gifva
249 699 51 14 rum
318 693 34 20 för
371 694 41 19 art.
436 692 46 21 144
493 692 8 21 i
513 692 176 29 Kejsardömeis
704 692 45 28 lag,
762 691 95 22 emedan

104 725 43 22 den
167 727 7 20 i
192 726 102 21 Finland
312 729 104 25 antagna
429 726 135 29 ordningen,
578 727 74 28 enligt
665 726 95 21 hvilken
772 726 85 28 besigt-

103 761 89 27 ningen
211 761 23 21 af
252 760 28 21 de
299 761 137 28 uppbädade
456 761 90 28 föregår
558 761 199 28 lottdragningen,
771 763 86 19 ansetts

105 795 55 21 böra
178 795 90 21 ändras.

173 865 45 20 Art.
241 865 45 20 106.
324 866 13 24 $
357 864 31 21 67
408 864 7 21 i
434 864 44 21 den
497 864 74 21 finska
589 864 70 28 lagen
675 866 128 19 motsvarar
815 868 42 16 art.

107 898 45 21 145
172 898 8 21 i
198 898 173 28 Kejsardömets
395 898 147 28 författning,
556 906 53 14 men
621 898 129 22 innehäller
759 900 34 19 ett
802 901 55 18 tem-

103 932 63 28 ligen
184 932 131 22 obestämdt
330 933 94 28 uttryck
436 950 8 11 ,
449 933 108 28 behörigt
566 932 166 22 läkarebevis*.
751 933 107 20 Deremot

104 967 148 21 föreskrifver
271 967 99 21 artikeln
392 968 54 26 145,
466 970 34 18 att
518 967 84 21 sådant
619 968 70 28 intyg
704 968 37 20 må
753 966 104 22 utfärdas

104 1001 81 21 endast
204 1002 23 20 af
244 1002 86 27 läkare,
350 1009 50 13 som
418 1006 25 17 är
456 1002 91 21 anstäld
560 1002 8 20 i
581 1002 136 28 statstjenst.
736 1002 33 21 På
782 1001 76 29 grund

103 1035 67 21 häraf
194 1036 42 21 har
254 1036 111 21 Komitén
382 1036 81 28 utbytt
482 1036 141 28 ofvansagde
642 1038 13 25 8
674 1038 47 19 mot
739 1039 41 19 art.
802 1036 54 20 145.

103 1070 199 28 Representanten
320 1070 36 22 för
368 1070 46 22 den
426 1070 76 22 finska
511 1070 218 22 administrationen
738 1070 43 22 har
789 1070 68 21 fram-

103 1104 67 21 hållit
189 1104 206 28 nödvändigheten
414 1105 22 21 af
455 1107 35 19 att
506 1105 64 21 detta
583 1105 68 28 intyg
663 1105 105 21 utfärdas
782 1104 23 22 af
817 1104 41 21 mi-

103 1138 134 22 litärläkare
256 1138 42 22 och
317 1142 35 18 att
370 1139 49 21 deri
436 1139 85 29 jemväl
536 1141 100 19 utsättes
649 1139 44 21 den
706 1138 151 29 värnepligti-

102 1180 40 21 ges
160 1173 72 28 längd
251 1173 43 21 och
312 1174 149 28 kroppsvigt;
474 1173 82 21 härtill
569 1174 42 21 har
623 1173 110 21 Komitén
743 1173 114 27 anmärkt,

104 1209 34 19 att
155 1208 9 20 i
183 1210 41 18 art.
246 1208 46 21 106
312 1208 82 21 endast
412 1208 95 28 stadgas
517 1215 37 14 om
563 1210 48 19 rätt
619 1208 37 21 för
665 1208 45 21 den
719 1206 138 30 uppbådade

103 1244 35 19 att
156 1242 153 28 undandraga
327 1242 35 28 sig
376 1242 106 28 offentlig
498 1242 135 29 besigtning
643 1250 84 20 genom
739 1244 34 20 att
786 1242 72 21 förete

102 1276 107 28 behörigt
230 1276 68 28 intyg
317 1276 23 22 af
358 1277 8 20 i
384 1277 132 28 statstjenst
534 1276 93 22 anstäld
645 1277 86 27 läkare,
751 1279 34 19 att
803 1276 55 28 Kej-

102 1311 127 21 sardömets
247 1311 141 28 författning
406 1311 8 21 i
433 1311 65 21 detta
515 1311 43 21 fall
571 1311 114 21 erkänner
699 1311 74 28 intyg,
786 1310 71 22 utfär-

102 1344 57 22 dadt
177 1345 23 21 af
218 1345 96 21 militär-
334 1346 55 20 eller
408 1345 141 27 civilläkare,
572 1348 60 18 samt
648 1346 110 27 slutligen
771 1347 35 19 att
819 1352 39 14 an-

102 1379 112 28 teckning
232 1380 14 20 å
263 1380 92 28 intyget
365 1387 37 13 om
412 1380 45 20 den
466 1380 151 28 uppbådades
630 1380 71 28 längd
711 1380 43 21 och
763 1380 95 28 kropps-

102 1413 58 29 vigt,
178 1413 51 22 ifall
248 1413 23 22 af
289 1413 75 28 behof,
383 1414 47 21 kan
450 1414 151 21 föreskrifvas
621 1414 36 21 uti
675 1421 28 14 en
715 1413 143 22 instruktion

104 1448 34 21 för
155 1448 86 27 läkare,
260 1454 52 15 men
330 1448 51 21 icke
400 1448 8 21 i
426 1455 28 14 en
472 1448 191 28 värnepligtslag.
