1109 1809
823 122 25 19 31

117 187 213 28 fyllnadslängderna
348 187 19 21 A
386 187 39 21 och
443 187 17 21 B
480 190 53 24 göra
552 188 32 26 sig
603 188 151 26 underrättad,
775 188 105 22 huruvida

118 222 42 21 alla
176 222 26 21 de
217 221 130 27 uppbådade
362 221 76 21 instält
455 222 37 26 sig,
509 222 88 21 hvarvid
613 222 115 28 ljudeligen
745 223 101 27 uppläses
860 224 18 26 ej

118 256 83 21 mindre
216 256 141 21 förenämnda
372 256 90 26 längder
478 258 27 19 än
521 256 61 21 äfven
598 256 187 27 fyllnadslängden
801 257 16 21 C
832 258 47 21 med

118 290 42 22 alla
176 290 6 21 i
198 290 193 27 uppbådslängden
414 290 77 26 gjorda
508 290 156 28 anteckningar
680 297 34 15 om
729 291 73 21 hvilka
818 291 22 22 af
854 292 26 21 de

118 324 130 28 uppbådade
264 324 60 21 skola
341 324 86 27 åtnjuta
442 324 126 27 eftergifter,
579 325 87 21 hvaruti
678 325 62 21 dessa
751 326 62 21 bestå
824 328 56 20 samt

117 359 125 27 grunderna
264 358 33 21 för
320 358 63 21 deras
399 358 125 28 beviljande.
556 359 47 21 Alla
620 359 26 21 de
662 359 130 27 uppbådade
808 360 71 21 äfven-

118 400 46 15 som
187 393 68 21 andra
277 392 136 22 närvarande
436 399 104 20 personer
560 395 37 19 äro
613 393 137 27 berättigade
766 395 33 19 att
814 394 65 21 fram-

117 428 65 22 ställa
205 427 169 26 anmärkningar
393 429 45 19 mot
453 427 130 28 riktigheten
600 427 23 21 af
637 428 63 20 dessa
716 428 162 28 anteckningar,

118 462 39 21 och
172 461 60 26 skall,
250 467 33 15 om
300 461 198 27 anmärkningarna
512 461 97 22 befinnas
626 462 118 27 grundade,
759 463 65 26 nödig
834 464 44 20 rät-

117 497 54 20 telse
186 496 7 21 i
208 496 92 27 längden
317 495 23 22 af
354 496 92 21 nämden
461 498 70 25 göras.
562 496 102 21 Härefter
680 497 83 21 skrides
780 497 32 20 till
827 497 51 21 lott-

117 531 58 26 ning,
191 531 6 20 i
213 530 84 21 hvilken
315 530 42 21 alla
372 531 6 20 i
395 531 109 21 områdets
520 531 166 26 uppbådslängd
702 533 113 25 upptagna
830 537 48 21 per-

117 571 64 16 soner
197 566 51 26 taga
264 565 39 26 del,
314 565 50 21 med
375 565 113 27 undantag
499 565 23 22 af
531 565 53 26 dem,
597 565 72 21 hvilka
679 566 74 21 ernått
764 565 114 28 presterlig

116 599 113 28 värdighet
244 600 57 21 inom
318 599 40 22 den
375 600 105 21 ortodoxa
496 600 84 27 kyrkan
591 600 52 21 eller
655 602 67 19 annat
733 601 79 21 kristet
822 607 56 14 sam-

116 634 59 21 fund.
206 635 10 20 I
231 634 212 27 fyllnadslängderna
458 635 86 20 införda
559 641 105 20 personer
679 637 37 18 äro
728 635 46 21 icke
785 635 93 27 lottning

116 669 168 21 underkastade.

185 715 49 16 Anm.
259 714 98 22 Bevisning
376 714 29 17 till
425 714 100 23 styrkande
544 714 20 18 af
580 714 99 22 uppbådad
698 719 76 17 persons
787 715 91 22 rättighet

117 743 29 17 till
165 743 83 22 eftergift
261 743 5 16 i
279 743 103 22 utgörande
400 743 20 17 af
437 743 127 22 värnepligten
583 743 29 18 får
630 743 114 18 framställas
762 743 64 18 endast
839 743 39 18 före

116 772 156 22 lottdragningen.

392 881 64 12 SJETTE
469 881 135 12 AFDELNINGEN.

311 934 36 16 Om
360 934 115 21 ordningen
487 934 34 16 vid
533 934 149 21 lottdragning.

185 993 50 18 Art.
252 993 53 18 102.
336 990 70 21 Innan
422 990 94 28 lottning
531 991 98 27 vidtager
642 990 78 28 jemför
732 990 144 23 ordföranden

117 1025 82 21 antalet
216 1025 22 21 af
252 1025 26 21 de
293 1025 145 27 förfärdigade
454 1025 129 21 numrerade
598 1025 146 21 lottsedlarna
756 1025 48 22 med
815 1027 62 20 anta-

116 1060 30 21 let
162 1059 22 21 af
198 1059 25 21 de
238 1060 7 20 i
260 1060 194 27 uppbädslängden
471 1059 83 22 införde
570 1060 39 21 och
624 1060 70 21 förser
711 1060 63 21 dessa
787 1060 90 21 lottsed-

115 1094 33 20 lar
163 1093 48 21 med
227 1094 66 26 nägot
308 1094 241 27 igenkänningstecken.
575 1094 75 27 Derpä
665 1094 112 27 hoprullas
787 1094 90 21 lottsed-

115 1129 61 20 larne
194 1128 68 21 under
279 1128 156 21 ordförandens
451 1129 71 26 tillsyn
539 1130 56 19 samt
612 1129 126 21 omblandas
755 1129 39 20 och
809 1129 68 27 inläg-

115 1169 38 20 gas
168 1163 7 20 i
191 1169 25 14 en
239 1163 50 20 låda
313 1163 51 21 eller
383 1165 31 19 ett
431 1163 49 27 hjul.
512 1163 31 21 De
559 1163 32 21 till
606 1163 124 27 lottningen
747 1163 130 27 uppbädade

115 1197 35 21 mä
165 1197 33 26 sig
212 1197 89 21 emellan
318 1199 49 20 utse
384 1197 78 22 ombud
478 1198 33 21 för
522 1197 174 22 öfverräknande
707 1198 40 21 och
757 1198 119 26 hopbland-

115 1232 52 27 ning
190 1231 22 22 af
228 1232 26 21 de
270 1233 180 20 sammanrullade
466 1233 149 26 lottsedlarna,
632 1233 66 20 innan
717 1233 25 21 de
758 1233 97 27 inläggas
870 1233 7 20 i

114 1267 65 20 lädan
196 1267 50 20 eller
261 1267 76 27 hjulet.

184 1326 49 18 Art.
254 1326 52 19 103.
330 1324 10 21 1
356 1324 39 21 och
411 1324 33 21 för
454 1325 122 26 lottningen
587 1325 131 21 bestämmes
728 1325 84 26 främst,
823 1325 54 21 lika-

114 1358 58 21 ledes
194 1358 80 21 medels
296 1359 101 26 lottning,
422 1361 63 19 turen
508 1359 33 20 för
564 1359 26 21 de
606 1360 136 26 kommuner,
758 1365 46 15 som
819 1359 58 22 bilda

114 1392 198 27 uppbädsomrädet
336 1393 39 21 och
397 1393 64 22 hafva
476 1394 66 21 minst
558 1394 103 21 tvåtusen
677 1394 104 21 invånare
796 1393 80 28 hvarje,

113 1439 29 3 —
157 1427 7 20 i
180 1429 90 19 motsatt
285 1427 37 22 fall
339 1429 141 20 sammanslås
496 1430 78 19 tvenne
591 1428 143 27 närliggande
750 1429 127 20 kommuner
