1114 1803
277 153 29 20 10

239 222 135 27 trupperna,
402 219 146 28 styrelserna,
577 219 143 22 anstalterna
748 219 43 22 och
809 220 189 29 inrättningarna

239 255 74 28 enligt
338 262 87 14 samma
448 253 109 29 grunder,
579 261 47 14 som
649 254 64 28 gälla
735 254 144 22 beträffande
898 255 74 28 öfriga
990 255 8 21 i

239 288 146 22 Finländska
412 288 209 21 militärdistriktet
647 288 106 28 förlagda
781 292 96 25 trupper
898 289 43 22 och
964 290 34 21 in-

239 323 141 28 rättningar,
398 322 92 29 jemlikt
508 322 161 29 stadgandena
688 323 8 20 i
715 322 44 22 den
778 323 124 28 allmänna,
921 324 35 21 uti
974 324 24 21 II

238 357 90 21 bandet
355 357 23 21 af
404 357 48 21 Mil
481 357 50 21 förf.
557 357 63 21 saml.
643 357 22 20 af
687 357 26 21 år
737 357 63 21 1869
819 357 116 28 ingående
953 358 45 21 för-

238 391 131 29 ordningen
401 390 121 29 angående
551 390 175 29 förvaltningen
757 392 23 20 af
808 391 190 29 militärdistrikt,

238 426 130 28 hvarjemte
386 424 47 22 han
452 428 73 18 rättar
544 425 35 28 sig
596 425 57 21 efter
666 425 199 29 författningarna
878 426 120 28 angående

238 460 158 28 Adjointerna
425 459 42 21 hos
497 459 112 21 Distrikts
638 459 164 22 Intendentur-
829 460 43 22 och
900 460 98 22 Militär-

238 494 305 28 medicinalinspektorerna
569 494 8 20 1
604 494 101 21 nämnda
727 494 95 22 distrikt
843 498 59 18 samt
925 495 73 21 öfver-

238 529 74 21 vakar
340 531 34 19 att
401 528 105 21 bemälde
533 528 124 28 Adjointer
684 536 62 20 noga
774 529 106 29 iakttaga
907 529 91 21 landets

238 563 67 29 lagar
333 563 44 21 och
398 562 168 28 författningar
588 565 59 19 samt
670 562 327 30 Ekonomiedepartementets

238 598 8 20 i
265 597 135 29 Kejserliga
418 597 101 21 Senaten
539 597 36 21 för
592 596 102 22 Finland
706 597 135 22 meddelade
854 598 145 21 föreskrifter

238 632 148 21 beträffande
412 631 158 28 anskaffande,
589 631 150 22 utlemnande
758 632 42 21 och
819 632 124 22 befordran
962 632 36 22 till

240 669 130 26 trupperna
397 666 23 21 af
444 666 47 21 alla
515 666 62 28 slags
599 665 185 28 förnödenheter,
803 666 81 22 hvilka
902 666 40 22 det
960 675 39 13 an-

238 701 104 21 kommer
361 702 13 20 å
393 700 71 28 sagda
483 700 166 28 Departement
669 703 34 18 att
722 700 111 22 anskaffa.

309 770 46 21 Art.
377 771 31 20 13.
444 769 129 29 Adjointen
591 769 42 22 hos
653 766 244 25 Öfverbefälhafvaren
917 770 7 21 i
943 770 55 21 Fin-

239 804 101 21 ländska
361 804 208 21 militärdistriktet
588 804 86 28 fullgör
693 804 7 21 i
719 804 106 22 afseende
844 806 13 20 &
876 804 28 21 de
922 804 76 22 finska

241 842 136 25 trupperna,
406 838 145 28 styrelserna,
581 838 143 22 anstalterna
748 838 42 22 och
809 839 189 28 inrättningarna

239 873 28 21 de
286 873 142 29 åligganden
448 875 59 19 samt
526 873 103 28 åtnjuter
647 872 28 22 de
694 873 144 28 rättigheter,
852 881 48 13 som
914 873 84 21 beträf-

239 907 70 22 fande
338 907 76 21 denna
437 908 134 27 befattning
595 907 75 21 finnas
696 907 112 29 stadgade
826 908 8 20 i
853 907 62 22 band
933 908 24 20 II
976 908 22 21 af

238 942 49 21 Mil.
307 942 53 21 förf.
380 942 62 21 saml.
463 942 22 21 af
504 942 25 21 år
549 942 71 20 1869.

309 1012 47 20 Art.
378 1013 28 19 H.
443 1011 67 21 Inom
532 1010 44 22 den
596 1011 102 21 militära
717 1010 280 30 distriktsförvaltningen

239 1046 23 20 af
290 1045 146 21 Finländska
457 1045 209 21 militärdistriktet
687 1045 187 22 förekommande
896 1046 101 21 ärenden

239 1080 123 28 angående
386 1080 158 27 anskaffande,
568 1079 139 22 förvarande
730 1080 42 21 och
794 1080 149 21 utlemnande
961 1080 37 21 till

239 1113 28 22 de
286 1113 77 22 finska
383 1116 126 27 trupperna
528 1114 23 21 af
570 1114 45 21 alla
633 1114 62 28 slags
708 1114 185 27 förnödenheter,
907 1114 91 22 hvilkas

239 1148 154 22 anskaffande
407 1149 40 20 det
457 1149 90 28 åligger
557 1149 315 28 Ekonomiedepartementet
887 1149 8 21 i
906 1149 92 29 Kejser-

238 1183 48 28 liga
310 1183 102 21 Senaten
434 1183 36 22 för
488 1183 102 22 Finland
609 1186 34 19 att
662 1183 135 29 ombesörja,
816 1183 58 22 höra
892 1184 52 21 icke
962 1183 37 22 till

238 1217 148 22 Finländska
399 1217 330 29 Militärdistriktskouseljens
739 1218 259 27 verksamhetsomräde,

238 1252 124 21 hvaremot
388 1252 101 21 nämnda
511 1252 98 29 Konselj
633 1253 8 20 i
663 1253 75 28 öfriga
757 1252 125 22 afseenden
901 1252 98 22 handlar

238 1287 8 20 i
271 1287 240 22 öfverensstämmelse
530 1286 52 22 med
601 1287 28 21 de
648 1287 157 28 grundsatser,
824 1295 49 14 som
892 1287 106 28 angifvas

237 1321 9 20 i
273 1321 135 28 respektiva
436 1321 97 22 artiklar
561 1322 7 20 i
596 1321 49 21 Mil
674 1321 51 22 förf.
753 1321 63 22 saml.
840 1322 23 21 af
882 1323 24 20 är
927 1322 70 27 1869,

238 1355 64 22 band
322 1356 29 21 II.

447 1406 41 19 Art.
513 1407 31 21 12,
569 1407 25 18 13
617 1407 37 18 och
679 1406 25 19 14
724 1407 5 18 i
748 1406 106 25 >förslaget
872 1406 29 19 till
917 1407 81 18 Förord-

379 1435 57 24 ning»
453 1435 110 19 bestämma
577 1430 219 24 Öfverbefälhafvarens
811 1435 6 18 i
832 1435 106 24 distriktet,
948 1436 50 18 hans

380 1463 91 25 Adjoints
501 1463 37 20 och
568 1463 280 26 Militärdistriktskonseljens
874 1463 124 26 åligganden,
