1111 1795
273 163 48 22 130

235 231 80 23 hållna
332 232 176 22 föreskrifterna
526 238 49 16 som
593 232 43 22 ock
651 231 29 23 de
692 231 101 29 tidigare
802 232 9 21 i
821 234 42 19 art.
876 232 47 22 109
933 231 59 23 före-

235 266 82 29 slagna
329 265 160 30 stadgandena
502 270 40 18 äro
555 266 23 22 af
589 266 119 29 väsentlig
720 266 127 29 betydelse,
860 266 43 22 har
912 266 80 22 Komi-

235 300 42 22 tén
294 301 9 22 i
320 301 112 29 förslaget
449 301 73 22 infört
540 302 43 21 art.
603 301 55 21 364.

301 370 46 22 Art.
369 371 52 21 270.
449 370 51 21 Art.
520 370 47 21 365
587 369 8 22 i
607 369 175 29 Kejsardömets
794 368 196 30 värnepligtslag,

234 412 50 14 som
301 406 129 20 motsvarar
448 404 64 22 förra
530 404 67 22 delen
611 404 23 21 af
646 405 13 25 $
675 404 54 28 114,
742 403 131 23 innehåller
885 403 107 23 fullstän-

235 438 81 29 digare
335 438 43 22 och
395 438 139 29 utförligare
546 438 176 29 bestämningar
732 442 28 18 än
770 438 46 22 den
827 446 87 20 senare,
924 438 68 22 hvar-

234 475 65 20 utom
319 473 28 21 de
365 473 72 28 straff,
457 473 77 22 denna
546 473 85 21 artikel
644 473 118 28 stadgar,
754 468 11 38 i
775 473 123 28 stränghet
910 472 82 29 betyd-

235 507 46 29 ligt
299 507 134 22 öfverträffa
451 507 28 22 de
497 507 9 22 i
524 508 14 26 8
559 507 48 22 114
626 507 149 28 omnämnda;
794 508 31 28 på
837 507 76 29 grund
925 507 67 22 häraf

234 541 44 23 har
295 542 110 22 Komitén
424 542 8 21 i
450 542 79 22 stället
546 541 36 23 för
599 542 63 21 förra
680 541 67 22 delen
765 542 24 21 af
801 543 14 26 &
830 543 48 20 114
891 542 8 21 i
911 542 80 22 försla-

234 579 41 26 get
293 577 87 28 intagit
397 577 100 21 artikeln
511 577 55 21 365.
591 576 48 22 Och
652 576 30 22 då
694 576 45 22 den
750 577 77 21 finska
838 577 154 28 värnepligts-

233 611 70 29 lagen
321 611 36 22 för
374 610 174 23 uraktlåtenhet
566 612 35 20 att
619 611 89 22 infinna
726 611 36 29 sig
780 611 9 21 i
807 611 72 29 tjenst
896 611 95 29 stadgar

235 645 186 28 ordningsstraff,
440 645 84 23 medan
541 645 175 29 Kejsardömets
728 645 186 30 värnepligtslag
931 646 9 21 i
958 645 32 22 af-

233 680 84 22 seende
341 681 14 20 å
380 680 154 29 bestraffning
559 679 115 22 likställer
700 679 77 23 denna
803 680 109 22 förseelse
938 680 52 22 med

232 715 74 22 första
323 722 67 14 resan
408 715 109 28 rymning
534 714 52 22 från
604 715 108 28 tjensten,
731 715 24 22 så
767 714 44 23 har
823 714 118 29 Komitén,
955 715 35 22 för

234 751 36 20 att
297 749 124 28 tillgodose
448 749 127 22 rättvisans
601 749 59 28 kraf,
687 749 40 22 vid
749 749 134 22 införandet
904 749 24 22 af
945 749 45 22 den

233 783 8 21 i
260 782 162 30 Kejsardömet
444 782 109 29 gällande
570 783 227 29 värnepligtslagens
817 784 70 21 365:e
906 784 84 21 artikel

232 818 9 21 i
260 817 45 22 den
331 818 75 21 finska
433 818 69 28 lagen
524 818 59 21 efter
601 817 72 22 orden
692 818 49 28 ,för
758 818 163 22 uteblifvande
938 818 52 22 från

232 852 74 28 tjenst
323 852 8 22 i
351 852 101 22 artikeln
464 864 27 4 —
510 864 28 4 —
551 864 28 4 —
597 852 121 22 bestämda
736 852 79 22 straff"
829 852 79 29 tillagt
920 852 72 22 orden

234 887 89 28 nSäsom
342 886 36 22 för
396 886 74 22 första
488 894 67 14 resan
582 887 110 28 rymning
712 887 52 21 från
782 886 123 29 tjensten*,
919 887 73 21 öfver-

231 920 135 25 lemnande
381 921 25 21 ät
429 920 175 23 vederbörande
631 923 35 20 att
692 921 77 22 införa
791 921 143 29 hänvisning
952 921 39 22 till

231 955 164 22 motsvarande
413 955 98 29 lagrum.

301 1025 46 21 Art.
369 1025 47 21 271.
436 1023 109 22 Artikeln
565 1023 48 22 366
626 1024 9 21 i
647 1024 175 29 Kejsardömets
835 1025 155 29 värnepligts-

232 1058 41 29 lag
300 1058 43 22 och
364 1059 35 21 1:a
417 1058 65 22 delen
503 1058 23 22 af
544 1059 13 26 8
579 1059 46 21 115
644 1059 9 21 i
670 1059 110 28 gällande
799 1059 76 22 finska
892 1059 40 29 lag
950 1063 40 18 äro

231 1095 86 20 nästan
343 1092 124 28 identiska,
494 1100 54 14 men
568 1092 113 22 Komitön
702 1093 42 22 har
761 1093 9 22 i
787 1093 114 29 förslaget
918 1093 72 22 infört

230 1129 43 20 art.
294 1127 48 21 366
362 1127 30 28 pä
410 1127 76 28 grund
504 1127 24 22 af
546 1126 51 23 dess
616 1129 74 20 större
707 1127 187 29 fullständighet.

299 1161 135 22 Detsamma
450 1161 76 29 gäller
544 1161 43 22 ock
606 1163 42 20 art.
663 1162 56 27 367,
736 1169 49 15 som
804 1164 129 20 motsvarar
952 1163 37 21 2:a

229 1195 69 22 delen
317 1195 22 22 af
358 1197 12 25 8
392 1196 56 21 115.

298 1229 55 22 Med
370 1229 92 30 hänsyn
481 1230 85 27 dertill,
580 1232 35 20 att
626 1230 9 21 i
647 1230 103 22 Finland
763 1231 52 22 icke
827 1231 76 22 finnas
915 1232 73 29 nägra

227 1264 207 29 militärfängelser
461 1265 93 26 (endast
580 1265 105 22 sakfälde
708 1265 118 22 officerare
849 1265 80 23 afsitta
947 1267 41 20 sitt

227 1299 69 21 straff
313 1299 8 21 i
339 1299 208 28 militärfängelse),
567 1301 35 20 att
621 1299 80 22 vidare
717 1299 173 29 fängelsestraff
902 1300 8 21 i
923 1300 65 22 civil-

227 1333 105 29 fängelse
359 1333 68 21 alltid
452 1333 90 21 afsittes
565 1333 4 21 i
587 1341 81 14 enrum
692 1333 44 22 och
757 1334 113 28 slutligen
889 1337 36 19 att
942 1334 45 22 den

227 1367 43 26 tid,
291 1375 48 14 som
357 1367 120 29 tillbragts
489 1368 9 20 i
509 1367 112 29 fängelse,
640 1368 52 21 icke
713 1368 139 22 medräknas
871 1368 8 22 i
892 1368 44 22 den
948 1369 39 22 ak-

225 1402 51 22 tiva
294 1401 157 29 tjenstetiden,
464 1401 43 23 har
518 1402 112 21 Komitön
648 1402 79 22 funnit
744 1402 84 29 nödigt
843 1404 36 20 att
893 1402 40 22 vid
942 1403 44 22 for-

225 1436 147 28 muleringen
396 1436 23 21 af
438 1438 42 19 art.
500 1436 47 21 271
568 1436 76 22 införa
662 1436 152 29 erforderliga
833 1436 127 29 ändringar
978 1438 8 21 i

225 1472 43 19 art.
288 1470 49 22 366
357 1470 23 22 af
399 1469 178 30 Kejsardömets
595 1470 45 29 lag.
