1111 1820
278 170 46 20 102

240 237 209 30 militiebudgeten,
475 239 96 22 emedan
589 239 67 21 dessa
674 247 109 20 personer
801 238 83 22 endast
902 237 67 23 träda
986 237 8 21 i

240 271 80 23 stället
336 273 35 21 för
389 273 29 21 de
437 273 135 22 nuvarande
590 273 272 29 krigskommissarierne.

309 307 51 22 Den
379 307 152 29 erforderliga
549 308 171 28 kontingenten
733 308 23 21 af
765 307 184 22 stabsofficerare
958 306 36 22 för

240 341 137 22 besättande
402 342 23 21 af
448 341 545 28 distriktsmilitärbefälhafvarebefattningarna

240 375 69 28 fylles
327 375 74 23 delvis
420 377 23 21 af
461 376 28 22 de
509 377 14 20 8
537 376 106 22 cheferne
653 377 36 21 för
699 377 28 21 de
737 377 76 22 finska
822 375 171 22 reservdistrik-

240 411 46 26 ten,
304 409 93 23 hvilkas
415 411 161 28 befattningar
593 411 51 21 med
663 411 134 22 införandet
809 411 23 21 af
846 411 52 21 vårt
907 417 86 14 reserv-

240 446 87 25 system
345 445 8 21 i
370 445 103 21 Finland
492 445 71 22 borde
581 445 116 29 indragas.

308 478 81 22 Under
407 479 67 22 dessa
491 480 195 28 förutsättningar
704 480 43 21 och
766 479 29 21 då
805 478 109 22 Komitén
927 485 66 14 anser

239 512 40 21 det
303 513 91 29 möjligt
416 514 43 21 och
477 514 197 29 ändamålsenligt
692 516 34 20 att
743 514 36 22 för
797 512 102 22 Finland
917 512 76 21 införa

239 554 86 15 samma
344 548 173 29 bestämningar
536 548 120 29 angående
674 548 96 22 förande
789 548 23 21 af
830 547 60 21 rulla
908 546 85 22 öfver
980 542 15 40 i

238 588 108 15 reserven
364 583 116 21 inskrifna
498 590 108 22 personer
616 583 7 21 i
633 583 65 29 lägre
708 582 43 22 och
761 581 155 29 officersgrad,
927 580 65 23 deras

238 616 136 22 inkallande
392 617 37 21 till
448 618 65 21 aktiv
531 618 72 28 tjenst
622 625 46 14 o.s.
678 626 29 18 v.,
726 625 48 14 som
793 616 75 22 finnas
878 615 115 29 intagna
979 611 18 39 i

238 650 175 29 Kejsardömets
435 652 44 29 lag,
498 652 43 21 har
558 652 111 22 Komitén
688 652 96 22 beslutit
803 653 35 20 att
856 651 8 21 i
881 650 112 29 förslaget

238 685 38 21 till
294 686 185 29 värnepligtslag
497 687 35 22 för
545 687 101 21 Finland
656 687 66 21 skola
732 687 88 21 införas
830 684 161 23 motsvarande

239 720 99 21 artiklar
355 721 8 21 i
381 721 106 28 kapitlen
505 721 66 28 XIII,
581 721 57 22 XIV
659 721 43 22 och
720 721 46 21 XV
785 720 24 21 af
819 719 173 30 Kejsardömets

238 753 146 30 författning,
404 755 83 22 endast
499 755 51 22 med
568 757 74 27 några
652 755 133 28 ändringar,
796 762 49 14 som
854 753 105 30 påkallas
969 753 22 22 at

237 787 29 22 de
284 789 79 22 lokala
380 789 176 23 förhållandena
575 790 7 21 i
600 789 108 22 Finland.

307 859 46 20 Art.
373 860 45 20 149.
456 859 69 21 Rulla
544 859 64 21 öfver
625 866 107 14 reserven
742 859 61 20 föres
814 857 7 21 i
830 857 161 28 Kejsardömet

236 891 24 21 af
278 892 262 22 militärbefälhafvaren
557 893 74 21 under
648 893 142 21 medverkan
809 892 23 20 af
849 891 89 29 polisen
949 890 42 22 och

236 925 290 30 bydistriktsstyrelserna;
554 928 8 20 i
586 927 101 21 Finland
711 927 142 21 förekomma
871 926 20 28 ej
911 925 80 28 dylika

236 960 117 28 styrelser,
371 962 31 28 på
419 962 77 28 grund
514 961 82 22 hvaraf
614 961 66 22 deras
702 960 125 30 åliggande
846 960 145 28 öfverflyttas

236 995 31 27 på
285 996 178 28 presterskapet.

306 1065 46 20 Art.
373 1066 50 19 150.
460 1064 110 22 Komiten
588 1064 42 21 har
649 1066 77 19 ansett
744 1062 94 29 möjligt
847 1064 35 20 att
891 1062 51 21 icke
952 1062 38 22 be-

234 1098 100 21 stämma
352 1105 28 14 en
400 1098 99 22 särskild
517 1098 193 29 samlingspunkt,
729 1100 58 19 utan
807 1096 142 22 öfverlämna
967 1097 24 21 åt

235 1136 180 18 reservmännen
435 1135 34 19 att
487 1133 51 21 från
556 1132 119 22 hemorten
694 1132 91 22 direkte
804 1131 90 21 infinna
906 1131 35 28 sig
950 1131 40 21 vid

234 1165 175 23 vederbörande
437 1170 75 26 trupp,
541 1168 73 20 såsom
638 1167 36 21 för
691 1165 147 23 närvarande
857 1169 25 17 är
900 1165 65 21 fallet
983 1165 8 21 i

234 1200 109 22 Finland.

304 1270 46 21 Art.
371 1272 46 19 154.
455 1270 11 20 1
484 1270 65 28 fråga
567 1277 37 14 om
623 1270 71 21 andra
705 1276 100 22 organer
815 1268 35 22 för
859 1268 46 21 den
913 1268 77 21 lokala

235 1302 219 23 administrationen
481 1304 42 22 har
549 1304 110 21 Komitén
686 1304 89 28 åsyftat
793 1302 196 28 hufvudsakligen

234 1338 180 28 presterskapet,
434 1338 105 22 länsmän
557 1338 42 22 och
615 1338 207 26 häradsskrifvare,
832 1336 80 22 hvilka
922 1336 68 22 äfven

234 1371 81 22 kunna
333 1372 50 21 föra
402 1372 139 22 alfabetiska
558 1372 175 29 förteckningar
745 1371 68 22 öfver
825 1377 116 22 personer,
951 1378 40 15 an-

234 1405 78 22 stälda
329 1406 40 21 vid
388 1414 113 20 reserven,
521 1409 59 19 samt
597 1406 107 22 meddela
715 1404 275 24 Distriktsmilitärbefäl-

232 1439 128 23 hafvarene
377 1448 138 22 noggranna
533 1441 118 29 uppgifter
662 1441 36 22 för
709 1440 100 22 förande
821 1440 23 22 af
856 1439 61 22 rulla
926 1439 64 23 öfver

232 1481 115 15 reserven.
384 1475 157 22 Erkännande
565 1476 97 22 sålunda
683 1474 209 29 nödvändigheten
911 1474 23 21 af
951 1474 39 22 he-
