1111 1786
816 150 30 21 33

124 216 171 23 steskrifvelser
314 216 42 22 och
375 216 141 28 handlingar
534 216 23 22 af
574 224 140 21 noggranna
733 217 43 21 och
794 218 8 20 i
821 217 62 22 stad-

125 251 46 29 gad
199 251 101 28 ordning
327 251 121 28 bestyrkta
476 251 199 28 öfversättningar
692 251 37 21 till
748 251 39 21 det
804 251 79 22 lokala

123 286 95 28 spräket
240 285 52 21 frän
316 284 100 22 nämnda
438 285 144 21 skrifvelsers
605 285 45 21 och
672 285 152 29 handlingars
846 293 37 21 ry-

123 320 43 21 ska
184 321 56 20 text.

332 397 8 19 I
360 399 35 18 art.
416 398 24 19 61
462 397 36 19 och
518 398 25 19 62
565 397 5 19 i
589 397 114 25 »förslaget»
718 397 120 25 framhälles,
854 400 29 17 att

262 426 140 25 inspektionen
419 428 52 17 samt
486 425 167 25 skriftväxlingen
665 426 37 19 och
711 426 128 25 bokföringen
850 426 34 19 vid

262 455 25 18 de
303 455 62 18 finska
383 456 109 23 trupperna
512 455 45 18 böra
573 454 120 19 verkställas
708 454 5 19 i
730 455 38 18 den
783 455 29 18 för
827 457 56 22 trup-

263 489 61 19 perna
340 483 5 18 i
361 483 149 24 Kejsaredömet
526 483 95 24 stadgade
637 483 94 24 ordning;
747 483 87 19 hvarhos
850 483 32 19 be-

263 511 97 20 träffande
375 511 166 25 skriftvexlingen
557 511 36 19 och
608 511 131 24 bokföringen
755 511 89 25 föresläs,
854 513 30 18 att

262 540 115 19 densamma
399 539 97 25 försiggär
517 539 26 26 pä
565 539 62 25 ryska
646 539 89 26 spräket,
753 539 60 26 jemte
828 540 55 19 med-
900 546 3 2 *

263 569 93 24 gifvande
371 570 30 17 att
416 568 30 19 till
462 568 121 23 skrifvelser,
600 574 43 13 som
661 568 25 25 gä
702 568 29 19 till
746 568 64 19 lokala
825 569 59 18 civila

265 597 54 23 verk,
338 597 89 24 bilägges
442 596 147 28 öfversättning
603 596 20 19 af
638 596 39 20 den
693 596 59 24 ryska
768 598 69 18 texten
853 596 30 20 till

264 626 24 18 de
310 625 63 19 lokala
392 624 92 26 språken.
514 625 146 19 Änvändandet
681 626 19 18 af
721 625 34 19 det
774 625 110 20 herskande

264 654 60 24 ryska
340 653 81 25 spräket
435 656 22 16 är
467 653 136 25 obligatoriskt
617 654 33 18 vid
661 654 25 18 de
697 654 63 18 finska
770 656 114 22 trupperna,

264 682 37 19 och
317 682 34 19 bör
366 682 123 19 fördenskull
505 682 44 19 hela
563 682 166 24 skriftvexlingen
739 682 5 18 i
756 682 128 25 tjensteären-

264 711 38 19 den
326 710 88 25 försiggä
436 710 26 25 pä
477 710 54 20 detta
547 710 69 25 spräk;
633 710 38 20 och
687 710 63 20 ehuru
766 710 40 20 den
821 710 64 20 finska

264 739 100 25 styrelsen
387 739 45 25 sjelf
451 740 30 18 för
501 739 122 19 närvarande
644 739 89 25 vidtager
748 739 93 25 ätgärder
856 739 30 19 för

264 768 62 24 ryska
341 767 92 25 spräkets
449 768 120 24 utbredning
584 768 59 18 äfven
659 768 54 18 inom
729 768 23 18 de
768 768 58 19 civila
842 774 42 12 ver-

265 796 43 25 ken,
323 796 56 19 torde
395 796 42 20 icke
447 796 47 19 dess
505 796 76 19 mindre
592 796 127 24 biläggandet
730 796 30 19 till
771 796 115 20 skrifvelser

264 825 38 19 och
321 825 120 24 handlingar
460 825 20 19 af
500 824 85 20 nämnda
603 824 170 25 öfversättningar
788 824 44 20 frän
847 824 38 20 den

264 854 62 24 ryska
346 855 69 17 texten
432 854 68 18 kunna
515 853 29 19 till
559 859 24 13 en
599 853 70 25 början
686 853 116 25 medgifvas.

334 882 32 25 (Se
380 882 78 24 Nädiga
473 882 132 24 kungörelsen
620 882 20 18 af
655 882 38 18 den
705 883 12 17 4
733 882 38 24 Maj
784 882 53 19 1841
849 882 37 19 och

264 911 39 18 den
328 911 11 18 9
358 910 94 19 Februari
476 911 60 18 1863.
565 903 28 26 Är
613 910 54 19 1890
684 910 121 24 kungjordes
821 910 66 25 äfven,

264 939 39 19 den
319 939 25 18 21
362 938 86 20 Oktober
463 939 38 18 och
516 939 38 19 den
566 939 23 18 11
602 938 119 25 November,
731 938 78 25 Nädiga
820 938 66 25 päbud

264 967 103 25 angäende
390 967 110 25 stipendier
524 967 21 19 ät
565 967 160 19 administrativa
745 967 120 24 tjenstemän
881 967 5 19 i

266 995 82 20 Finland
363 996 30 19 för
409 996 87 19 studium
513 996 19 19 af
545 995 60 25 ryska
617 995 82 25 spräket
709 996 6 19 i
726 995 160 25 Kejsaredömet).

335 1024 57 19 Emot
414 1024 126 19 redaktionen
558 1024 20 19 af
596 1026 36 17 art.
652 1025 26 18 62
700 1024 68 25 gjorde
783 1024 25 19 de
823 1024 64 19 finska

266 1055 186 23 representanterna
467 1053 152 24 invändningar,
635 1053 7 18 i
655 1053 34 19 det
702 1053 25 19 de
744 1053 97 24 föreslogo
858 1055 30 17 att

265 1081 21 20 ät
303 1081 159 20 befälhafvarene
477 1081 29 19 för
522 1081 23 19 de
556 1081 63 19 finska
631 1081 212 25 truppafdelningarna
853 1081 33 20 be-

267 1110 83 25 viljades
365 1111 41 18 rätt
421 1112 30 17 att
466 1110 68 24 afgöra
548 1109 25 26 pä
588 1109 77 20 hvilket
681 1111 20 18 af
715 1110 25 19 de
755 1109 65 20 lokala
831 1110 55 25 sprä-

266 1139 37 19 ken
328 1138 96 20 böckerna
445 1139 37 18 och
505 1138 168 25 skriftvexlingen
698 1139 33 18 vid
750 1138 60 25 sagda
826 1139 61 19 afdel-

267 1168 71 24 ningar
356 1167 65 19 skulle
440 1167 58 19 föras.
528 1167 28 19 De
579 1167 76 24 ansägo
677 1169 30 17 att
722 1167 38 19 den
776 1167 112 25 föreslagna

266 1196 96 24 åtgärden
381 1196 6 18 i
405 1196 101 18 anseende
526 1195 29 19 till
571 1195 62 24 ryska
648 1195 93 25 språkets
757 1195 131 25 otillräckliga

267 1224 120 25 utbredning
402 1224 5 19 i
424 1224 83 19 Finland
523 1230 45 13 vore
579 1224 81 24 omöjlig
672 1226 30 17 att
712 1224 114 24 genomföra
836 1226 52 17 samt

267 1254 29 17 att
310 1252 128 25 biläggandet
453 1253 20 18 af
488 1252 167 25 öfversättningar
671 1253 33 18 vid
720 1252 168 25 skriftvexlingen

267 1281 45 20 med
328 1281 25 19 de
368 1281 59 19 civila
443 1281 164 24 myndigheterna
622 1281 80 19 komme
717 1282 28 18 att
760 1281 5 18 i
776 1281 112 24 betydande

267 1310 48 25 grad
326 1310 37 19 öka
374 1309 124 20 kansliernas
508 1310 72 18 arbete.
593 1309 106 20 Komiténs
709 1310 63 24 öfriga
782 1309 108 20 ledamöter

266 1339 61 24 jemte
346 1339 131 19 ordföranden
497 1338 66 19 kunde
579 1338 42 19 icke
636 1338 81 19 ansluta
732 1338 31 25 sig
779 1338 30 19 till
823 1338 67 19 denna

267 1367 53 24 åsigt
339 1367 6 18 i
360 1367 130 19 betraktande
505 1367 25 24 af,
544 1369 30 16 att
590 1366 125 25 svårigheter
731 1367 67 18 kunna
814 1366 75 25 uppstå

269 1395 49 20 blott
326 1395 9 19 i
346 1395 68 26 början
426 1395 33 19 vid
469 1395 110 20 införandet
590 1395 20 19 af
620 1395 38 19 den
669 1395 112 25 föreslagna
788 1395 102 25 åtgärden,

268 1424 82 19 hvilken
368 1424 5 19 i
392 1424 37 19 och
447 1425 30 18 för
496 1424 30 25 sig
544 1424 36 19 bör
596 1424 93 19 befordra
705 1424 147 25 utbredningen
870 1423 20 20 af

268 1453 61 24 ryska
345 1452 81 25 språket
441 1453 53 19 inom
510 1453 25 18 de
550 1453 63 19 finska
628 1454 116 23 trupperna.

810 1491 10 17 3
