1109 1748
261 136 26 21 28

231 205 72 21 hvilka
323 204 37 21 vid
376 203 129 27 föregående
521 202 88 27 uppbåd
626 202 70 27 dragit
712 202 42 21 lott
770 203 57 21 inom
844 203 98 21 området
958 203 38 22 och

233 239 27 22 då
280 238 88 22 erhållit
383 237 97 27 uppskof
493 237 33 21 till
541 237 127 21 kommande
684 236 98 27 uppbåd;
800 237 38 21 och
854 237 26 27 C)
896 237 58 22 öfver
970 237 26 22 de

232 273 32 21 till
287 271 101 23 området
410 271 97 21 hörande
530 277 104 20 personer
648 271 7 20 i
671 270 183 27 uppbådsåldern,
871 271 71 22 hvilka
958 273 38 20 äro

232 307 102 21 anstälda
350 306 7 21 i
373 306 67 27 tjenst
456 305 71 21 såsom
542 305 104 26 frivillige,
663 304 109 22 äfvensom
788 305 60 22 öfver
859 305 54 27 dem,
924 305 72 22 hvilka

232 341 82 21 besöka
330 341 69 26 något
414 339 100 22 läroverk
530 341 55 19 samt
600 339 82 21 anmält
693 339 83 22 önskan
788 341 32 20 att
831 341 79 25 utgöra
920 341 77 20 värne-

232 375 83 28 pligten
332 375 72 21 såsom
420 373 98 27 frivillige
534 374 50 26 (art.
600 373 43 27 43).

303 434 51 18 Art.
372 433 32 18 91.
436 429 70 22 Sedan
522 430 223 22 Distriktsnämderna
760 431 104 28 uppgjort
878 431 118 26 längderna

233 466 33 21 för
282 466 76 27 hvarje
373 465 196 27 uppbådsområde,
585 465 93 20 insända
694 465 26 21 de
735 465 67 27 sagda
817 465 91 27 längder
920 471 76 21 genom

233 499 155 22 Länenämden
417 499 32 21 till
472 498 94 22 Senaten
590 499 39 20 och
652 499 235 27 Generalguvernören,
911 499 85 22 hvilken

234 541 50 21 eger
307 534 99 22 meddela
428 533 178 28 Krigsministern
629 533 85 27 uppgift
737 540 34 15 om
787 534 83 21 antalet
886 540 110 21 personer,

234 576 46 15 som
302 569 79 22 införts
400 569 7 20 i
425 568 73 27 hvarje
522 568 98 21 områdes
643 567 197 29 uppbådslängder,
860 569 66 27 jemte
949 569 48 21 hela

234 603 84 22 antalet
338 603 35 21 för
388 603 117 26 distriktet,
522 603 48 21 med
585 602 114 27 undantag
714 602 23 22 af
751 603 53 26 dem,
821 609 46 15 som
883 603 113 22 öfverförts

234 637 34 22 till
291 638 69 21 annat
382 637 87 21 område
485 636 51 22 eller
551 636 77 21 införts
644 637 7 20 i
666 636 212 28 fyllnadslängderna
892 637 18 21 B
926 637 39 21 och
981 637 16 21 C

234 673 52 26 (art.
303 673 37 26 90)
357 671 51 22 eller
424 671 39 22 ock
478 672 29 26 på
520 671 70 27 grund
602 671 22 21 af
634 672 40 20 art.
687 672 27 20 50
724 671 89 22 befriats
824 671 48 22 från
882 672 114 27 krigstjen-

234 708 54 20 sten.
321 705 105 28 Samtliga
449 705 63 22 dessa
536 705 109 27 uppgifter
668 705 60 22 skola
747 706 103 21 insändas
866 706 47 21 med
929 706 67 22 sådan

234 741 122 26 beräkning
379 740 23 21 af
423 740 67 26 tiden,
506 741 34 20 att
556 740 26 21 de
597 740 86 21 komma
698 740 178 27 Krigsministern
892 740 104 22 tillhanda

234 777 76 20 senast
326 775 41 21 den
385 776 9 19 1
412 775 46 27 (13)
474 774 50 22 Juli.

514 894 62 12 ANDRA
588 894 136 12 AFDELNINGEN,

404 946 37 18 Om
453 947 35 17 det
500 945 68 23 årliga
579 945 117 22 uppbådets
709 946 122 22 fördelning.

307 1012 50 18 Art.
382 1012 42 18 92.
456 1008 71 22 Sedan
546 1008 194 28 Krigsministeriet
756 1010 114 26 emottagit
886 1010 25 21 de
926 1010 7 21 i
949 1011 49 21 näst

236 1044 130 28 föregående
390 1044 78 21 artikel
488 1044 46 28 (91)
551 1044 129 21 omnämnda
696 1044 115 27 uppgifter,
827 1044 94 22 fördelar
936 1044 62 22 Mini-

236 1079 77 22 steriet
330 1078 40 22 den
387 1078 68 28 årliga
470 1078 158 27 kontingenten
644 1077 23 22 af
680 1078 130 27 uppbådade
824 1079 30 27 på
866 1078 63 22 länen
941 1079 57 21 iför-

236 1113 101 22 hållande
353 1113 32 21 till
401 1113 84 21 antalet
501 1112 23 22 af
538 1112 26 22 de
578 1113 8 21 i
600 1112 71 22 länets
682 1112 165 28 uppbådslängd
857 1112 85 22 införda
950 1120 48 21 per-

236 1155 71 20 soner,
332 1148 72 21 hvilka
426 1148 48 21 icke
497 1148 85 27 åtnjuta
606 1146 94 28 eftergift
722 1147 23 21 af
758 1147 68 22 första
841 1148 113 27 kategorin
970 1149 29 27 på

236 1183 72 27 grund
324 1182 23 22 af
357 1182 236 27 familjeförhållanden.
610 1182 145 27 Förteckning
766 1181 58 23 öfver
835 1183 57 21 årets
903 1183 95 27 uppbåd,

236 1217 109 23 fördeladt
360 1217 87 27 länsvis,
463 1216 109 23 meddelas
585 1216 228 27 Generalguvernören
824 1219 56 20 samt
890 1217 108 27 kungöres

237 1253 33 22 till
286 1253 77 22 allmän
379 1252 129 21 kännedom.

307 1307 51 18 Art.
378 1306 43 18 93.
452 1303 159 27 Fördelningen
631 1303 23 21 af
668 1303 40 21 den
724 1303 67 27 årliga
806 1303 156 28 kontingenten
978 1303 23 22 af

237 1338 131 29 uppbådade
390 1338 78 21 mellan
492 1338 117 21 områdena
624 1337 59 22 inom
697 1337 73 28 hvarje
785 1337 36 22 län
837 1338 125 21 verkställes
979 1337 23 22 af

238 1373 153 23 Länenämden
406 1373 7 20 i
428 1372 135 22 förhållande
579 1372 32 21 till
628 1372 82 21 antalet
722 1372 22 21 af
753 1373 26 21 de
793 1373 3 20 i
807 1372 127 22 områdenas
944 1379 55 20 upp-

237 1407 146 28 bådslängder
406 1408 51 27 (art.
481 1408 36 26 91)
533 1407 85 21 införda
637 1413 110 21 personer,
766 1407 72 21 hvilka
853 1407 46 21 icke
915 1407 85 28 åtnjuta

237 1442 96 28 eftergift
349 1441 23 22 af
384 1441 70 22 första
470 1441 114 28 kategorin
599 1442 29 26 på
644 1441 70 27 grund
730 1441 23 22 af
766 1441 233 28 familjeförhållanden.
