1111 1789
263 148 12 19 8

233 216 36 27 (m.
291 223 26 14 m.
341 219 5 18 I
370 217 38 22 och
428 219 22 26 2)
471 219 40 21 har
526 219 100 22 Komitén
642 220 46 21 icke
704 221 83 21 kunnat
803 221 50 27 ingå
868 222 7 21 i
890 222 100 27 pröfning

233 250 23 21 af
270 250 113 28 desamma,
400 253 88 21 emedan
505 253 26 22 de
547 254 69 21 strida
631 257 57 18 emot
704 255 39 21 den
760 255 92 28 uppgift,
869 262 46 15 som
930 257 7 20 i
946 256 43 22 Nå-

233 284 38 21 der
293 285 103 28 förelagts
418 287 100 22 Komitén
542 288 5 20 i
570 288 61 27 fråga
655 295 33 14 om
712 289 139 26 utjemnande
873 290 24 21 af
915 292 75 20 värne-

233 319 155 28 pligtstungan,
405 327 48 16 men
469 322 39 21 har
518 323 101 21 Komitén
630 323 65 21 likväl
705 323 133 22 beträffande
849 325 66 26 sagda
925 325 64 21 fram-

233 353 102 28 ställning
353 355 106 21 inhemtat
478 351 112 27 Öfversten
609 357 121 22 Borodkins
748 359 106 21 särskilda
869 359 119 27 skriftligen

233 387 102 22 affattade
358 389 129 22 bemötande
510 391 98 27 (Bilagan
630 391 40 22 N:o
689 393 29 26 3),
734 399 45 15 som
796 393 66 27 enligt
877 394 111 21 Komiténs

231 421 72 22 beslut
326 423 53 22 skall
402 424 96 27 biläggas
517 426 131 26 protokollet
664 427 70 21 såsom
749 427 34 21 vid
801 428 100 21 ärendets
917 428 71 21 vidare

231 456 130 29 behandling
376 459 136 22 användbart
527 460 103 22 material.

300 492 49 21 Med
372 492 153 23 föranledande
544 494 64 22 häraf
624 495 40 21 har
679 495 214 28 Generallöjtnanten
909 496 79 22 Schau-

232 532 49 15 man
297 527 125 27 ytterligare
437 528 105 22 inlemnat
557 529 78 22 härhos
650 530 87 27 bilagda
754 532 159 21 reservationer
923 532 66 27 (Bila-

231 566 69 21 gorna
322 561 56 22 N:ris
395 565 12 18 4
423 563 40 21 och
482 564 28 26 5),
528 563 22 21 af
563 564 71 21 hvilka
650 564 41 22 den
707 571 40 15 ena
763 565 112 22 omfattats
891 566 60 21 äfven
968 566 23 21 af

232 590 111 27 Öfversten
360 596 78 22 Antell.
469 598 69 21 Dessa
553 599 163 26 reservationer,
733 605 44 15 som
794 600 46 21 icke
857 600 132 22 omedelbart

232 629 91 22 hänföra
346 631 32 27 sig
401 632 31 20 till
455 628 151 26 förevarande
619 633 67 27 fråga,
702 634 39 21 har
756 634 100 22 Komit6n
873 635 46 21 icke
934 642 55 20 upp-

232 664 57 27 tagit
305 665 31 21 till
351 666 107 27 pröfning.

87 767 33 17 Den
139 766 84 18 finansiela
299 768 60 22 Härä
382 768 107 28 öfvergick
512 770 108 27 Komitön,
644 772 66 26 enligt
726 771 161 22 Ordförandens
902 772 86 27 förslag,

94 795 128 17 militärdördan.
230 802 33 21 t;]]
285 802 101 28 pröfning
409 803 23 21 af
448 806 120 25 utvägarna
583 804 33 22 för
632 806 137 26 utjemnande
785 806 23 21 af
821 806 40 21 den
877 806 111 22 finansiela

230 836 163 22 militärbördan
409 838 7 20 i
432 838 91 22 Finland
540 839 37 21 och
593 839 6 21 i
615 839 169 27 Kejsaredömet.
815 840 10 21 I
841 840 78 22 sädant
934 840 55 27 syfte

231 873 110 25 upptogos
355 872 77 22 främst
447 873 32 21 till
495 874 133 27 granskning
644 874 25 22 de
685 875 36 21 två
736 874 87 28 förslag,
839 874 71 22 hvilka
925 874 64 22 fram-

231 906 64 21 stälts
319 906 23 21 af
362 906 106 28 Komiten,
492 914 45 15 som
552 908 112 21 utarbetat
680 908 40 22 den
737 915 41 21 nya
794 908 194 28 värnepligtslagen

233 939 34 21 för
282 940 98 22 Finland.
411 941 42 21 Det
469 948 39 15 ena
524 942 102 27 förslaget
641 942 61 27 afsäg
717 944 33 20 att
765 942 34 22 för
813 942 92 22 Finland
921 943 69 21 skulle

230 974 122 22 fastställas
367 981 82 16 samma
465 976 223 27 procentförhällande
704 976 88 22 emellan
810 976 25 22 de
851 976 93 22 militära
955 978 34 20 ut-

231 1008 93 27 gifterna
345 1010 38 20 och
402 1016 97 16 summan
520 1010 23 22 af
555 1010 85 22 landets
657 1010 108 22 allmänna
780 1010 96 28 utgifter,
893 1017 44 15 som
953 1011 37 21 det

227 1040 8 20 i
253 1043 165 27 Kejsaredömet
440 1045 106 27 gällande,
569 1046 75 20 medan
669 1045 67 27 enligt
751 1046 37 20 det
804 1046 69 20 andra
887 1044 102 28 förslaget

230 1078 72 21 säsom
328 1079 71 26 grund
423 1079 34 21 för
480 1080 40 20 den
543 1079 111 22 finansiela
678 1080 174 21 militärbördans
871 1080 119 27 utjemning

232 1112 68 22 borde
315 1115 91 25 antagas
417 1115 33 20 ett
460 1113 42 21 lika
513 1116 56 19 stort
579 1114 78 27 belopp
670 1114 93 22 militära
773 1114 89 27 utgifter
873 1114 33 21 för
917 1114 72 27 hvarje

231 1152 79 21 person
327 1147 23 21 af
362 1147 151 28 befolkningen
529 1148 6 21 i
551 1148 90 21 Finland
658 1148 39 22 och
711 1149 7 20 i
734 1148 169 28 Kejsaredömet.

299 1180 139 23 Beträffande
454 1182 36 21 det
505 1182 150 22 förstnämnda
671 1184 67 20 sättet
753 1182 40 21 har
803 1182 100 22 Komit6n
914 1182 76 22 främst

231 1215 57 27 tagit
303 1216 6 20 i
325 1216 163 21 skärskädande
510 1216 102 27 förslaget
636 1218 33 20 att
691 1216 34 22 för
747 1216 91 22 Finland
854 1216 69 22 skulle
938 1216 52 22 fast-

231 1250 76 21 ställas
326 1256 82 15 samma
426 1250 226 27 procentförhällande
671 1251 88 21 emellan
776 1251 26 21 de
817 1251 94 21 militära
926 1251 64 27 utgif-

231 1286 64 19 terna
311 1284 39 21 och
365 1290 99 16 summan
480 1285 23 21 af
516 1285 85 21 landets
618 1285 107 21 allmänna
741 1285 96 27 utgifter,
854 1292 46 14 som
911 1287 25 19 är
946 1286 44 26 gäl-

230 1318 65 21 lande
310 1318 6 21 i
332 1318 170 28 Kejsaredömet,
526 1319 38 21 och
587 1319 40 21 har
642 1320 101 20 Komiten
764 1320 71 20 funnit
852 1321 33 19 att
901 1320 31 20 ett
947 1319 44 21 lika

230 1352 226 27 procentförhällande
480 1354 89 20 emellan
589 1354 119 26 utgifterna
730 1353 33 21 för
782 1354 94 20 militära
891 1354 100 20 ändamäl

231 1387 40 21 och
294 1387 155 21 totalsumman
474 1388 22 21 af
518 1388 117 27 utgifterna
652 1388 77 21 endast
744 1388 7 21 i
767 1388 40 21 den
831 1388 102 21 händelse
948 1388 42 21 kan

230 1421 61 27 tjena
307 1422 69 20 såsom
393 1422 119 22 måttstock
527 1422 33 21 för
575 1422 138 27 utjemnande
728 1422 23 22 af
765 1422 40 21 den
815 1422 113 22 tinansiela
938 1422 53 21 mili-

228 1455 127 27 tärbördan,
379 1458 33 19 att
435 1458 84 20 statens
535 1456 150 28 finanssystem
704 1457 38 21 och
758 1457 27 21 de
801 1457 108 21 allmänna
924 1458 66 20 stats-
