1111 1770
811 166 30 21 41

121 234 144 29 anställning
283 235 8 20 i
309 234 76 22 finska
403 237 89 19 statens
511 235 78 28 tjenst,
602 235 43 21 och
662 235 88 21 således
767 235 52 21 icke
831 235 47 21 kan

120 269 70 22 hafva
209 269 36 21 sin
263 269 61 28 plats
343 269 93 22 utanför
453 269 180 29 grundlagarne.

189 303 71 22 Hvad
279 305 13 25 8
312 303 46 22 121
379 304 80 27 angår,
478 303 67 22 torde
561 304 39 21 det
612 304 52 21 icke
677 304 80 21 kunna
769 303 109 22 förnekas

121 340 35 19 att
183 345 29 14 en
239 337 72 22 sådan
337 338 154 28 bestämning,
511 345 48 14 som
578 338 45 21 den
642 337 145 23 beträffande
806 337 72 22 maxi-

120 372 123 21 miantalet
260 372 116 29 krigsfolk
394 372 75 22 under
486 373 105 27 fredstid,
610 373 93 21 kräfver
721 373 52 28 fyra
792 371 86 22 Stånds

120 407 83 27 beslut,
222 410 55 18 enär
301 407 81 28 anslag
401 407 44 21 och
463 407 130 28 bevillning
612 408 35 21 för
665 406 213 23 försvarsväsendet

120 441 146 28 väsentligen
289 441 108 29 betingas
419 441 23 21 af
461 444 137 26 truppernas
617 445 112 18 numerär.
766 441 112 28 Paragra-

120 475 50 21 fens
189 475 76 29 öfriga
283 475 104 22 innehåll
405 476 49 21 åter
473 480 25 17 är
517 476 23 21 af
558 476 39 21 det
616 476 50 29 slag
684 476 44 21 och
746 476 23 21 af
782 476 44 21 den
839 476 38 20 be-

120 509 96 29 tydelse,
244 507 34 24 att
306 509 131 23 Ständerna
464 510 51 22 icke
543 510 90 22 kunnat
661 512 71 20 annat
757 514 30 18 än
805 509 72 23 bland

119 544 305 28 grundlagsföreskrifterna
442 547 105 26 upptaga
566 545 138 22 densamma.

188 578 116 29 Tydliger
323 586 68 21 synes
410 579 65 21 detta
493 580 85 28 jemväl
596 580 57 21 böra
672 587 55 13 vara
745 579 67 21 fallet
824 578 53 22 med

121 614 12 25 $
154 613 54 27 122,
227 615 27 26 ty
272 613 38 21 det
328 614 47 21 kan
393 614 40 21 väl
451 614 117 29 knappast
586 614 8 21 i
612 614 66 29 fråga
695 614 92 21 komma
800 616 34 19 att
846 614 30 28 på

121 655 76 14 annan
224 651 47 26 väg
298 652 28 17 än
351 648 98 21 medelst
470 649 178 28 grundlagsbud
666 649 83 28 stadga
767 649 8 21 i
794 648 83 22 sådant

121 686 72 24 ämne,
212 689 50 14 som
289 683 119 28 angående
427 683 134 28 Regentens
581 683 43 22 och
644 683 141 22 Ständernas
803 683 73 21 finan-

121 717 57 21 siela
195 717 147 28 befogenhet.

189 751 70 22 Hvad
286 752 73 28 angår
382 753 13 25 $
419 752 46 21 119
489 752 8 21 i
516 752 45 21 den
580 752 23 21 af
622 752 131 21 Ständerna
773 754 103 27 antagna

120 786 222 29 värnepligtslagen,
361 786 98 21 innebär
478 787 39 21 väl
535 786 71 22 andra
624 789 125 19 momentet
768 786 23 22 af
804 785 72 29 sagda

120 820 109 28 paragraf
256 828 28 13 en
312 821 113 21 afvikelse
443 821 52 22 från
513 821 149 21 föreskriften
680 821 9 21 i
707 822 13 25 $
741 821 30 21 10
790 821 23 21 af
832 821 44 21 Re-

119 855 187 28 geringsformen
325 858 59 18 samt
404 856 11 20 1
436 855 107 29 punkten
561 855 8 22 i
587 855 139 29 Förenings-
739 855 42 22 och
795 855 82 22 Säker-

120 888 124 22 hetsakten
264 889 84 27 derom,
367 891 35 19 att
419 889 83 22 endast
518 889 119 22 inhemske
649 893 53 18 män
716 890 36 21 må
764 890 8 20 i
785 889 91 21 landets

123 923 168 29 beställningar
318 924 126 27 användas,
463 924 38 21 till
519 924 59 28 följd
596 924 82 22 hvaraf
696 924 45 21 alla
761 924 115 21 Ståndens

121 958 173 28 samstämmiga
321 958 76 21 beslut
416 958 119 22 befunnits
553 958 148 29 erforderligt
719 959 36 21 för
772 958 105 29 godkän-

120 992 76 21 nande
225 992 23 22 af
270 992 76 22 denna
364 993 119 28 paragraf;
504 993 60 21 dock
582 1000 54 14 anse
656 993 130 21 Ständerna
805 992 44 22 den
868 993 8 20 i

120 1026 70 28 sagde
208 1034 68 14 mom.
295 1027 114 28 ingående
428 1027 148 29 bestämning
594 1035 56 14 vara
664 1028 22 21 af
699 1027 71 22 sådan
783 1027 93 22 beskaf-

120 1060 85 28 fenhet,
229 1063 35 19 att
292 1062 81 28 sjelfva
392 1062 139 28 paragrafen
550 1062 51 21 icke
620 1062 42 22 bör
680 1062 109 28 tilläggas
809 1069 67 21 egen-

119 1095 58 29 skap
196 1095 23 22 af
237 1096 265 28 grundlagsstadgande.

188 1130 51 21 Den
267 1130 35 21 för
328 1130 179 29 ifrågavarande
530 1131 140 29 författning
688 1130 132 29 föreslagna
838 1130 38 22 be-

119 1164 145 29 nämningen
284 1164 108 29 ,stadga*
412 1165 64 21 finna
505 1165 131 22 Ständerna
653 1165 89 21 mindre
761 1165 115 29 egentligt

118 1199 110 27 uttrycka
261 1199 181 29 författningens
473 1202 62 20 rätta
561 1200 117 22 karaktär.
717 1200 11 21 I
755 1199 121 29 uttrycket

121 1232 109 29 nstadga*
250 1233 76 29 ligger
344 1234 117 28 nemligen
479 1234 75 28 enligt
571 1235 42 21 vär
631 1234 160 29 lagstiftnings
809 1233 66 22 häfd-

117 1274 81 15 vunna
224 1268 149 29 terminologi
400 1268 128 29 begreppet
551 1269 23 21 af
592 1269 206 28 reglementariska
816 1268 59 22 före-

118 1302 100 27 skrifter,
244 1302 92 22 hvilkas
364 1302 140 22 utfärdande
531 1303 49 21 ofta
598 1303 74 21 delvis
691 1303 56 21 eller
764 1303 49 21 helt
832 1302 43 22 och

117 1335 74 22 hållet
220 1337 58 20 stått
299 1337 130 21 oberoende
448 1337 23 21 af
491 1337 143 22 Ständernas
652 1337 143 22 samverkan.
831 1336 43 21 Att

117 1370 84 29 utbyta
228 1370 77 22 denna
330 1371 142 29 benämning
490 1374 48 19 mot
558 1371 161 29 ,förordning*
739 1379 68 21 synes
826 1372 49 21 åter

117 1404 89 22 mindre
234 1405 114 29 lämpligt,
368 1406 23 21 af
409 1406 51 21 skäl
479 1408 35 20 att
532 1406 52 22 med
602 1406 66 22 detta
687 1406 40 22 ord
745 1406 129 22 merendels

120 1440 124 21 betecknas
262 1440 279 29 lagstiftningsåtgärder,
554 1440 80 22 hvilka
648 1441 46 21 afse
708 1441 99 28 ändring
819 1440 56 22 eller

116 1474 166 28 upphäfvande
301 1474 23 22 af
342 1474 107 22 enskilda
466 1474 65 22 delar
544 1475 22 21 af
578 1475 124 21 bestående
713 1475 160 21 rättsinstitut.
