1109 1778
809 155 32 22 59

188 225 46 20 Art.
254 225 41 20 114.
333 223 150 21 Beträffande
509 223 210 20 reservofficerares
747 224 130 27 temporära

118 257 231 28 tillkommendering
371 257 38 21 till
430 259 127 26 trupperna
579 256 74 21 under
671 256 127 29 lägermöte
817 257 60 21 iakt-

119 295 66 26 tagas
205 292 27 21 de
254 292 8 21 i
281 293 41 20 art.
343 291 134 21 786—794
497 291 62 21 band
577 291 46 21 VII
641 291 23 21 af
683 291 48 21 Mil.
748 291 51 21 förf.
812 291 63 22 saml.

120 327 22 21 af
156 327 25 20 är
196 326 63 21 1869
273 325 112 29 stadgade
395 325 81 28 regler,
492 325 100 22 hvarhos
605 325 35 27 de,
653 332 50 14 som
717 325 72 22 önska
803 325 73 22 blifva

119 359 237 27 tillkommenderade,
375 359 103 21 inlemna
496 359 103 28 skriftlig
617 359 109 21 anmälan
745 358 78 23 derom
840 359 36 22 till

119 393 397 23 Distriktsmilitärbefälhafvarene.

189 463 46 20 Art.
255 464 44 19 115.
338 458 201 25 OÖfverofficerares
561 461 40 21 vid
624 468 108 15 reserven
753 461 124 22 befordran

120 497 36 20 till
183 496 72 28 högre
278 495 65 29 grad,
371 495 46 22 alla
444 495 209 22 reservofficerares
673 495 151 29 ansvarighet
841 495 36 22 för

119 531 129 21 uraktlätet
269 530 154 28 uppfyllande
445 530 22 21 af
485 529 67 22 deras
571 529 143 29 åligganden
732 529 145 22 beträffande

120 565 206 26 militärväsendet,
346 565 118 20 äfvensom
483 563 165 29 entledigande
668 564 44 21 och
729 564 148 22 uteslutande

119 607 27 13 ur
165 607 106 14 reserven
290 606 55 21 eger
362 606 51 14 rum
432 599 75 28 enligt
525 598 29 21 de
572 599 8 20 i
599 600 42 20 art.
662 599 133 20 795--831
814 599 63 22 band

119 634 46 21 VII
183 634 22 21 af
223 633 48 22 Mil.
291 633 50 21 förf.
361 633 63 21 saml.
444 633 23 22 af
485 634 26 20 är
526 633 63 21 1869
604 633 97 28 angifna
713 633 82 28 regler,
808 633 68 22 hvar-

119 669 40 20 vid
187 668 48 27 allt,
261 675 48 14 som
330 668 8 20 i
356 667 102 22 nämnda
477 667 75 28 regler
571 667 84 21 hänför
674 667 36 29 sig
728 667 37 21 till
783 667 94 22 härads-

119 702 278 22 militärbefälhafvarene
423 702 7 20 i
455 701 182 29 Kejsaredömet,
664 701 143 22 omedelbart
831 702 46 21 till

119 737 88 29 lämpas
226 738 13 20 &
257 736 395 21 Distriktsmilitärbefälhafvarene.

325 810 8 18 I
351 811 36 17 art.
406 810 111 18 108—115
533 809 5 19 i
554 809 114 25 »förslaget»
683 809 91 25 angifves
790 809 87 25 tillämp-

258 838 75 24 ningen
348 838 20 18 af
383 838 24 19 de
423 838 99 19 allmänna
539 838 90 24 reglerna
645 838 104 24 angäende
765 838 33 18 vid
813 843 63 14 reser-

257 873 38 13 ven
310 866 89 20 anstälde
416 872 94 19 personer
527 866 20 19 af
562 866 128 25 officersgrad
703 866 74 26 jemväl
787 866 12 19 ä
809 866 67 25 dylika

257 901 95 19 personer
369 895 32 19 vid
417 895 24 19 de
457 895 64 19 finska
533 897 119 23 truppernas
665 901 74 13 reserv.

384 1005 71 19 Fjerde
469 1004 143 20 afdelningen.

120 1061 147 27 Entiedigande
286 1067 24 15 ur
327 1061 99 27 tjensten,
446 1060 123 27 handlingar
587 1060 92 22 rörande
699 1060 176 28 tjensteställning

223 1101 56 22 samt
294 1101 25 21 de
335 1100 5 22 i
355 1101 67 27 tjenst
438 1100 97 22 anstälde
551 1100 40 22 och
607 1101 64 22 deras
686 1100 91 29 familjer

345 1140 155 23 tillkommande
516 1140 132 27 rättigheter.

188 1220 47 20 Art.
255 1220 43 19 116.
335 1217 130 29 Angående
493 1218 164 29 entledigande
681 1227 28 13 ur
731 1219 102 28 tjensten
855 1219 22 21 af

120 1253 137 21 underbefäl
279 1252 43 22 och
344 1253 113 28 manskap
482 1253 59 21 efter
561 1253 89 28 uttjent
668 1253 123 30 tjenstetid
809 1253 42 22 och
870 1253 8 22 i

120 1287 58 29 följd
203 1287 24 22 af
253 1287 138 28 oduglighet
417 1287 37 21 till
479 1288 163 28 tjenstgöring,
668 1287 165 29 entledigande
855 1287 23 22 af

120 1321 118 22 officerare
261 1321 43 22 och
329 1321 68 22 civile
422 1322 148 28 tjenstemän,
594 1322 65 22 säväl
682 1323 30 28 pä
734 1322 66 21 deras
819 1330 58 21 egen

122 1356 99 29 begäran
246 1364 48 14 som
313 1356 69 22 äfven
401 1356 131 21 oberoende
551 1357 23 21 af
592 1357 67 21 deras
679 1357 96 27 önskan,
793 1357 86 21 iaktta-

120 1391 76 28 gande
216 1391 23 22 af
256 1391 107 22 vilkoren
383 1390 42 22 och
442 1391 131 28 ordningen
585 1391 36 21 för
634 1391 67 22 deras
714 1391 164 29 entledigande

120 1427 60 19 samt
203 1424 149 22 utlemnande
375 1425 23 21 af
418 1424 143 29 handlingar
579 1425 43 21 och
640 1425 65 22 bevis
724 1425 65 22 öfver
807 1425 72 29 sagda

120 1466 120 22 personers
273 1459 200 29 —tjensteställning
503 1460 118 21 äfvensom
652 1460 174 22 bestämmande
856 1460 23 22 af
