1114 1734
837 116 12 20 9

189 186 50 18 Art.
254 185 33 18 31.
310 183 81 22 Minsta
401 183 146 27 längdmåttet
557 182 34 22 för
601 184 124 26 antagande
735 184 7 20 i
752 184 128 26 krigstjenst

119 217 55 21 efter
196 217 94 27 lottning
314 219 64 25 utgör
393 219 13 19 2
423 217 84 22 arschin
523 218 49 26 21/,
587 218 104 21 verschok
707 218 71 27 (1,534
796 217 82 27 meter).

119 252 146 26 Förteckning
281 252 59 21 öfver
355 252 127 27 kroppsliga
497 252 79 21 brister
592 252 38 21 och
646 252 131 27 sjukdomar,
789 258 46 16 som
845 253 35 20 ut-

119 288 55 25 göra
189 286 76 22 hinder
280 286 33 21 för
329 286 123 27 antagande
467 287 7 21 i
489 287 73 27 tjenst,
580 286 108 22 äfvensom
703 286 134 22 instruktion
847 286 33 22 för

120 320 242 28 uppbådsnämnderna,
385 320 135 22 beträffande
542 320 150 28 besigtningen
717 320 22 22 af
759 321 55 27 dem,
834 326 46 16 som

120 355 82 25 uttagit
217 355 49 26 lott,
282 354 98 22 utfärdas
396 354 24 22 af
433 355 94 21 Senaten
544 355 53 21 efter
613 355 129 27 föregående
758 355 100 27 pröfning
873 354 7 22 i

120 389 86 22 landets
228 389 212 27 Medicinalstyrelse,
465 390 54 21 dock
535 390 76 21 endast
627 389 48 21 med
691 389 189 27 Krigsministerns

120 424 166 26 godkännande.

191 472 51 18 Art.
258 471 42 18 32.
331 469 171 27 Emottagandet
517 470 7 20 i
540 469 66 28 tjenst
622 470 128 27 uppskjutes
766 470 29 27 på
810 471 32 20 ett
858 469 24 21 år

121 503 33 22 för
177 510 111 21 personer,
311 503 72 22 hvilka
405 504 47 21 icke
467 505 96 26 uppnått
578 504 38 21 full
631 504 113 27 kroppslig
759 504 122 27 utveckling

122 537 52 22 eller
196 538 44 21 lida
259 538 23 21 af
295 538 105 27 sjukdom,
416 545 46 15 som
479 539 18 27 ej
513 540 66 25 utgör
593 539 47 21 skäl
657 538 32 21 till
704 538 127 27 fullständig
845 538 36 21 be-

121 572 73 22 frielse
208 573 48 21 från
272 573 132 28 krigstjenst,
422 573 51 22 eller
488 573 72 21 hvilka
573 575 58 20 ännu
641 573 47 22 icke
699 573 125 22 återvunnit
834 573 48 21 sina

122 607 83 22 krafter
220 607 54 22 efter
284 614 50 21 nyss
346 608 151 21 öfverstånden
509 608 105 27 sjukdom.
637 607 102 22 Befinnas
749 608 64 21 dessa
824 609 58 20 ännu

123 641 54 21 efter
193 642 67 27 sagda
275 642 43 21 tids
333 642 85 27 förlopp
434 648 53 15 vara
501 642 31 21 till
543 642 47 21 sina
601 641 82 22 krafter
694 648 71 21 svaga,
778 641 104 22 anställas

123 676 26 21 de
164 677 8 20 i
188 677 66 26 tjenst
270 676 92 27 följande
378 677 31 26 år,
425 677 7 20 i
447 677 103 21 händelse
566 677 25 21 de
608 677 27 20 då
650 676 87 27 pröfvas
748 683 52 14 vara
812 675 70 22 dertill

123 711 96 27 duglige;
235 711 7 21 i
258 713 92 20 motsatt
368 711 37 22 fall
423 712 115 21 inskrifvas
557 712 26 21 de
598 712 35 21 vid
649 711 144 27 landtvärnet,
812 711 70 22 derest

123 745 27 22 de
173 747 38 26 (på
226 746 70 27 grund
312 746 23 21 af
348 747 58 26 yttre
421 746 124 27 utseendet)
561 752 63 15 anses
639 745 125 28 vapenföra,
780 746 52 21 eller
846 745 36 22 be-

122 780 54 22 frias
191 780 48 21 från
255 781 126 26 krigstjenst
396 780 34 22 för
445 781 68 26 alltid,
530 787 33 15 om
580 781 25 21 de
622 782 37 19 äro
676 780 114 27 olämpliga
805 779 77 22 dertill.

400 883 62 12 ANDRA
475 883 135 12 AFDELNINGEN.

223 924 36 17 Om
271 924 119 22 eftergifter
402 923 27 22 på
440 926 69 20 grund
521 924 24 18 af
555 924 229 22 familjeförhållanden.

195 978 50 18 Art.
262 978 42 18 33.
327 976 49 21 Med
392 976 101 22 afseende
504 977 12 20 å
527 976 226 28 familjeförhållanden
764 976 120 22 fastställas

125 1011 34 20 tre
174 1010 124 27 kategorier
314 1010 22 22 af
350 1010 129 28 eftergifter:

195 1046 20 19 1.
246 1045 80 21 Första
342 1045 122 27 kategorin:
481 1046 21 26 a)
518 1045 33 21 för
566 1046 54 20 ende
637 1045 118 21 arbetsföre
771 1051 67 15 sonen
852 1044 33 21 till

124 1079 48 21 icke
195 1079 107 21 arbetsför
319 1079 61 21 fader
395 1079 51 21 eller
462 1080 66 26 enka;
545 1080 22 26 b)
583 1080 33 21 för
631 1080 55 21 ende
702 1079 119 22 arbetsföre
836 1079 49 21 bro-

125 1113 53 22 dern
202 1114 33 20 till
254 1115 32 19 ett
302 1114 50 21 eller
367 1114 51 21 flere
434 1114 71 22 fader-
521 1114 38 22 och
575 1114 120 22 moderlösa
711 1114 89 26 syskon;
818 1115 18 25 c)
852 1113 33 21 för

125 1147 55 21 ende
196 1148 119 21 arbetsföre
331 1154 49 16 son-
391 1148 51 22 eller
453 1149 145 25 dottersonen,
611 1149 38 21 der
659 1148 100 27 farfader,
770 1148 114 26 morfader,

124 1180 110 24 farmoder
257 1182 51 22 eller
331 1183 121 21 mormoder
475 1183 47 21 icke
544 1182 64 22 hafva
625 1183 71 27 någon
713 1182 107 22 arbetsför
835 1188 49 19 son;

126 1217 22 27 d)
164 1216 34 22 för
214 1217 52 21 ende
282 1223 67 15 sonen
364 1217 7 21 i
388 1223 24 15 en
429 1217 74 27 familj,
520 1217 60 22 äfven
597 1224 33 15 om
645 1217 76 21 fadern
738 1218 24 20 är
772 1216 113 26 arbetsför,

126 1252 39 20 och
182 1252 20 26 e)
218 1251 33 21 för
267 1252 66 21 oäkta
348 1258 46 20 son,
410 1258 46 15 som
471 1252 103 27 försörjer
590 1252 79 26 moder,
686 1251 85 21 hvilken
787 1251 46 21 icke
846 1250 40 21 har

126 1291 73 16 annan
223 1286 107 21 arbetsför
352 1292 45 20 son,
422 1286 51 21 eller
497 1288 70 25 syster
589 1286 51 21 eller
663 1286 40 21 ock
717 1286 47 21 icke
780 1284 107 22 arbetsför

125 1319 86 22 broder.

195 1355 21 20 2.
248 1355 78 20 Andra
342 1355 121 28 kategorin:
479 1355 34 21 för
528 1355 53 21 ende
598 1354 119 22 arbetsföre
732 1361 67 14 sonen
810 1354 39 21 hos
860 1359 27 15 en

126 1388 103 23 likaledes
253 1389 107 22 arbetsför
382 1389 60 22 fader
466 1390 39 21 och
528 1396 26 15 en
574 1389 50 22 eller
639 1388 51 22 flere
706 1389 46 20 icke
768 1387 120 22 arbetsföre

126 1423 86 22 bröder.
