1109 1786
262 160 13 22 6

227 229 58 29 »Det
311 237 56 14 vore
394 229 125 30 bedröfligt
537 238 37 14 om
596 230 132 29 ungdomen
747 229 102 22 utfördes
868 229 37 21 till
923 228 59 23 strid

225 264 36 21 för
289 263 106 23 ändamål
422 272 49 14 som
496 264 44 22 den
563 265 52 21 icke
633 265 95 27 känner,
749 264 42 22 och
810 266 61 20 emot
889 263 92 27 fiender,

225 298 92 21 hvilkas
345 299 157 28 fientligheter
527 299 45 21 den
597 299 52 21 icke
667 299 72 21 heller
757 298 110 22 känner”.
905 297 76 22 Sådan

225 340 43 14 var
286 340 104 21 pressens
409 333 8 21 i
434 333 81 21 landet
533 334 67 28 åsigt.

295 366 89 23 Genom
411 370 35 19 att
473 368 66 28 gifva
565 368 225 28 värnepligtslagens
815 368 13 26 $
854 368 11 20 1
886 365 96 23 anförda

225 401 89 29 lydelse
333 402 122 28 uppnådde
475 402 126 22 ständerna
618 403 29 27 på
661 403 92 28 engång
766 405 85 20 tvenne
865 400 116 23 ändamål:

227 436 13 21 å
259 444 44 14 ena
321 436 67 22 sidan
406 436 114 22 bevarade
539 436 28 22 de
585 444 84 21 genom
682 438 35 20 att
728 437 76 21 införa
817 436 65 22 ordet
896 436 86 28 ,fäder-

226 470 137 22 neslandet*
375 470 20 30 *)
423 471 162 29 lagförslagets
611 471 71 29 ryska
706 471 65 27 form,
798 471 43 21 och
869 471 13 21 å
910 470 72 22 andra

226 505 68 21 sidan
312 505 111 21 bereddes
442 506 106 21 finnarne
567 505 122 29 möjlighet
707 508 35 19 att
758 506 35 21 uti
805 504 176 30 ifrågavarande

226 540 111 29 paragraf
354 540 96 29 inlägga
469 540 44 21 den
531 540 126 29 betydelse,
678 542 34 19 att
725 540 164 29 värnepligten
901 539 81 21 införts

226 574 83 21 endast
327 575 34 21 för
379 575 92 21 landets
489 583 60 20 egna
567 575 84 28 syften.
679 575 238 29 Landtdagsmannen
935 573 47 28 Ny-

227 608 52 22 bom
308 609 55 21 fann
393 612 48 26 att
468 609 39 21 det
531 616 42 15 var
593 610 8 20 i
620 609 46 28 hög
684 609 57 29 grad
761 609 107 29 politiskt
886 611 35 19 att
938 607 44 22 den

227 643 70 28 ryska
315 644 90 21 formen
423 644 141 27 bibehållits,
583 651 52 14 men
654 644 82 28 gifvits
755 646 34 19 ett
807 643 111 27 innehåll,
935 650 47 14 som

228 678 77 21 kunde
333 678 116 28 tillämpas
474 678 13 21 å
508 678 75 22 finska
601 678 182 22 förhållanden".
819 678 37 21 En
875 677 108 28 tolkning

228 712 23 22 af
269 712 225 29 värnepligtslagens
514 714 12 26 $
548 714 11 20 1
579 713 8 21 i
606 713 103 29 enlighet
726 712 52 22 med
791 713 117 21 finnarnes
920 719 62 21 sepa-

228 747 122 21 ratistiska
367 747 151 22 sträfvanden
538 748 81 21 vinner
638 747 111 21 särskildt
767 747 52 21 stöd
837 748 36 20 för
891 746 35 28 sig
944 754 38 20 ge-

227 788 54 14 nom
300 789 28 13 en
347 782 129 28 jemförelse
495 782 50 21 med
565 783 28 25 $$
614 782 47 20 123
680 782 43 21 och
742 782 38 27 20,
799 782 9 20 i
823 781 81 22 hvilka
916 784 65 25 säges

228 818 36 19 att
290 816 113 21 Finlands
431 816 130 28 krigsmakt
584 816 43 22 har
645 816 36 21 till
701 816 108 21 ändamål
828 818 34 19 att
879 816 104 21 försvara

228 853 82 19 tronen
339 850 43 22 och
406 850 187 22 fäderneslandet
617 855 60 17 samt
699 850 132 29 derigenom
851 850 68 21 äfven
939 850 45 28 ,bi-

230 885 73 28 draga
327 885 37 20 till
382 885 189 28 Kejsaredömets
589 884 110 28 försvar",
719 885 119 21 äfvensom
857 887 35 18 att
909 884 75 21 landt-

229 923 83 17 värnet
338 919 59 28 ,kan
419 919 100 22 inkallas
547 919 82 21 endast
648 919 40 21 vid
706 919 103 28 fientligt
826 919 66 21 infall
911 919 8 20 i
936 918 48 21 lan-

229 953 61 22 det".
326 953 87 22 Finska
441 954 128 21 militärens
593 953 108 22 ändamål
718 953 133 22 förklarade
869 960 115 21 represen-

228 991 82 18 tanten
339 988 131 21 Schauman
490 989 29 27 på
537 987 143 29 landtdagen
699 995 82 21 genom
801 995 29 14 en
848 990 83 19 nästan
950 994 34 14 or-

229 1022 106 29 dagrann
354 1023 195 28 återupprepning
568 1023 23 20 af
609 1022 128 21 innehållet
756 1023 24 21 af
798 1023 13 26 $
830 1023 54 26 123,
898 1021 28 22 dä
938 1021 46 21 han

230 1056 64 21 sade:
315 1064 95 21 genom
431 1060 34 18 att
484 1057 102 21 försvara
604 1058 41 20 sitt
659 1057 62 27 land,
734 1056 110 30 bidrager
856 1056 40 21 det
910 1055 75 22 finska

230 1091 74 21 folket
322 1092 8 20 i
349 1091 45 28 hög
412 1091 58 28 grad
488 1091 37 22 till
543 1091 186 28 Kejsaredömets
743 1091 42 22 och
797 1092 8 21 i
818 1091 96 21 främsta
925 1097 59 14 rum-

229 1130 47 16 met
305 1125 50 22 dess
383 1125 154 22 hufvudstads
562 1126 109 21 försvar*.
707 1125 72 22 Desto
797 1125 81 29 längre
897 1125 42 21 bör
957 1124 27 21 do

229 1160 76 21 finska
332 1162 138 27 truppernas
497 1160 130 21 solidaritet
648 1160 51 21 med
718 1160 28 21 de
765 1160 70 28 ryska
853 1160 7 21 i
879 1158 106 23 afseende

229 1195 13 20 &
261 1193 66 23 deras
346 1194 101 28 uppgift,
466 1194 73 28 enligt
556 1194 119 22 finnarnes
693 1194 68 28 äsigt,
774 1194 51 21 icke
838 1194 92 21 sträcka
943 1193 41 28 sig.

230 1228 49 22 För
297 1232 35 18 att
350 1228 107 29 tydligen
469 1229 81 28 pävisa
565 1228 175 23 ohällbarheten
755 1229 22 22 af
791 1236 29 14 en
833 1228 73 22 sädan
919 1228 66 28 äsigt,

230 1263 68 21 skola
316 1264 24 20 vi
359 1266 86 25 antaga
463 1265 35 20 att
515 1263 102 22 Finland
636 1267 25 17 är
679 1271 28 14 en
726 1263 100 22 särskild
845 1265 53 25 stat,
917 1263 7 20 i
942 1262 43 22 för-

229 1297 66 22 bund
314 1297 43 22 och
376 1298 7 21 i
401 1298 72 21 union
491 1297 52 22 med
561 1297 124 29 Ryssland,
705 1299 75 20 säsom
795 1297 104 22 finnarne
914 1297 71 28 pästä.

229 1332 55 21 Kan
302 1340 53 13 man
375 1339 40 14 ens
434 1332 40 21 vid
492 1332 83 21 sädant
593 1332 132 29 antagande
737 1332 58 29 gilla
811 1333 58 20 1:sta
881 1331 43 22 och
939 1331 45 20 123

298 1446 13 21 +;
333 1445 68 18 Orden
419 1451 107 12 >orevecrgo>
543 1445 37 18 och
598 1451 83 16 »potmma>
698 1447 103 16 motsvara
820 1444 62 23 begge
899 1443 88 18 svenska

229 1473 59 18 ordet
301 1473 116 18 fosterland.
