1109 1720
823 142 27 20 69

388 257 70 12 FJERDE
470 257 138 13 AFDELNINGEN.

180 316 36 18 Om
228 316 25 17 de
266 316 34 16 vid
311 316 134 17 landtvärnet
457 316 96 17 anstälde
566 319 116 18 personers
694 316 126 21 rättigheter

398 350 39 17 och
450 350 149 21 skyldigheter.

190 416 50 18 Art.
257 414 60 19 249.
348 412 41 21 Vid
405 412 138 21 landtvärnet
558 413 7 20 i
581 412 69 27 tjenst
661 412 98 21 anstälda
769 418 111 21 personer,

120 447 58 22 såväl
195 448 7 20 i
219 446 230 27 officersbefattningar
472 453 45 15 som
534 447 6 20 i
557 447 60 26 lägre
634 447 85 26 grader,
737 446 85 27 åtnjuta
837 447 43 21 alla

121 483 26 20 de
170 482 48 21 med
241 481 121 26 statstjenst
389 481 100 21 förenade
516 481 136 27 rättigheter,
676 487 46 15 som
737 481 143 21 tillkomma
867 477 16 35 i

122 517 25 21 de
170 516 87 21 stående
281 517 116 25 trupperna
421 515 98 22 anstälda
541 521 113 21 personer,
678 517 55 19 samt
750 515 49 27 lyda
814 516 67 21 under

121 550 154 27 krigslagarna.
298 550 41 20 Vid
355 550 95 20 inträdet
466 550 6 20 i
483 549 64 27 tjenst
558 550 109 20 utlemnas
678 550 32 20 till
722 549 72 27 hvarje
805 551 75 20 värne-

121 591 49 15 man
196 587 31 19 ett
253 584 101 22 särskildt
378 584 85 28 tecken,
486 584 82 22 hvilket
590 584 43 21 han
658 584 71 22 städse
752 585 54 21 skall
828 585 53 21 bära

121 619 28 27 på
164 619 39 27 sig.

192 673 50 18 Art.
259 672 61 18 250.
341 670 113 27 Personer,
466 676 45 16 som
522 670 116 21 innehafva
650 670 232 27 officersbefattningar

122 706 34 20 vid
180 705 142 26 landtvärnet,
345 704 107 22 likställas
468 705 6 20 i
490 704 99 22 afseende
606 704 12 21 å
634 704 130 28 rättigheter
779 704 48 21 med
842 704 40 22 föl-

120 739 66 28 jande
200 740 77 26 grader
292 738 40 22 och
348 738 148 28 befattningar
511 738 35 21 vid
562 742 126 23 trupperna,
704 739 106 27 nemligen
823 739 59 21 inne-

123 774 97 22 hafvare:

194 808 20 25 1)
234 808 23 21 af
273 807 382 27 bataljonskommendörsbefattning
671 820 27 3 —
714 808 47 20 med
781 808 101 21 öfverste-

123 843 105 26 löjtnants
243 842 53 27 grad
312 842 38 20 och
366 841 275 27 kommendörsbefattning
652 842 36 21 vid
699 842 67 21 afdelt
776 842 108 27 bataljon;

192 876 22 27 2)
238 876 23 21 af
282 875 411 28 landtvärnskompanichefsbefattning
711 888 21 3 —
751 876 47 21 med
814 877 69 20 stabs-

123 911 91 27 kaptens
230 910 52 27 grad
298 910 38 21 och
352 910 287 27 kompanichefsbefattning
655 911 35 21 vid
706 914 126 23 trupperna;

193 946 22 26 3)
231 945 24 21 af
268 945 266 27 öfverofficersbefattning
549 945 35 21 vid
597 945 287 27 landtvärnsbataljonernas

124 979 72 22 staber
212 992 25 3 —
254 979 48 22 med
324 980 150 21 motsvarande
495 979 148 27 befattningar
660 980 35 21 vid
711 982 118 24 trupperna
844 980 40 21 och

123 1013 94 27 följande
232 1014 86 26 grader:
336 1014 32 21 för
384 1014 253 21 ekonomiföreståndare
653 1015 35 20 vid
704 1013 67 21 afdelt
782 1016 63 24 trupp
856 1026 27 3 —

124 1048 90 28 kaptens
231 1048 51 27 grad
295 1049 38 21 och
344 1048 33 22 för
388 1048 70 28 öfriga
469 1048 147 27 befattningar
628 1060 27 4 —
667 1048 166 28 löjtnantsgrad;
845 1048 39 22 och

194 1083 22 27 4)
240 1083 23 21 af
284 1083 320 27 subalternofficersbefattning
619 1090 28 8 —
663 1083 49 21 med
736 1083 148 21 motsvarande

125 1117 145 27 befattningar
286 1118 38 21 och
340 1118 78 26 grader
434 1118 35 21 vid
485 1120 124 24 trupperna.

195 1172 49 18 Art.
266 1172 49 18 251.
346 1170 41 21 Till
404 1169 232 27 officersbefattningar
652 1170 34 20 vid
702 1169 136 21 landtvärnet
854 1171 31 19 ut-

124 1204 92 21 nämnde
232 1210 108 21 personer,
356 1210 46 15 som
418 1203 114 22 innehafva
543 1204 152 20 motsvarande
705 1204 118 26 befattning
834 1203 51 21 eller

125 1239 66 27 högre
206 1239 135 27 militärgrad
357 1240 51 26 (art.
424 1240 60 26 245),
500 1238 105 22 anställas
620 1238 7 21 i
638 1238 66 27 tjenst
715 1238 49 21 med
774 1238 39 21 den
824 1238 61 20 verk-

125 1274 44 26 liga
192 1274 60 25 grad,
268 1273 6 21 i
290 1273 86 21 hvilken
400 1273 26 21 de
450 1273 71 21 kunde
546 1275 93 24 antagas
659 1273 34 20 vid
710 1275 126 24 trupperna:
853 1272 32 25 de,

125 1314 45 15 som
187 1307 115 22 innehafva
318 1307 58 27 lägre
392 1307 61 28 grad,
469 1319 26 3 —
508 1307 47 21 med
572 1307 41 21 den
629 1307 61 27 grad,
707 1313 45 15 som
768 1309 118 18 motsvarar

125 1343 155 26 befattningen,
296 1342 88 21 hvarvid
401 1342 72 21 denna
488 1341 53 28 grad
557 1347 63 16 anses
637 1341 69 22 såsom
723 1344 69 23 extra,
808 1341 18 20 d.
840 1346 46 15 v.s.

126 1377 158 22 vederbörande
306 1377 109 21 bibehålla
434 1377 124 21 densamma
576 1376 77 21 endast
668 1377 24 20 så
707 1376 63 26 länge
786 1375 26 20 de
828 1375 58 21 inne-

125 1411 65 22 hafva
213 1411 155 27 befattningen.
401 1412 113 25 Personer,
538 1417 45 15 som
607 1411 114 20 innehafva
744 1413 61 18 extra
828 1409 60 28 grad,

126 1446 53 21 bära
200 1446 33 21 till
251 1445 119 22 uniformen
386 1445 26 22 de
427 1445 148 28 gradteckten,
592 1451 46 15 som
655 1445 120 21 tillkomma
791 1443 96 22 innehaf-
