1111 1811
815 125 25 20 15

181 194 50 18 Art.
248 193 40 19 47.
312 192 34 21 Då
362 192 26 21 de
403 192 7 20 i
426 193 41 20 art.
484 193 26 20 45
521 198 62 15 mom.
597 194 8 19 1
619 193 129 20 omnämnda
759 198 109 21 personer,

112 226 49 21 med
175 226 113 27 undantag
304 225 22 22 af
339 226 80 26 läkare,
436 226 133 22 veterinärer
585 226 40 22 och
639 226 150 27 farmaceuter,
798 226 72 21 hvilka

112 261 78 26 utgöra
206 260 148 27 värnepligten
369 261 7 20 i
391 260 154 27 befattningar,
560 267 46 15 som
617 262 110 20 motsvara
738 261 62 21 deras
810 261 58 27 yrke,

112 294 87 21 inträda
222 294 35 21 vid
279 296 121 25 trupperna
417 295 29 26 pä
464 295 70 27 grund
550 294 22 22 af
585 295 101 27 lottning,
703 295 103 21 anställas
822 295 26 21 de
863 295 7 20 i

112 328 147 28 befattningar
274 328 51 22 eller
341 329 201 27 kommenderingar
556 331 61 19 utom
632 329 86 21 fronten
735 329 77 22 endast
822 329 48 22 med

113 363 63 22 deras
191 365 49 25 eget
254 364 116 26 samtycke.

181 398 33 21 De
228 398 67 21 bland
310 398 94 21 nämnda
419 404 110 21 personer,
545 398 72 21 hvilka
632 398 4 21 i
650 398 52 27 följd
713 398 23 20 af
744 398 126 27 kroppslyte

114 432 50 21 eller
186 432 116 27 sjuklighet
324 432 46 21 icke
393 434 37 19 äro
446 433 7 20 i
468 433 65 20 stånd
555 434 34 19 att
604 434 53 25 göra
673 432 67 27 tjenst
755 432 6 21 i
776 432 94 26 fronten,

113 465 79 22 befrias
208 465 87 22 alldeles
311 465 48 22 frän
375 467 101 26 tjensten.

182 511 49 17 Anm.
255 511 9 16 I
282 512 36 16 art.
336 512 22 17 45
372 517 52 12 mom.
438 513 8 15 1
460 511 107 18 omnämnda
579 517 88 17 personer
679 511 63 18 kunna
754 512 74 17 inträda
840 511 31 18 vid

114 541 101 21 trupperna
231 539 49 18 efter
296 539 82 18 afslutad
392 540 44 18 kurs
449 541 47 17 eller
508 540 130 23 undergängen
650 545 82 17 examen,
744 542 46 17 utan
803 542 29 16 att
844 540 27 17 af-

113 568 57 17 vakta
182 568 35 17 den
230 567 29 18 för
271 568 83 23 uppbäds
367 569 138 18 verkställande
518 569 96 18 bestämda
627 569 88 22 tidpunkt
727 571 43 19 (art.
784 571 35 20 12).

183 616 51 18 Art.
253 616 42 18 48.
327 614 124 27 Ordningen
466 614 32 22 för
515 615 170 27 tjenstgöringen
702 615 38 21 och
755 615 115 21 befordran

115 647 32 21 till
169 647 72 22 officer
262 648 129 22 bestämmes
413 648 34 22 för
470 649 26 21 de
514 655 109 21 personer,
639 656 46 14 som
701 650 35 20 vid
751 651 121 25 trupperna

114 682 83 21 inträdt
219 683 29 26 pä
270 683 71 27 grund
356 682 23 22 af
392 683 101 27 lottning,
510 690 75 20 genom
601 684 161 27 Kejsardömets
777 684 95 21 militära

115 716 159 28 författningar.
298 717 117 27 Angäende
431 718 107 21 särskilda
549 718 101 27 ätgärder
660 718 33 21 för
704 718 168 21 underlättande

116 750 22 22 af
158 751 160 27 värnepligtens
342 752 122 27 utgörande
483 753 70 21 säsom
568 752 126 22 underbefäl
710 752 50 22 eller
776 752 96 22 soldater

115 784 33 22 för
163 785 85 22 bildade
264 792 109 21 personer,
390 787 86 21 komma
492 787 106 21 särskilda
613 787 161 27 bestämningar
794 788 33 20 att
837 788 35 20 ut-

115 819 73 22 färdas
203 820 7 20 i
226 820 41 21 den
283 820 33 22 för
331 820 48 22 hela
395 821 184 21 militärväsendet
593 821 100 27 gällande
709 821 97 27 ordning.

185 874 50 18 Art.
252 874 43 18 49.
325 872 107 22 Personer
448 872 22 22 af
484 873 50 27 rysk
550 873 117 27 härkomst,
683 872 71 22 hvilka
769 872 104 28 ätnjutai

116 906 39 20 art.
180 907 27 20 45
231 912 62 15 mom.
310 908 12 19 2
339 907 39 21 och
393 908 12 19 3
423 906 140 22 omförmälda
584 907 111 21 lättnader
713 907 51 21 eller
779 908 94 20 motsva-

116 939 73 27 rande,
205 940 7 21 i
227 940 107 27 Ryssland
349 941 135 22 förvärfvade
499 941 114 27 förmäner,
629 941 67 26 skola,
712 941 7 21 i
734 941 102 22 händelse
847 941 26 21 de

116 973 110 23 befordras
243 975 32 21 till
291 975 110 22 officerare
416 976 36 21 vid
466 975 56 22 finsk
537 977 73 25 trupp,
626 975 7 21 i
646 975 38 21 och
695 975 48 21 med
754 975 119 22 detsamma

116 1008 81 22 erhälla
211 1008 56 23 finsk
283 1010 194 27 medborgarerätt.

392 1112 61 12 FEMTE
466 1112 135 12 AFDELNINGEN.

258 1164 36 17 Om
306 1164 99 17 befrielse
417 1163 27 22 pä
456 1165 67 20 grund
535 1165 23 16 af
568 1164 44 17 kall
625 1165 38 16 och
674 1165 58 20 yrke.

186 1224 51 18 Art.
254 1224 44 17 50.
328 1221 57 21 Frän
401 1221 149 27 värnepligten
565 1220 105 22 frikallas:

188 1256 20 26 1)
224 1257 86 25 prester
325 1255 23 21 af
362 1255 41 21 alla
418 1256 86 20 kristna
520 1255 198 26 trosbekännelser;

186 1290 22 26 2)
224 1290 141 26 psalmläsare
381 1290 22 21 af
412 1290 197 26 grekisk-katolska
620 1290 197 26 trosbekännelsen,
829 1295 46 15 som

117 1323 89 22 afslutat
214 1324 52 21 kurs
275 1324 7 21 i
290 1324 73 27 andlig
371 1324 99 22 akademi
479 1324 39 21 och
527 1324 137 22 seminarium
674 1324 51 22 eller
730 1324 72 27 andlig
807 1324 69 21 skola.

116 1358 50 20 Men
190 1358 26 21 de
238 1364 111 21 personer,
372 1358 72 21 hvilka
464 1358 70 27 afgätt
549 1358 48 22 från
612 1358 264 27 psalmläsarebefattning

116 1392 67 20 innan
206 1392 42 21 fem
272 1392 24 21 år
318 1392 91 21 förflutit
424 1392 47 21 från
488 1392 41 21 den
546 1392 37 26 tid,
600 1392 26 21 de
641 1393 29 26 pä
685 1392 70 27 grund
771 1392 23 21 af
807 1392 69 22 sådan

116 1425 122 27 befattning
252 1426 108 21 frikallats
375 1426 48 21 frän
438 1426 134 27 krigstjenst,
588 1426 113 27 förpligtas
713 1426 31 21 till
755 1426 122 27 utgörande
