1109 1781
861 143 12 20 9

145 211 61 27 lagen
230 211 97 22 lemnade
349 211 65 27 laglig
429 211 71 27 grund
515 211 33 21 för
568 212 33 20 att
616 211 144 27 landtdagens
776 211 128 22 hemställan

145 245 137 28 undandrogs
298 245 78 22 Grefve
391 245 105 28 Miljutins
513 246 140 27 granskning,
670 246 24 21 så
709 245 44 22 blef
769 246 70 21 denne
855 246 50 21 sist-

146 280 102 21 nämndes
268 280 118 25 utlåtande,
406 279 170 28 uppenbarligen
593 280 79 27 jemväl
693 279 110 28 afsigtligt,
822 279 81 22 infördt

145 314 6 21 i
168 314 111 22 Komiténs
294 314 33 22 för
343 315 26 21 de
385 314 70 22 finska
471 315 109 21 ärendena
595 315 109 26 protokoll
721 315 28 27 på
761 315 36 21 det
808 316 51 25 sätt,
871 315 33 20 att

146 349 117 21 detsamma
279 349 72 21 kunde
373 349 101 21 vilseleda
497 349 118 21 Monarken
638 348 134 22 beträffande
796 348 108 28 omfånget

146 383 23 22 af
189 384 40 21 den
252 383 67 28 fråga,
342 389 46 16 som
411 384 56 21 varit
491 383 145 22 öfverlemnad
659 383 32 22 till
715 383 189 28 Krigsministerns

146 419 137 26 granskning.

213 453 171 22 Framställande
410 453 63 22 dessa
497 453 93 22 resultat
613 453 23 22 af
657 453 190 28 undersökningen
869 452 33 22 till

147 487 66 22 Eders
229 487 118 28 Kejserliga
367 487 113 28 Majestäts
500 487 79 28 nådiga
598 487 107 28 pröfning,
725 487 124 22 hemställer
867 487 37 28 jag

147 522 161 27 underdånigst,
324 521 107 22 huruvida
446 521 46 22 icke
507 522 68 21 Eders
591 522 109 27 Majestät,
717 522 47 21 med
781 521 100 22 afseende
891 521 13 21 å

147 557 25 21 de
187 557 7 20 i
209 557 60 21 detta
280 557 274 26 föredragningsmemorial
565 557 129 21 framhållna
705 556 196 27 omständigheters

148 591 121 27 synnerliga
291 591 115 26 betydelse,
431 591 83 21 täcktes
537 591 7 21 i
563 591 75 27 näderj
657 591 113 27 anbefalla,
791 593 32 19 att
843 591 60 21 detta

148 625 273 27 föredragningsmemorial
444 625 55 22 skall
522 625 142 22 öfverlemnas
684 625 33 22 till
735 625 169 27 Generalguver-

148 661 67 20 nören
231 659 58 22 öfver
304 659 91 22 Finland
411 659 39 22 och
467 659 214 22 Kommenderanden
697 661 121 26 trupperna
833 660 6 21 i
855 659 48 22 Fin-

147 693 91 22 ländska
253 693 190 22 militärdistriktet
454 693 33 22 för
497 695 40 24 att,
549 694 66 21 sedan
627 694 119 21 detsamma
756 693 69 22 blifvit
836 693 68 22 öfver-

148 729 45 20 satt
215 728 31 21 till
269 728 91 21 svenska
383 728 38 21 och
440 727 69 22 finska
529 729 100 26 språken,
646 728 22 21 af
683 728 221 28 Generaladjutanten

148 761 111 22 Bobrikoff
271 762 108 21 meddelas
395 761 93 22 Senaten
504 762 33 21 för
552 762 92 21 Finland
661 762 38 21 och
713 762 138 28 landtdagen.

216 837 89 21 Undert.
330 837 187 28 Generallöjtnant
541 837 141 28 Kuropatkin
702 837 38 21 och
761 837 142 27 Generallöjt-

150 873 52 20 nant
218 872 107 27 Saharof.

218 923 128 22 Afskriftens
362 924 104 27 riktighet
481 924 122 27 bestyrker:

284 957 10 22 I
309 958 127 27 Adjointens
454 958 39 21 hos
509 958 79 21 Chefen
603 959 32 20 för
651 958 165 21 Hufvudstaben
832 957 69 27 ställe,

353 992 162 28 Generalmajor
531 993 134 27 Afanasjef.

561 1052 80 41 Kollat.
647 1063 4 14 3

423 1089 179 28 Afdelningschef,
619 1089 98 22 Öfverste
735 1090 90 21 Turkul.

600 1247 96 21 Öfversatt
709 1251 20 17 af
740 1252 20 16 A.
773 1251 64 17 Lilius.
