1114 1781
261 138 27 20 38

335 401 65 22 Enligt
412 401 148 22 Krigsministerii
571 401 130 23 finansförslag
714 401 47 22 (med
775 401 94 22 undantag
877 401 21 18 af
904 401 50 18 kost-

265 435 83 18 naderna
365 435 29 18 för
412 435 22 18 de
448 435 148 18 administrativa
609 435 158 23 styrelseverkens
780 435 99 18 underhåll
892 435 5 18 i
910 436 44 17 Tur-

266 470 72 21 kestan,
352 470 154 22 Transkaspiska,
518 470 102 17 Kubanska
632 470 34 17 och
675 470 95 18 Terekska
778 470 104 22 områdena,
892 470 62 18 äfven-

267 509 37 12 som
324 503 30 18 för
373 504 148 22 Transkaspiska
540 504 106 22 jernvägen,
668 504 123 18 kosackernes
810 504 144 23 öfverflyttning,

266 538 120 18 anskaffande
395 539 21 17 af
422 539 92 17 särskilda
520 539 212 22 förplägningsförråder
738 539 29 18 för
774 539 66 18 staden
847 539 108 22 Warschau,

266 573 97 18 underhåll
382 573 20 18 af
419 573 240 23 landtmäteriafdelningen
672 573 30 18 vid
715 573 157 18 Transbaikalska
887 575 66 20 armén,

266 607 88 23 flottiljen
372 608 5 18 å
390 608 101 22 Amudarja
504 608 32 17 och
549 608 77 18 Afdelta
638 608 167 23 Gensdarmkåren)
922 623 3 4 ä

335 637 16 23 Å
364 644 62 17 staten
438 643 52 18 öfver
502 643 142 21 Hufvudstabens
654 643 92 18 särskilda
753 639 201 31 tillgängar—kostna-

266 677 57 18 derna
335 677 29 17 för
376 677 115 23 uppförande
504 677 20 18 af
538 677 103 18 kaserner.
666 691 3 4 .
694 691 4 4 .
723 691 3 4 .
751 691 32 4 «k
837 691 60 5 e

336 706 16 23 Ä
365 712 154 18 Marinministerii
532 714 51 16 stat.
608 726 4 4 .
637 726 3 4 .
694 725 31 5 «ss
836 726 120 5 e

334 741 16 23 Å
363 747 322 23 Riksskattkammaredepartementets
702 747 166 23 stat—utgifterna
876 748 29 17 för
911 753 43 18 pen-

267 781 61 18 sioner
346 781 20 18 åt
378 781 138 22 förafskedade,
529 781 30 18 vid
571 781 77 18 militär-
661 782 34 17 och
707 781 148 18 marinväsendet
868 782 85 18 anstälda

266 820 88 17 personer
372 816 33 17 och
424 816 54 18 deras
490 816 86 22 familjer,
589 816 102 18 understöd
704 816 20 18 åt
735 815 111 18 underbefäl
859 816 33 17 och
905 821 49 12 man-

266 849 46 23 skap
325 849 93 18 äfvensom
430 850 126 18 kostnaderna
568 850 29 17 för
610 850 106 17 inkallande
729 850 21 17 af
757 849 86 23 rekryter
851 849 40 18 före
900 849 54 18 deras

263 880 107 43 antagande
384 885 6 16 i
402 885 60 22 tjenst
492 898 4 4 .
521 898 3 4 .
550 899 3 3 .
578 898 4 4 .
607 898 4 5 .
665 897 59 5 se
864 897 4 5 .

335 913 15 23 Å
364 919 148 22 Departementets
524 919 30 21 för
566 920 86 17 indirekta
666 919 65 18 skatter
747 921 39 16 stat
778 897 72 40 över
863 898 91 39 särskilda

265 953 76 18 medel—
349 948 114 32 hyresmedel
477 953 19 18 åt
509 953 95 18 officerare
618 955 47 16 samt
677 953 109 18 underbefäl
799 953 34 17 och
845 952 89 23 manskap
948 952 5 17 i

266 987 142 34 Konungariket
419 987 57 18 Polen
492 1001 4 4 .
749 1001 3 4 5

336 1023 12 16 Ä
364 1017 72 31 Afdelta
450 997 224 51 Gränsbevakningskårens
692 1001 3 4 s
687 1023 38 16 stat
746 1035 4 4 .

882 1060 72 18 Summa

299 1324 130 22 Afskriftens
452 1324 102 28 riktighet
576 1324 122 28 bestyrker:
718 1324 105 22 Ledamot
839 1324 39 21 och
893 1324 95 21 sekrete-
