1111 1792
303 245 17 27 c)
342 244 91 28 Högsta
451 244 126 29 ledningen
596 244 23 22 af
636 244 76 22 finska
730 244 116 22 militären
864 244 84 22 liksom
966 244 24 22 af

234 278 77 29 öfriga
321 278 211 29 arméafdelningar
541 278 141 22 tillkommer
694 278 232 28 Krigsministerium,
939 286 50 14 som

234 313 8 21 i
267 312 65 23 detta
359 313 108 22 afseende
493 313 94 22 utöfvar
610 314 37 20 sin
671 313 147 22 verksamhet
841 320 84 21 genom
943 313 45 21 den

232 347 80 22 lokala
339 348 323 28 Militärdistriktsstyrelsens
688 347 151 29 afdelningar.
876 347 54 22 Alla
954 348 35 20 så-

234 382 62 22 dana
313 382 146 22 beträffande
476 382 174 28 förvaltningen
668 382 24 22 af
709 382 76 22 finska
802 382 117 21 militären
931 389 58 21 upp-

234 416 137 22 kommande
389 416 86 29 frågor,
493 416 81 22 hvilka
592 420 53 18 röra
663 416 45 22 den
726 416 101 22 militära
845 416 144 28 lagstiftnin-

233 458 53 21 gen,
304 453 137 26 truppernas
461 451 164 28 organisation,
642 451 135 29 uppfostran
790 450 43 22 och
846 450 141 28 utbildning,

232 486 75 28 tjänst
333 485 44 22 och
404 486 114 28 öfningar,
543 485 148 28 dislokation,
716 485 43 22 den
783 486 50 21 inre
858 485 130 28 ordningen

232 520 64 21 inom
317 520 249 28 truppafdelningarna
585 520 43 22 och
647 520 67 22 deras
726 520 49 21 inre
789 520 108 21 ekonomi
910 520 78 22 äfven-

232 562 51 14 som
301 554 234 30 inspektörsdetaljen
553 554 52 27 (och
623 554 122 22 framdeles
761 554 39 21 det
812 554 101 22 militära
925 554 62 21 dom-

232 588 179 27 stolsväsendet)
429 589 44 21 och
491 589 80 22 hvilka
589 589 67 21 skola
671 588 153 22 underkastas
836 588 78 28 Nådig
926 588 61 29 pröf-

235 623 66 28 ning,
326 623 135 29 föredragas
479 623 169 29 underdånigst
668 624 36 21 för
721 624 65 21 Hans
804 623 110 29 Majestät
931 623 56 29 Kej-

232 664 68 15 saren
328 658 22 21 af
376 658 200 28 Krigsministern,
602 658 122 22 hvaremot
747 657 101 22 ärenden
867 658 119 27 angående

232 692 130 21 militärens
379 692 120 22 förseende
517 692 53 22 med
588 692 115 22 särskilda
714 692 179 22 förnödenheter
905 692 82 21 under-

232 726 82 22 ställas
332 726 65 22 Hans
415 727 121 29 Majestäts
555 727 111 28 pröfning
684 727 8 21 i
710 734 32 14 nu
759 726 109 28 gällande
887 726 100 28 ordning

232 760 24 22 af
278 760 101 22 Senaten
401 761 35 21 för
454 761 108 27 Finland,
581 761 59 22 dock
658 761 53 22 med
728 761 205 28 Krigsministerns
951 764 36 18 ut-

232 794 101 22 låtande.

302 829 42 22 Om
371 830 50 21 åter
449 830 101 21 Senaten
570 830 36 22 för
627 830 102 22 Finland
750 830 96 27 fritages
866 829 51 21 från
935 828 51 22 dess

232 863 126 29 åliggande
375 864 145 22 beträffande
538 864 129 22 militärens
685 864 129 27 underhåll,
832 864 66 21 skola
917 863 68 22 äfven

231 897 47 22 alla
305 898 100 21 ärenden
432 898 99 22 rörande
558 898 28 23 de
606 899 76 21 finska
703 900 137 27 truppernas
865 897 120 25 förseende

217 931 67 22 "med
302 932 115 22 särskilda
434 933 179 22 förnödenheter
630 933 169 28 underdänigst
817 932 132 28 föredragas
963 931 22 22 af

231 966 201 29 Krigsministern,
460 967 52 21 med
540 967 113 22 Senatens
679 967 109 28 yttrande
810 967 9 20 i
840 967 28 20 de
890 967 47 26 fall,
956 965 29 22 då

230 1004 138 25 truppernas
387 1001 122 22 underhåll
527 1002 106 28 påkallar
648 1009 52 21 nya,
714 1002 8 21 i
734 1001 188 28 utgiftsstaterna
933 1001 52 20 icke

230 1035 136 22 förutsedda
383 1035 132 22 kostnader.

300 1070 21 27 d)
343 1069 81 22 Skulle
443 1071 114 21 Senatens
575 1070 35 22 för
628 1070 104 21 Finland
743 1069 125 29 åliggande
880 1069 105 21 inskrän-

230 1103 43 22 kas
300 1103 38 22 till
364 1104 83 22 endast
474 1105 44 21 den
541 1105 122 21 finansiela
681 1104 109 29 detaljen,
809 1104 65 21 skola
892 1103 93 28 utgifts-

230 1140 105 19 staterna
361 1141 122 26 upprättas
509 1139 22 21 af
555 1139 195 28 Krigsministerii
771 1138 214 28 Hufvudstyrelser,

230 1172 100 22 hvarvid
354 1173 12 20 å
391 1173 101 22 Senaten
519 1173 35 22 för
571 1173 102 22 Finland
692 1173 121 22 ankomme
832 1174 34 20 att
884 1172 101 28 granska

229 1206 74 28 sagda
328 1209 73 20 stater
419 1207 44 22 och
481 1207 121 22 hemställa
620 1207 58 28 dem,
697 1208 70 28 jämte
786 1207 82 28 Krigs-
886 1207 43 21 och
947 1207 38 20 Fi-

228 1241 246 22 nansministeriernas
491 1241 133 29 yttranden,
642 1242 38 21 till
697 1241 78 28 Nådig
793 1241 154 22 stadfästelse.

299 1276 17 26 e)
339 1273 157 24 Öfverbefälet
514 1276 64 22 öfver
596 1276 46 21 den
659 1276 76 21 finska
752 1275 116 22 militären
885 1275 100 28 uppdra-

228 1317 43 20 ges
289 1310 25 21 åt
332 1307 246 25 Öfverbefälhafvaren
595 1311 9 20 i
621 1310 132 22 finländska
770 1309 215 28 militärdistriktet,

228 1343 54 22 med
306 1344 161 22 öfverlätande
490 1345 23 22 af
537 1345 77 22 denna
637 1345 130 28 värdighet,
787 1344 41 22 där
846 1344 66 21 Hans
930 1344 55 28 Kej-

228 1378 88 28 serliga
333 1379 110 28 Majestät
461 1379 94 29 pröfvar
572 1380 25 21 så
614 1379 129 28 gagneligt,
762 1380 24 20 åt
803 1378 182 29 Generalguver-

228 1416 74 18 nören
322 1413 64 22 öfver
403 1413 108 22 Finland.

298 1447 18 28 f
339 1444 246 26 Öfverbefälhafvaren
603 1448 8 21 i
629 1447 132 22 finländska
778 1447 207 22 militärdistriktet

228 1481 95 22 utöfvar
341 1481 175 30 förvaltningen
535 1483 23 22 af
575 1483 76 21 finska
669 1482 118 22 militären
803 1489 84 22 genom
899 1481 85 22 honom
