1114 1739
838 132 26 20 73

203 198 50 18 Art.
270 197 61 19 262.
362 195 63 22 Säväl
440 197 98 21 enskilda
553 199 128 20 värnemäns
697 204 46 15 som
759 198 48 21 hela
821 199 73 21 landt-

132 229 294 28 värnstruppsafdelningars
441 231 126 27 utrustning
583 231 127 22 verkställes
722 232 7 21 i
741 232 93 27 enlighet
845 233 48 21 med

133 263 108 22 särskilda
263 264 96 27 tabeller,
383 270 45 15 som
451 267 110 25 uppgöras
577 265 13 21 å
604 265 195 28 Krigsministeriet
814 269 57 19 samt
886 267 7 21 i

133 298 93 27 stadgad
242 298 92 27 ordning
348 298 147 23 underställas
510 300 60 22 Hans
585 300 115 28 Majestäts
715 300 145 22 fastställelse.

406 441 67 12 SJUNDE
486 442 135 12 AFDELNINGEN,

318 504 36 17 Om
366 504 147 18 landtvärnets
525 506 184 18 hemförlofvande.

203 576 50 19 Art.
278 576 58 18 263.
368 574 117 27 Angäende
508 574 182 23 hemförlofvande
713 576 23 21 af
753 576 140 22 landtvärnet

133 608 109 27 kungöres
258 608 78 22 medels
352 608 105 28 Kejserlig
472 609 60 22 Ukas
548 610 31 20 till
595 610 143 27 Dirigerande
753 610 101 22 Senaten.

203 668 50 18 Art.
278 668 58 19 264.
367 666 150 22 Landtvärnet
532 667 7 21 i
554 667 62 21 länen
640 668 103 26 upplöses
766 668 66 27 enligt
849 668 43 21 för-

133 700 92 28 fogande
244 700 22 21 af
279 700 175 28 länenämderna,
471 702 12 20 ä
498 701 72 22 hvilka
585 702 70 21 tillika
671 702 125 22 ankommer
811 703 33 20 att
859 702 32 21 till

133 734 101 28 pröfning
256 736 96 26 upptaga
376 735 82 27 besvär,
482 742 45 15 som
549 736 36 22 vid
607 736 193 22 hemförlofvandet
817 737 75 21 kunna

133 769 131 22 framställas
288 769 22 22 af
332 770 31 21 till
386 770 139 22 landtvärnet
542 770 97 22 hörande
654 777 111 21 personer,
782 770 108 22 äfvensom

133 806 34 20 att
182 804 87 28 vidtaga
284 804 78 27 åtgärd
379 804 33 22 till
428 806 191 21 ästadkommande
631 806 24 21 af
663 806 96 27 rättelse,
772 806 37 21 der
819 806 74 21 besvä-

133 845 39 15 ren
188 838 95 22 befinnas
298 839 118 27 grundade.

203 899 50 19 Art.
274 899 60 18 265.
365 897 39 21 Till
420 897 139 22 Jandtvärnet
573 897 98 22 hörande
686 904 115 21 personers
816 898 75 27 tjenst-

133 931 77 28 göring
224 931 36 22 vid
274 931 185 22 militärväsendet
475 938 63 15 anses
549 931 104 22 afslutad:
670 932 33 21 för
714 932 54 27 dem,
780 938 45 15 som
836 932 56 21 varit

133 966 99 22 anstälde
247 966 35 21 vid
298 966 90 21 stäende
404 967 128 26 trupperna,
547 966 48 22 frän
612 967 41 21 den
670 967 42 26 dag
727 967 26 21 de
764 966 128 27 entledigats

133 1001 48 21 frän
198 1001 62 22 dessa
274 1002 98 26 trupper,
385 1001 39 21 och
434 1001 34 21 för
479 1001 54 26 dem,
545 1007 45 16 som
601 1002 58 21 varit
669 1001 99 22 anstälde
778 1001 35 21 vid
821 1001 71 21 landt-

133 1037 139 26 värnstrupp,
288 1035 47 22 frän
352 1036 40 21 den
409 1036 41 27 dag
467 1036 63 21 dessa
545 1037 92 26 trupper
652 1035 167 22 hemförlofvats.
848 1035 44 22 Och

133 1070 65 27 utgär
221 1070 112 21 underhäll
348 1070 24 21 af
384 1071 85 20 kronan
486 1071 23 20 ät
524 1071 26 20 de
564 1070 151 22 förstnämnde
731 1070 57 21 ända
803 1070 32 21 till
851 1070 40 21 den

134 1105 42 26 dag
198 1105 26 21 de
247 1105 87 21 inträffa
350 1106 12 20 ä
377 1105 119 26 hemorten,
520 1107 57 20 samt
599 1106 23 20 ät
647 1105 25 21 de
688 1105 134 22 sistnämnde
836 1104 57 21 intill

134 1139 41 22 den
191 1139 41 28 dag
247 1140 223 27 landtvärnstruppen
486 1139 99 22 inträffar
601 1141 13 20 &
629 1140 85 27 platsen
728 1139 34 21 för
773 1138 121 23 hemförlof-

133 1174 85 22 vandet.

203 1235 51 18 Art.
270 1235 60 18 266.
353 1232 232 27 Beväringspersedlar
601 1233 39 21 och
657 1233 96 25 effekter,
769 1238 46 15 som
830 1231 64 28 utgif-

133 1267 41 21 vits
197 1267 33 21 till
252 1267 146 26 landtvärnet,
422 1267 130 21 äterlemnas
571 1267 32 21 till
619 1267 27 21 de
661 1267 82 27 upplag
759 1265 93 22 derifrän
868 1266 26 21 de

132 1301 70 22 blifvit
212 1303 120 26 mottagna,
343 1304 54 19 utan
409 1303 33 20 att
453 1301 112 22 kassation
574 1302 35 21 mä
617 1301 163 27 ifrägakomma.
796 1300 97 27 Kropps-

133 1336 39 22 och
188 1336 160 27 fotbeklädnad,
366 1343 46 14 som
427 1336 98 27 utgifvits
541 1336 33 21 till
584 1337 125 24 värnemän,
721 1335 95 22 tillfaller
826 1335 68 21 desse.
