1111 1800
832 118 25 20 71

129 183 64 21 skrift
208 183 111 27 angående
334 183 122 21 inkallande
472 184 7 20 i
495 184 66 26 tjenst
576 185 50 26 (art.
639 185 41 20 208
692 184 39 21 och
742 185 56 26 209),
810 186 25 20 är
845 184 42 22 för-

128 217 65 21 fallen
216 217 32 21 till
267 216 66 27 straff,
353 222 45 16 som
414 216 128 23 bestämmes
558 224 77 20 genom
651 218 161 22 vederbörande
828 218 59 22 dom-

129 251 126 27 stolsutslag
270 251 29 26 på
314 251 71 27 grund
401 251 22 21 af
437 252 92 21 artikeln
560 264 12 4 —
599 264 16 3 —
638 264 21 3 —
683 264 19 4 —
722 264 21 4 —
761 265 27 3 —
791 269 4 5 3

199 310 50 18 Art.
273 309 59 19 283.
363 302 50 26 Åtal
428 308 6 20 i
451 308 25 21 de
492 308 7 21 i
514 308 128 27 föregående
665 309 61 26 (282)
749 308 77 22 artikel
842 315 45 15 om-

129 342 93 21 nämnda
245 342 37 21 fall
305 342 76 21 väckes
404 342 23 21 af
448 342 157 22 vederbörande
629 343 187 27 polismyndighet,
832 343 55 22 efter

128 376 343 22 Distriktsmilitärbefälbafvares
486 378 124 26 angifvelse.
640 377 115 27 Angående
774 378 112 21 domstols-

129 411 71 26 utslag
215 411 7 21 i
238 411 63 21 dessa
317 411 42 21 mäl
375 411 127 22 underrätta
516 411 160 22 vederbörande
688 412 198 27 domstolsmyndig-

129 446 61 20 heter
206 445 97 21 bemälde
316 445 152 28 befälhafvare,
480 446 38 21 der
529 446 65 21 sädan
606 446 159 21 underrättelse
775 446 24 21 af
807 446 78 21 honom

129 479 71 22 äskas.

198 539 50 18 Art.
265 539 59 18 284.
353 537 116 22 Officerare
486 537 38 22 och
540 538 128 27 tjenstemän
678 538 35 21 vid
725 544 104 21 reserven,
841 544 44 15 som

127 574 52 18 utan
202 571 48 27 laga
273 571 70 21 förfall
366 571 114 22 uraktlätit
504 574 32 19 att
555 571 33 22 till
604 572 59 21 aktiv
679 572 140 27 tjenstgöring
835 573 50 21 eller

129 606 141 27 Ofningsmöte
286 607 13 20 å
314 608 68 19 utsatt
400 606 30 22 tid
446 607 34 27 sig
495 607 93 26 inställa,
604 606 142 22 underkastas
762 607 124 27 disciplinär

128 640 141 27 bestraffning
285 640 52 21 eller
348 640 68 27 straff,
428 646 44 16 som
484 640 129 22 bestämmes
623 647 76 21 genom
710 642 175 26 domstolsutslag

128 675 28 27 pä
171 675 69 27 grund
256 674 23 22 af
292 675 91 21 artikeln
415 688 13 3 —
454 687 17 3 —
496 688 17 3 —
535 688 16 3 —
574 688 15 2 —
610 688 18 3 —
632 692 4 4 .
654 676 73 21 Såsom
739 676 48 27 laga
799 676 87 22 orsaker

127 710 36 21 till
179 712 87 19 utevaro
283 710 51 21 eller
349 710 84 21 sentida
448 710 118 22 inställelse
582 716 62 16 anses
661 711 26 20 de
698 711 187 27 omständigheter,

128 750 47 15 som
192 746 36 19 äro
244 744 85 27 angifna
344 744 7 21 i
367 744 91 22 artikeln
474 746 26 20 97
517 745 7 21 i
540 745 69 21 denna
619 745 172 27 värnepligtslag.
815 746 70 21 Sättet

127 779 40 21 och
191 778 115 28 ordningen
329 779 33 21 för
382 779 125 27 styrkandet
523 779 23 21 af
559 778 64 22 sådan
642 779 64 21 orsak
721 779 128 22 bestämmes
864 780 23 21 af

127 813 176 27 Krigsministern
320 813 40 21 och
376 812 91 22 Senaten
483 814 7 20 i
506 813 93 22 samråd.

197 872 50 18 Art.
264 872 59 18 285.
353 870 42 21 För
411 870 58 22 brott
484 870 40 22 och
540 870 120 27 förseelser,
677 870 112 28 begångna
804 872 7 20 i
827 872 58 20 aktiv

129 905 65 27 tjenst
209 905 51 21 eller
275 905 68 21 under
359 904 151 27 öfningsmöte,
527 907 36 19 äro
580 904 111 22 officerare
707 906 38 20 och
758 906 127 26 tjenstemän

127 940 37 20 vid
180 946 99 14 reserven
295 940 159 20 underkastade
470 940 112 21 enahanda
593 940 69 27 straff,
674 946 45 15 som
731 940 6 21 i
748 940 58 22 aktiv
817 940 68 27 krigs-

126 974 66 26 tjenst
207 974 105 21 anstälde.
335 974 67 21 Tiden
418 974 32 21 för
466 975 26 21 de
508 975 35 20 vid
554 980 98 16 reserven
664 974 96 22 anstälde
771 981 114 21 personers

126 1008 144 27 tjenstgöring
286 1009 34 21 vid
337 1008 143 27 öfningsmöte
496 1009 79 21 räknas
591 1008 47 22 från
656 1009 39 21 den
708 1009 40 27 dag
759 1010 26 20 de
797 1010 88 21 anländt

126 1043 34 21 till
177 1045 116 25 trupperna
308 1043 33 21 till
359 1043 39 21 den
416 1043 24 21 de
456 1043 46 21 från
520 1043 108 22 desamma
644 1044 85 21 afföras.

196 1097 50 18 Art.
263 1097 60 18 286.
347 1095 160 27 Reservofficer,
524 1102 45 14 som
586 1096 74 26 bryter
675 1097 44 20 mot
735 1095 40 21 den
792 1096 93 21 militära

126 1129 191 22 subordinationen
334 1130 53 21 eller
402 1130 125 27 disciplinen
538 1130 51 22 eller
600 1130 164 22 föreskrifterna
775 1130 109 27 angående

126 1163 209 27 militäruniformen,
356 1164 68 21 under
444 1164 39 21 den
499 1164 31 21 tid
546 1164 43 21 han
605 1164 40 22 bär
661 1164 65 22 sådan
742 1164 102 27 uniform,
861 1166 24 20 är

126 1197 147 22 underkastad
295 1205 76 14 ansvar
386 1200 28 25 på
430 1198 113 23 enahanda
557 1199 99 28 grunder,
673 1206 45 15 som
734 1199 6 21 i
757 1199 58 22 aktiv
831 1200 54 21 mili-

125 1232 100 27 tärtjenst
241 1233 88 21 stående
347 1232 77 22 officer.

195 1285 50 18 Art.
263 1286 58 18 287.
345 1284 93 21 Infinner
454 1285 32 26 sig
502 1285 47 21 icke
565 1287 115 19 värneman
691 1287 51 19 utan
753 1285 48 27 laga
812 1285 73 21 förfall

124 1318 29 27 på
169 1317 88 22 kallelse
274 1319 33 20 till
321 1319 142 26 tjenstgöring
479 1319 27 26 på
522 1319 98 21 bestämd
636 1319 40 27 tid,
689 1319 142 22 underkastas
842 1319 42 22 han

124 1352 39 21 det
185 1352 32 21 för
240 1352 146 22 uteblifvande
410 1353 47 21 från
481 1354 66 26 tjenst
562 1354 104 26 stadgade
682 1354 67 26 straff,
766 1354 70 21 såsom
852 1354 33 21 för

124 1386 67 22 första
211 1392 63 16 resan
291 1388 103 26 rymning,
411 1387 27 27 på
453 1387 68 27 grund
538 1387 23 21 af
575 1388 93 20 artikeln
695 1400 17 3 —
735 1400 19 3 —
774 1400 22 3 —
816 1400 21 4 —
857 1400 28 4 —
