1111 1781
260 156 15 21 4

223 224 70 29 lagda
312 224 77 21 finska
407 225 132 26 trupperna,
558 222 146 28 styrelserna,
724 223 145 21 anstalterna
887 223 44 22 och
949 224 35 21 in-

223 259 167 28 rättningarna
416 258 106 27 iakttaga
550 256 27 22 de
602 256 153 29 stadganden,
777 265 48 14 som
844 258 57 28 ingå
919 258 7 21 i
945 258 37 21 del

223 294 12 21 I
261 292 65 23 band
353 292 12 21 I
393 292 23 21 af
441 291 49 21 Mil
513 291 51 21 förf.
586 291 63 21 saml.
674 292 64 20 1869
761 292 36 21 års
815 291 96 29 edition,
930 292 53 21 med

223 327 125 28 undantag
375 326 23 22 af
424 326 185 28 granskningen:
639 325 22 28 1)
687 326 23 21 af
730 326 165 28 finansförslag
919 327 64 21 öfver

224 362 131 22 inkomster
382 360 42 22 och
451 360 98 28 utgifter
569 360 36 21 för
627 359 123 22 underhäll
775 360 42 22 och
838 360 145 29 förvaltning

225 396 23 22 af
266 395 104 23 nämnda
387 394 75 22 finska
480 397 96 26 trupper
591 394 43 22 och
646 394 169 29 inrättningar;
835 395 24 26 2)
873 395 22 21 af
907 395 76 21 rekvi-

225 431 98 21 sitioner
345 430 14 21 å
380 428 181 22 extraordinarie
585 428 43 22 och
645 428 216 22 förskottskrediter
879 431 59 19 samt
958 430 24 28 3)

225 465 24 21 af
274 464 91 28 förslag
386 463 122 29 angående
530 465 70 19 sättet
624 462 43 22 och
691 463 108 28 åtgärder
816 464 37 21 för
870 463 113 22 verkstäl-

225 498 70 22 lande
315 498 24 22 af
358 498 205 28 bestämningarna
580 498 8 20 i
604 497 102 22 nämnda
718 498 169 28 finansförslag.
918 498 65 21 Pröf-

225 534 90 28 ningen
344 532 23 22 af
393 532 28 21 de
447 532 9 21 i
482 532 67 21 dessa
576 534 35 19 tre
637 532 102 28 punkter
763 532 96 29 angifna
881 532 101 22 ärenden

226 568 91 28 äligger
345 566 132 29 Kejserliga
504 566 102 22 Senaten
633 566 36 21 för
693 566 108 28 Finland,
825 574 49 14 som
892 567 8 21 i
919 566 64 22 detta

227 601 109 23 afseende
355 601 67 29 följer
440 600 115 22 särskilda
572 600 172 28 författningar.

434 662 41 19 Här
492 662 121 19 bestämmes
628 661 174 26 Krigskonseljens
817 662 117 25 befogenhet
949 663 33 19 be-

366 691 96 19 träffande
480 690 85 20 ärenden
581 690 83 19 rörande
679 690 70 25 högsta
764 691 146 25 förvaltningen
924 692 20 18 af
958 692 25 19 de

366 720 63 18 finska
450 721 117 23 trupperna.
596 718 52 20 Frän
671 718 175 26 Krigskonseljens
864 719 119 25 äligganden

367 748 123 24 undantages
513 748 72 18 endast
607 747 149 25 granskningen
775 748 20 18 af
809 748 174 25 militärbudgeten

366 777 29 19 för
415 776 23 20 de
459 776 65 19 finska
544 778 120 23 truppernas
679 776 110 25 underhäll,
804 776 81 20 hvilken
899 777 83 24 gransk-

367 806 49 24 ning
435 804 87 20 ähvälits
543 805 64 19 finska
626 804 128 26 statsverket,
770 805 109 25 hvarjemte
894 805 38 19 den
947 805 36 19 all-

367 836 73 17 männa
460 840 84 12 normen
567 833 100 25 tillämpas
682 832 12 20 å
710 833 107 25 ordningen
832 834 30 18 för
876 834 108 24 handlägg-

367 863 73 24 ningen
457 862 19 19 af
491 862 99 19 ärendena
605 862 83 19 rörande
704 862 37 18 den
757 862 70 24 högsta
840 862 145 25 förvaltningen

367 892 19 18 af
407 891 24 19 de
452 891 64 19 finska
536 894 114 22 trupperna,
671 890 45 19 med
734 890 117 25 afskiljande
866 891 19 19 af
900 891 38 19 den
954 891 31 19 del

367 920 19 19 af
404 920 61 25 sagda
484 919 155 25 handläggning,
654 924 50 19 som,
719 919 6 19 i
740 919 97 19 beroende
852 920 20 18 af
887 920 33 18 det
936 920 49 19 före-

368 949 69 25 slagna
459 950 61 18 sättet
540 948 29 19 för
592 947 86 19 nämnda
700 949 93 23 truppers
815 948 104 19 förseende
941 948 44 19 med

368 977 156 23 förnödenheter,
547 976 120 20 fortfarande
689 975 75 26 äligger
785 976 39 20 den
844 976 65 20 lokala
923 976 63 20 finska

368 1006 105 25 styrelsen.

301 1072 46 21 Art.
369 1073 19 19 5.
426 1070 54 22 Alla
498 1069 101 22 ärenden
617 1068 144 22 beträffande
780 1068 45 22 den
843 1069 83 29 högsta
942 1070 44 21 för-

229 1107 143 27 valtningen
399 1105 23 21 af
443 1104 28 22 de
492 1104 76 22 finska
591 1106 127 26 trupperna
737 1103 43 22 och
798 1104 188 28 inrättningarna

229 1143 171 21 koncentreras
418 1139 34 21 uti
470 1138 196 28 Krigsministerii
683 1138 90 27 Kansli,
792 1138 3 21 i
806 1138 181 22 Hufvudstaben

231 1176 44 22 och
293 1176 9 21 i
319 1173 175 24 vederbörande
512 1170 180 30 Ofverstyrelser
710 1172 39 22 vid
761 1173 226 28 Krigsministerium

231 1213 61 20 samt
319 1209 136 28 föredragas
478 1208 37 22 för
538 1207 193 29 Krigsministern
755 1215 83 21 genom
857 1208 66 21 dessa
941 1211 47 25 sty-

230 1244 125 24 relseverk.

438 1293 46 20 Med
505 1292 152 20 återställandet
677 1292 19 20 af
711 1292 38 20 den
764 1292 99 20 allmänna
877 1292 111 25 ordningen

370 1323 29 19 för
414 1322 110 20 ärendenas
539 1321 141 25 föredragning
694 1322 30 19 för
738 1321 165 25 Krigsministern
915 1327 72 19 genom

370 1347 184 28 Öfverstyrelserna
576 1350 33 19 vid
631 1349 190 26 Krigsministerium
841 1350 93 25 indrages
949 1350 39 19 den

370 1380 97 19 särskilde
490 1378 166 26 föredragandens
678 1379 20 19 af
719 1378 62 20 finska
802 1378 111 20 militärens
928 1384 60 20 ange-

371 1408 115 26 lägenheter
501 1408 116 24 befattning.

440 1436 38 20 Till
501 1436 39 20 den
562 1442 37 14 ena
617 1436 63 19 finska
700 1438 173 23 representantens
889 1436 99 24 yttrande,

372 1468 30 18 att
416 1466 34 20 det
465 1466 29 19 för
509 1465 39 19 den
562 1465 86 19 militära
662 1464 154 26 förvaltningens
832 1464 85 20 centrala
928 1470 61 19 organ
