1111 1798
802 156 46 21 109

127 225 46 21 den
190 224 141 29 vägalängd,
342 231 50 15 som
401 224 43 21 bör
454 223 196 30 tillryggaläggas
660 225 30 28 på
699 224 104 28 jernväg,
813 223 71 23 borde

128 259 56 21 ökas
209 259 38 21 till
265 259 131 21 400—450
415 258 123 22 kilometer
555 259 8 20 i
582 258 94 29 dygnet.
713 258 111 22 Komitén
842 258 43 22 har

127 293 60 22 dock
204 293 52 22 icke
275 295 77 19 ansett
369 293 37 28 sig
423 293 81 21 kunna
523 293 97 22 omfatta
639 293 65 21 detta
722 293 92 28 förslag.

196 328 56 21 Man
276 328 73 21 måste
373 327 119 28 nämligen
510 330 56 26 taga
584 327 9 21 i
611 327 161 27 betraktande,
792 329 35 19 att
844 327 41 21 vid

127 361 175 22 fastställandet
326 361 23 22 af
373 369 30 14 en
425 361 72 22 sådan
515 361 135 29 vägalängd
667 368 178 15 reservmannen
862 361 21 28 ej

128 397 102 21 kommer
249 398 35 19 att
301 396 70 21 hafva
389 396 38 21 till
446 396 41 21 sitt
505 395 137 30 förfogande
652 396 79 28 någon
744 395 140 29 öfverlopps-

128 431 45 27 tid;
191 431 51 21 ifall
260 430 46 22 han
322 431 138 20 försummar
473 433 33 18 ett
518 431 47 28 tåg,
578 430 48 22 kan
638 430 77 21 denna
727 430 157 21 försummelse

128 465 119 22 förorsaka
260 467 36 19 att
308 465 46 21 han
367 465 51 21 icke
431 465 8 21 i
451 467 79 19 rättan
543 465 36 21 tid
590 465 107 21 inställer
710 465 35 28 sig
757 465 38 20 till
803 465 82 28 tjenst-

129 500 83 28 göring
231 499 43 22 och
292 499 65 21 detta
375 499 47 22 kan
440 499 25 28 ju
484 499 67 22 alltid
568 499 96 22 inträffa
676 499 7 21 i
697 499 108 28 Finland,
818 499 67 21 hvar-

130 536 35 20 est
183 536 71 27 tågen
272 534 109 21 stundom
394 536 84 20 stanna
491 534 65 22 öfver
567 536 83 19 natten
663 534 13 21 å
688 533 196 29 mellanliggande

129 569 118 22 stationer.
272 568 33 22 På
315 568 76 22 denna
400 568 77 29 grund
487 576 67 14 anser
563 568 112 22 Komitén
684 568 8 22 i
702 568 64 22 detta
776 567 108 23 afseende

130 603 222 28 ändamålsenligare
371 605 36 19 att
424 603 117 21 fastställa
560 603 93 21 kortare
671 602 163 29 vägalängder.

197 673 47 20 Art.
265 674 50 19 224.
353 671 90 22 Genom
469 672 193 28 Rikskonseljens
689 671 45 21 den
763 672 29 21 15
817 671 68 29 April

132 706 62 22 1891
214 707 9 21 i
238 706 78 22 Nåder
327 706 123 22 faststälda
463 706 77 21 beslut
552 706 42 22 har
606 706 45 21 den
664 706 99 28 tidigare
775 705 109 29 gällande

129 740 166 29 förordningen
322 748 36 14 om
384 740 211 22 Rikslandtvärnet
620 740 126 29 undergått
764 740 120 28 betydliga

132 774 166 29 förändringar.

197 810 38 20 En
258 809 128 29 jemförelse
411 809 24 21 af
456 809 77 21 denna
551 817 45 21 nya
615 809 136 28 förordning
769 808 53 22 med
840 808 45 22 den

127 844 75 21 finska
229 844 225 28 värnepligtslagens
473 844 175 28 bestämningar
666 844 8 20 i
692 846 77 18 ämnet
786 843 94 27 utvisar,

128 880 35 20 att
180 878 52 21 dem
250 878 98 22 emellan
367 878 124 21 förefinnes
509 886 29 13 en
555 878 70 29 högst
637 878 116 29 väsentlig
763 876 119 23 åtskilnad

127 912 71 22 redan
217 913 8 20 i
243 913 83 28 sjelfva
344 912 244 29 grundstadgandena,
601 913 95 21 hvarför
713 912 117 27 Komitén,
844 911 38 22 till

127 947 118 21 vinnande
264 947 22 22 af
307 947 144 28 enhetlighet
469 947 8 21 i
495 947 209 22 Rikslandtvärnet
722 947 160 28 organisation

127 982 62 21 inom
208 981 52 22 hela
277 982 129 28 Rysslands
425 982 100 27 område,
538 984 77 20 ansett
632 982 67 22 dessa
714 990 46 20 nya
772 981 109 29 stadgan-

128 1016 45 21 den
200 1024 37 14 om
262 1016 149 22 landtvärnet
439 1016 56 22 böra
521 1016 89 22 införas
628 1017 71 21 också
716 1017 9 20 i
743 1016 44 21 den
805 1016 76 21 finska

127 1050 221 29 värnepligtslagen,
362 1051 25 21 så
405 1051 93 28 mycket
516 1058 54 20 mer,
584 1058 50 14 som
646 1051 89 21 antalet
747 1050 134 29 paragrafer

127 1085 99 21 rörande
243 1085 149 22 landtvärnet
410 1085 8 21 i
437 1085 76 21 denna
531 1085 143 21 sistnämnda
692 1085 40 29 lag
743 1084 138 22 inskränker

128 1119 36 29 sig
182 1119 37 21 till
237 1120 82 21 ehdast
336 1122 35 19 tre
385 1120 47 27 (19,
447 1120 32 21 20
493 1119 43 22 och
550 1120 46 26 21).
624 1120 127 28 Angående
765 1119 28 21 de
805 1118 76 22 finska

127 1153 311 29 landtvärnsbataljonernas
457 1154 159 28 organisation
634 1154 56 28 ingå
706 1154 116 21 dessutom
834 1156 47 18 sär-

128 1188 76 21 skilda
222 1188 173 28 bestämningar
407 1188 9 21 i
429 1188 223 22 Storfurstendömet
664 1188 113 22 Finlands
790 1187 91 22 författ-

127 1222 169 29 ningssamling
313 1223 36 21 för
368 1224 25 20 år
413 1223 64 21 1882
497 1223 43 21 N:o
560 1223 38 27 22,
611 1231 53 13 men
682 1223 68 21 äfven
769 1222 66 22 dessa
847 1222 34 21 di-

127 1264 96 21 vergera
248 1257 80 29 skarpt
346 1257 53 21 med
416 1257 252 29 hufvudstadgandena
687 1258 8 20 i
713 1257 45 21 den
774 1264 48 21 nya
840 1256 41 21 all-

128 1295 85 18 männa
230 1292 70 28 lagen
318 1299 36 14 om
371 1291 157 22 landtvärnet.

194 1326 13 21 I
225 1326 39 21 det
282 1326 111 21 Komitén
410 1326 71 28 gifvit
493 1326 100 22 artikeln
606 1326 57 28 224,
676 1333 37 15 om
725 1325 155 26 landtvärnet,

127 1360 137 22 vidstående
275 1360 95 28 lydelse,
382 1360 43 22 har
435 1360 112 22 Komitén
559 1360 61 29 tagit
632 1360 8 21 i
652 1360 163 22 betraktande:
838 1359 43 26 1:0)

127 1394 46 21 den
191 1394 208 29 omständigheten,
410 1397 35 19 att
457 1395 9 21 i
479 1395 45 21 den
535 1394 77 22 finska
623 1394 69 29 lagen
705 1395 50 21 icke
767 1394 114 22 förekom-

127 1436 48 14 mer
191 1429 79 28 någon
289 1429 104 28 antydan
411 1437 36 14 om
466 1432 35 19 att
518 1429 150 22 ländtvärnet
686 1431 69 27 utgör
767 1437 30 13 en
809 1428 37 22 del
859 1428 22 21 af
