1111 1798
264 164 47 22 108

226 232 70 21 träffa
323 234 35 20 att
384 240 132 15 reservman
539 233 73 22 innan
631 233 48 21 åtal
696 233 83 21 väckts
796 233 80 22 blifvit
894 232 88 23 häktad

226 266 141 29 exempelvis
384 268 35 22 för
436 267 65 22 mord
521 268 43 21 och
582 267 104 29 sålunda,
704 267 75 29 enligt
797 270 41 19 art.
852 268 50 21 260
914 275 66 14 mom.

228 301 13 21 2
260 301 9 21 i
287 301 173 29 Kejsardömets
478 302 45 29 lag,
542 302 52 21 icke
612 309 55 14 vore
685 301 110 23 frikallad
813 302 52 22 från
878 302 103 28 skyldig-

226 335 71 22 heten
316 338 34 19 att
367 336 90 22 infinna
474 336 37 29 sig
527 336 41 22 vid
586 338 101 27 truppen
704 336 62 22 blott
783 336 97 28 derföre,
891 338 34 20 att
934 336 46 21 han

226 370 52 21 icke
296 370 93 22 häktats
407 372 76 20 såsom
500 370 96 22 stående
614 370 74 22 under
706 370 48 22 åtal
766 370 57 22 eller
832 370 147 28 ransakning.

295 440 46 21 Art.
367 442 44 20 195.
449 440 157 21 Alldenstund
628 440 40 22 vid
690 439 81 30 hvarje
789 440 192 28 truppafdelning

225 473 75 22 finnes
318 482 29 13 en
365 474 174 27 militärläkare,
556 474 43 22 har
616 474 113 22 Komitén
747 476 77 20 ansett
842 474 139 29 tillräckligt

226 510 36 19 att
279 508 116 22 fastställa
413 509 39 21 det
470 509 62 21 blott
550 517 28 13 en
598 508 135 22 civilläkare
751 509 42 21 bör
811 508 120 23 förordnas
943 508 37 22 till

225 542 92 22 biträde
336 544 24 20 åt
377 543 190 22 militärläkaren.

295 613 45 20 Art.
362 614 53 20 200.
452 612 112 22 Komiten
582 613 42 21 har
642 613 8 21 i
668 612 112 29 förslaget
797 612 38 22 till
847 612 44 22 den
905 612 75 22 finska

226 646 70 28 lagen
313 648 58 20 utan
389 647 100 29 ändring
507 647 71 21 infört
598 649 41 19 art.
660 647 47 21 277
722 647 8 21 i
739 647 174 29 Kejsardömets
922 646 58 29 lag
969 642 13 38 i

226 680 45 22 den
290 680 160 30 öfvertygelse,
479 683 34 20 att
531 682 65 21 säväl
614 681 212 29 ordningsstadgan
844 688 50 14 som
912 681 67 21 äfven

224 714 168 30 förordningen
410 716 119 28 angäende
549 716 218 22 officersdomstolar
783 716 7 21 i
803 715 101 22 Finland
914 715 65 22 skola

224 749 97 29 bringas
343 750 7 21 i
372 750 139 28 fullständig
538 750 236 22 öfverensstämmelse
801 750 52 22 med
880 752 99 19 motsva-

225 784 79 27 rande,
323 784 8 21 i
348 784 162 28 Kejsardömet
528 784 109 29 gällande
656 784 168 29 förordningar.

295 854 45 20 Art.
362 855 52 20 203.
453 854 41 21 Om
513 854 69 21 också
601 854 8 21 i
627 854 85 21 Finlad
731 854 137 28 bysättuing
880 854 35 21 för
924 854 55 28 gäld

224 887 53 22 icke
295 887 124 30 tillämpas,
429 889 26 21 sä
473 888 46 22 kan
537 888 40 22 det
595 888 73 22 likväl
686 888 95 22 inträffa
795 890 34 20 att
841 896 136 18 reservman,

224 929 50 14 som
292 922 72 22 vistas
382 923 8 20 i
408 923 167 28 Kejsardömet,
595 923 46 21 blir
659 923 85 28 bysatt.
781 923 53 21 Med
852 923 127 28 anledning

224 955 68 22 häraf
315 956 43 22 har
380 957 111 22 Komitön
513 959 77 20 ansett
608 957 108 29 lämpligt
734 959 35 20 att
787 958 8 21 i
813 957 111 28 förslaget
941 957 38 21 till

224 990 62 21 finsk
303 991 185 30 värnepligtslag
506 992 81 27 intaga
606 994 42 19 art.
669 992 49 21 280
732 992 7 21 i
749 991 174 29 Kejsardömets
933 992 45 21 för-

224 1025 110 28 fattning.

294 1094 45 21 Art.
361 1095 50 20 204.
449 1094 108 21 Artikeln
569 1095 47 20 201
629 1095 8 20 i
647 1095 173 28 Kejsardömets
830 1095 40 27 lag
880 1094 40 21 har
930 1094 47 21 Ko-

223 1127 75 22 miten
316 1127 83 22 ändrat
417 1128 8 21 i
445 1128 239 22 öfverensstämmelse
693 1128 52 22 med
755 1128 100 29 Nädigst
864 1128 112 21 stadfästa

223 1161 166 29 förordningen
411 1162 98 22 rörande
531 1163 117 21 officerare
668 1163 44 21 och
730 1164 136 27 tjenstemän
887 1163 38 20 vid
943 1170 34 13 re-

224 1203 88 14 serven.

292 1265 46 20 Art.
360 1266 42 20 211.
440 1265 36 21 Då
502 1265 245 28 prokuratorsinstitut
771 1265 51 22 icke
841 1266 110 21 existerar
969 1266 7 20 i

222 1297 109 29 Finland,
342 1299 41 21 har
401 1299 112 22 Komitön
531 1302 72 19 ersatt
621 1299 65 22 detta
704 1300 94 28 uttryck
816 1300 8 21 i
843 1301 36 20 art
892 1300 47 21 288
954 1300 23 21 ai

222 1332 176 29 Kejsardömets
422 1333 139 29 författning
579 1333 53 22 med
650 1333 72 22 orden
742 1334 97 28 ,allmän
860 1333 117 29 äklagare-

222 1367 159 28 myndighet*,
399 1375 50 14 som
466 1368 124 21 förefinnes
608 1368 9 21 i
635 1368 86 22 landet.

291 1437 46 20 Art.
359 1438 45 20 214.
441 1437 54 22 Med
513 1437 107 22 afseende
639 1438 14 21 &
670 1437 77 22 denna
757 1437 84 22 artikel
850 1437 43 22 har
902 1445 74 21 repre-

221 1472 125 19 sentanten
363 1471 36 21 för
417 1471 46 21 den
480 1471 75 22 finska
574 1471 218 22 administrationen
804 1471 126 28 föreslagit,
942 1475 33 18 att
