1111 1798
262 169 31 22 56

295 239 54 21 Man
369 239 42 21 bör
429 239 92 22 komma
539 239 62 29 ihåg,
615 241 35 20 att
662 239 72 22 sedan
745 239 133 22 Ständerna
891 241 93 28 engång

226 272 105 29 godkänt
355 281 29 14 en
407 273 86 22 allmän
511 274 139 28 värnepligt,
670 273 39 22 det
727 274 52 21 icke
798 274 66 22 beror
882 275 30 28 på
930 275 52 21 dem

226 309 91 20 ensamt
335 309 35 20 att
388 308 75 21 återfå
481 308 28 21 de
527 308 90 22 indelta
634 310 135 27 trupperna.
805 309 56 21 Man
879 311 49 20 tror
946 309 37 28 sig

225 349 37 20 ega
291 343 143 27 värnepligten
460 344 8 20 i
490 344 36 20 sin
549 344 64 26 hand,
637 343 140 28 derigenom,
797 345 35 20 att
851 343 129 22 Ständerna

224 375 144 23 fortfarande
396 384 44 21 ega
467 377 143 28 rättigheten
634 379 36 20 att
687 378 38 21 för
743 377 133 22 densamma
894 378 88 29 bevilja

223 410 77 21 medel
327 413 92 26 (genom
447 411 132 28 antagande
607 413 23 20 af
657 412 174 29 bevillningar);
856 420 53 13 men
926 420 54 14 man

223 444 120 29 glömmer,
363 448 34 19 att
422 447 24 20 så
465 448 64 19 snart
547 446 121 29 principen
688 454 37 14 om
743 447 86 21 allmän
848 447 132 29 värnepligt

224 479 24 21 af
275 479 126 23 ständerna
430 481 108 28 antagits,
557 481 138 28 regeringen
720 481 47 22 kan
785 481 70 22 ställa
873 482 36 27 sig
927 481 53 22 obe-

223 513 86 22 roende
337 515 23 21 af
387 515 81 28 hvarje
492 515 130 29 bevillning
641 515 52 22 från
713 515 136 22 ständernas
867 516 51 22 sida
936 516 43 21 och

223 555 48 21 nog
289 549 90 22 utfinna
397 549 76 22 medel
492 552 34 19 att
544 550 53 29 sjelf
614 550 126 29 uppehålla
758 551 149 21 situationen.
939 551 41 20 Sä-

222 582 63 21 ledes
305 583 50 22 icke
375 591 39 14 ens
434 591 83 21 genom
530 584 219 29 bevillningsrätten
762 585 70 21 hafva
847 585 131 21 Ständerna

223 617 165 30 värnepligten
406 619 8 20 i
434 619 50 22 sina
503 619 94 21 händer.
628 619 55 22 Man
702 619 111 29 glömmer
832 621 35 20 att
885 620 24 21 vi
926 619 52 22 icke

222 659 41 14 ens
284 651 70 23 hafva
373 653 45 21 den
432 653 101 22 militära
546 653 257 29 strafflagsstiftningen
817 654 7 21 i
836 655 42 20 vår
887 653 91 28 hand*;.

221 685 60 22 Vårt
307 687 67 22 lands
401 692 99 24 säregna
522 688 116 29 ställning
653 688 90 22 fordrar
761 688 163 29 ovillkorligen
943 691 35 19 att

220 720 123 23 individen
372 722 59 22 skall
460 723 22 21 få
508 723 52 21 fritt
587 723 63 28 välja
672 731 36 13 om
727 722 46 23 han
791 723 42 21 vill
852 723 56 21 eller
926 723 51 22 icke

219 755 44 21 vill
291 755 66 23 träda
384 757 8 20 i
419 757 138 29 krigstjenst
582 774 2 3 .
611 774 4 4 .
641 774 3 3 .
671 757 84 22 Vidare
775 757 120 29 påpekade
914 758 62 21 Born

219 789 111 22 hurusom
351 791 144 29 landtdagen
514 791 102 29 skapade
634 799 28 14 en
681 792 60 21 finsk
760 792 93 27 militär,
872 800 49 14 som
938 800 39 21 ge-

219 831 56 14 nom
302 825 36 21 sin
366 826 133 29 ensidighet
523 833 54 14 vore
600 826 75 28 egnad
695 829 35 19 att
747 829 83 26 utgöra
849 834 28 14 en
897 827 37 21 del
953 827 24 21 af

218 858 72 27 ryska
317 860 78 21 armén
424 861 43 21 och
494 868 48 14 som
566 861 9 20 i
596 861 88 21 saknad
704 861 24 21 af
745 861 162 28 specialvapen
925 861 52 22 icke

219 892 80 22 kunde
318 902 48 14 som
385 895 36 28 sig
440 895 42 21 bör
499 895 104 22 försvara
622 895 192 22 fäderneslandet.

292 929 68 21 Taube
377 930 103 27 yttrade:
499 930 64 21 Born
582 930 84 21 önskar
679 932 35 20 att
726 930 75 22 finska
813 930 75 22 folket
901 930 75 22 skulle

217 962 23 21 fä
268 963 90 21 ostördt
384 963 77 29 fortgä
487 965 29 27 pä
541 964 35 21 sin
594 964 100 29 fredliga
712 965 142 29 utveckling.
891 965 81 21 Under

218 996 40 21 det
289 998 100 22 svenska
419 998 80 22 väldet
528 1006 41 14 var
597 998 76 22 denna
692 1000 136 28 utveckling
847 1000 129 28 ingalunda

216 1030 93 30 fredlig.

288 1066 107 22 Hartman
415 1067 111 27 (Rafael):
546 1075 37 14 om
601 1076 53 13 man
673 1068 94 28 frägade
786 1068 53 28 mig,
859 1068 115 21 huruvida

215 1100 41 28 jag
281 1100 42 21 vill
343 1103 86 27 antaga
447 1102 163 28 värnepligten
628 1102 37 21 till
686 1102 97 28 ,rikets*
804 1102 29 28 (d.
854 1106 19 17 ä.
891 1102 83 29 Kejsa-

215 1134 106 22 redömet
345 1135 138 29 Rysslands)
506 1136 95 28 försvar,
620 1136 36 22 för
674 1139 35 19 att
727 1136 103 23 försvara
849 1139 34 19 ett
902 1135 90 23 annat”

215 1168 64 21 folks
307 1170 136 27 (ryssarnes)
471 1170 163 22 fädernesland
652 1171 44 21 och
714 1171 72 22 andra
804 1170 92 22 länders
915 1171 57 29 poli-

214 1202 63 22 tiska
296 1203 121 29 intressen,
438 1205 73 21 skulle
529 1206 40 28 jag
588 1208 69 26 öppet
676 1213 76 14 svara:
770 1206 49 28 nej!

285 1238 46 21 För
351 1240 34 20 att
402 1239 25 21 vi
445 1240 71 20 mätte
536 1247 43 22 ega
596 1240 76 28 grund
692 1242 34 20 att
744 1240 134 22 kvarblifva
896 1240 8 21 i
922 1241 50 21 lan-

213 1271 47 27 det,
286 1273 73 21 mäste
383 1273 25 22 vi
426 1281 44 21 ega
488 1274 111 29 skickligt
617 1274 69 28 befäl,
706 1274 95 29 dugliga
820 1275 107 27 soldater,
946 1276 25 20 vi

213 1307 76 20 måste
308 1307 67 22 stöda
392 1308 137 22 infanteriet
547 1309 52 21 med
618 1309 102 21 artilleri.
757 1309 68 22 Först
843 1309 30 22 dä
891 1309 79 22 kunna

211 1341 24 20 vi
261 1341 93 22 komma
373 1342 36 21 till
429 1343 134 28 Majestätet
581 1343 43 21 och
642 1347 64 24 säga:
727 1344 23 21 vi
768 1344 80 21 kunna
866 1344 102 21 försvara

281 1453 18 19 ")
327 1449 28 22 År
374 1455 44 17 1886
436 1455 143 18 öfverlomnades
597 1456 26 17 till
641 1455 112 18 Ständernas
771 1456 114 23 granskning
902 1456 67 17 Siraff-

209 1481 53 23 lagen
277 1482 29 17 för
318 1482 62 18 finska
392 1483 96 18 militären.
