1109 1798
819 157 31 21 27

129 233 51 14 som
198 226 324 21 Ministerstatssekreteraren
543 226 35 21 för
596 225 102 22 Finland
711 226 28 21 då
751 226 34 21 lät
795 225 92 23 komma

129 261 37 27 sig
193 260 37 21 till
257 260 46 21 last
330 260 43 22 och
396 267 49 14 som
467 260 82 21 bestod
568 260 34 21 uti
621 259 110 29 följande:
751 260 72 21 innan
842 259 45 22 den

129 294 162 28 underdåniga
309 294 196 29 föredragningen
524 294 135 22 meddelade
678 294 106 21 Friherre
799 294 88 29 Stjern-

128 329 173 26 vall-Walleen,
326 330 29 27 på
378 329 73 28 nådig
468 329 137 28 befallning,
624 329 7 20 i
651 329 119 21 skrifvelse
790 329 45 20 den
857 329 30 20 14

128 363 51 22 Juli
209 363 64 21 1878
298 363 41 21 N:o
367 363 56 28 512,
444 363 195 28 Krigsministern
657 363 28 21 de
705 363 182 28 hufvudsakliga

130 397 131 28 ändringar,
287 405 48 14 som
363 398 23 21 af
413 398 113 21 Finlands
546 397 94 22 ständer
658 398 73 28 gjorts
750 397 8 21 i
776 397 110 28 förslaget

129 432 37 21 till
193 432 189 28 värnepligtslag,
406 432 118 21 äfvensom
546 432 8 21 i
576 431 82 22 hvilka
680 431 64 22 delar
761 431 126 22 ständerna

130 467 92 26 antagit
239 466 117 29 förslaget.
391 466 91 21 Härvid
501 466 108 22 anfördes
628 466 165 29 förändringen
813 466 23 21 af
853 473 33 13 re-

129 508 94 14 servens
241 501 210 28 sammansättning
469 501 43 21 och
528 501 184 29 tjenstetiderna,
726 501 44 21 den
783 500 103 22 ändrade

129 535 103 28 lydelsen
261 535 23 21 af
309 536 26 26 8&
363 536 19 27 1,
408 536 45 20 123
479 544 28 12 m.
527 536 33 26 fl.;
579 536 80 21 vidare
678 535 119 22 framhölls
816 535 8 21 i
842 535 45 21 för-

131 569 106 22 bemälda
255 570 130 21 skrifvelse:
405 570 61 21 hvad
486 570 111 28 slutligen
616 570 111 21 beträffar
745 570 26 20 de
788 570 23 21 af
824 572 62 18 stän-

129 604 72 21 derna
219 604 7 21 i
245 604 166 28 sammanhang
435 604 52 22 med
512 604 224 28 värnepligtslagens
754 603 132 29 antagande

128 638 122 28 nttryckta
269 638 181 28 önskningsmål,
470 639 52 21 med
540 639 122 28 undantag
675 639 23 21 af
710 638 121 22 finansiela
844 638 43 22 och

129 673 248 28 beskattningsfrågor,
397 673 121 28 angående
537 673 82 22 hvilka
638 673 101 21 Senaten
753 677 62 17 ännu
828 672 58 29 egde

129 711 103 25 uppgöra
253 707 86 28 förslag
357 708 37 20 till
411 708 114 21 särskilda
538 708 169 28 propositioner
720 708 36 20 till
769 708 118 20 nästkom-

129 741 82 21 mande
231 741 119 28 landtdag,
371 742 23 20 sä
414 742 116 21 innetatta
548 741 29 21 de
598 743 108 27 rvigtigaste
723 743 28 27 af
759 743 128 20 ständernas

128 777 142 26 omförmälda
289 777 164 27 önskuinysmä!
465 776 103 29 följande
581 776 110 28 punkter:
707 777 21 26 1)
740 775 146 22 anställande

130 810 22 21 af
171 818 29 13 en
213 810 166 28 föredragande
393 810 23 22 af
429 810 75 22 finska
518 810 100 22 ärenden
630 811 41 21 hos
681 811 205 27 Krigsministern;

130 845 23 26 2)
173 844 93 22 fordran
286 846 29 26 pä
334 845 132 21 kännedom
485 845 23 21 af
526 845 99 21 svenska
643 846 44 20 och
699 845 74 21 finska
787 844 98 28 spräken

128 878 41 22 hos
197 886 116 21 personer,
337 879 80 22 hvilka
436 879 92 22 inträda
548 879 41 22 vid
606 880 76 21 finska
700 879 122 27 militären,
843 878 43 22 och

130 914 23 26 3)
177 913 121 22 införande
317 914 58 21 efter
396 915 30 20 10
445 915 26 20 är
490 914 22 21 af
531 914 174 28 nödigbefunna
724 914 163 27 förändringar

128 948 6 20 i
159 948 222 28 värnepligtslagen.
418 949 54 20 Men
500 951 35 19 att
554 948 125 21 ständerna
697 948 41 21 hos
757 948 128 21 Monarken

128 982 117 27 hemstält,
266 985 33 19 att
319 984 27 25 $$
368 984 18 26 1,
407 984 20 26 2,
449 984 20 26 3,
489 984 22 26 4,
532 984 21 26 5,
575 984 20 26 6,
616 984 21 26 9,
659 984 37 26 13,
718 984 35 27 19,
774 984 39 25 20,
838 982 48 21 120

132 1017 53 20 121.
208 1017 45 21 122
273 1017 43 21 och
337 1018 46 20 123
403 1017 76 21 skulle
499 1025 66 14 anses
584 1017 35 21 för
631 1016 257 30 grundlagar
777 1012 13 38 i
802 1016 86 30 landet,

128 1051 56 21 eller
203 1051 88 21 således
310 1051 39 21 det
361 1052 127 28 vigtigaste
502 1052 23 21 af
538 1052 136 21 ständernas
688 1052 45 21 alla
747 1052 139 27 önsknings-

128 1086 53 26 mål,
205 1086 48 21 blef
281 1086 22 21 af
325 1086 343 22 Minister-Statssekreteraren
688 1086 41 21 alls
748 1086 50 21 icke
818 1086 69 27 bragt

128 1120 38 20 till
194 1120 205 28 Krigsministerns
426 1120 139 22 kännedom.
601 1121 86 21 Medan
714 1120 46 22 han
781 1121 8 20 i
814 1120 73 28 sagda

128 1154 123 22 skrifvelse
276 1155 140 21 motiverade
436 1154 124 22 allehanda
580 1155 98 27 bisaker,
697 1155 55 21 fann
770 1155 47 21 han
836 1154 50 21 icke

129 1188 81 28 nödigt
234 1191 33 19 att
287 1189 118 28 uppräkna
426 1189 60 21 helst
505 1190 71 27 några
597 1190 23 20 af
639 1189 27 21 de
685 1189 57 27 skäl,
762 1190 29 27 på
809 1188 77 29 grund

128 1222 83 22 hvaraf
229 1223 124 21 ständerna
373 1223 98 21 anhållit
491 1231 37 14 om
546 1232 29 12 en
594 1224 25 21 så
635 1224 78 28 vigtig
725 1224 84 21 reform
821 1224 7 20 i
842 1223 45 21 den

128 1257 97 27 specielt
243 1257 100 21 militära
363 1258 188 28 lagstiftningen,
571 1266 46 13 som
637 1258 152 21 hänförandet
805 1258 22 21 af
840 1261 48 17 sär-

129 1291 78 21 skilda
233 1292 145 28 stadganden
398 1292 6 21 i
423 1292 214 28 värnepligtslagen
663 1292 37 21 till
721 1292 124 28 kategorin
865 1291 23 21 af

128 1325 154 29 grundlagar;
311 1326 46 21 han
385 1328 72 26 ansåg
481 1327 37 28 sig
536 1327 51 21 icke
606 1327 86 28 pligtig
711 1329 33 19 att
763 1326 125 28 uppmärk-

128 1363 107 25 samgöra
253 1360 194 29 Krigsministern
467 1362 28 27 på
515 1361 44 21 den
578 1360 120 29 betydelse
715 1360 173 29 grundlagarne

128 1395 6 20 i
154 1394 103 22 Finland
275 1402 44 20 epa
336 1395 55 21 eller
410 1396 29 27 pä
457 1395 129 28 ordningen
607 1395 35 21 för
660 1395 67 21 deras
739 1394 149 26 utfärdande,

129 1428 101 29 ändring
252 1429 43 21 och
314 1429 171 29 upphäfvande.
522 1430 32 21 Af
572 1430 69 27 ryska
661 1429 162 28 myndigheter
841 1429 48 21 kan

128 1463 130 28 ingalunda
276 1463 89 22 fordras
384 1463 131 22 kännedom
534 1464 24 21 af
577 1463 86 22 sådana
681 1463 152 29 stadganden,
848 1463 41 22 all-
