1111 1792
265 150 31 21 62

229 221 48 19 rätt
295 218 38 22 till
351 218 97 28 frivillig
467 216 146 29 delaktighet
631 217 8 21 i
657 216 192 22 emeritalkassan
862 217 36 21 för
911 217 77 21 landt-

230 252 89 28 armén;
339 260 86 14 samma
443 259 111 21 personer
571 252 87 25 kunna,
677 251 30 21 då
725 251 28 21 de
772 254 39 18 äro
830 251 158 29 infödingar
977 247 15 37 i

229 287 28 21 de
275 287 77 21 finska
370 286 76 27 länen,
462 293 56 14 vara
531 285 106 29 delegare
651 286 8 20 i
672 285 100 22 nämnda
786 286 69 20 kassa
868 286 30 28 på
911 286 78 28 grund

230 321 23 21 af
274 324 42 19 art.
341 321 30 21 22
394 320 8 22 i
424 320 46 22 den
488 320 8 21 i
514 320 73 21 nåder
604 319 45 22 den
669 320 31 21 20
719 320 47 28 Maj
788 320 66 21 1894
874 320 114 22 stadfästa

229 355 180 28 Förordningen
431 354 120 28 angående
569 354 190 21 emeritalkassan
778 354 36 22 för
832 354 155 22 landtarmén.

439 422 40 18 Art.
500 422 38 18 117
557 421 5 19 i
582 420 113 25 »förslaget»
711 421 108 19 fastställer
834 423 30 17 att
880 422 33 18 vid
928 422 59 18 förlä-

369 450 73 19 nandet
457 450 19 18 af
491 450 115 24 belöningar
621 449 20 19 åt
658 450 32 18 vid
705 450 24 18 de
745 450 64 19 finska
824 452 110 22 trupperna
950 450 37 19 och

367 478 159 24 inrättningarna
546 478 92 19 anstälda
658 484 94 18 personer
773 478 24 19 de
818 478 99 19 allmänna
933 479 53 19 stad-

368 507 91 24 gandena
474 506 36 20 och
526 506 89 25 reglerna
631 512 31 13 om
673 506 119 25 belöningar,
804 512 43 14 som
858 506 48 25 ingå
919 507 4 18 i
935 507 52 19 band

369 535 47 19 VIII
442 535 40 19 Mil.
504 535 44 19 förf.
571 534 56 20 saml.
648 535 19 18 af
689 534 22 20 är
727 536 59 23 1869,
802 535 57 19 skola
874 535 112 25 tillämpas;

368 564 51 18 hvad
435 563 43 19 äter
493 563 105 25 pensioner
613 563 36 19 och
663 563 99 25 tillfälliga
774 564 110 18 understöd
894 570 25 12 ur
929 564 58 18 Riks-

368 592 168 19 skattkammaren
552 592 97 23 beträffar,
664 591 82 20 föresläs
762 592 5 19 i
783 594 36 17 art.
838 592 45 21 118,
892 594 29 17 att
933 592 54 19 stad-

368 620 49 25 gade
438 620 104 25 pensioner
561 620 37 19 och
617 620 107 19 understöd
746 620 85 20 tilldelas
847 620 6 19 i
866 620 43 20 icke
924 620 63 20 finska

368 651 145 23 guvernement
530 648 81 20 infödda
630 648 99 20 officerare
750 649 28 19 för
799 648 132 26 tjenstgöring
954 649 33 19 vid

368 678 24 18 de
407 677 64 19 finska
487 679 108 23 trupperna
611 677 62 24 enligt
685 677 91 25 reglerna
786 677 5 19 i
802 677 185 25 Pensionsstadgan

368 706 36 19 och
420 705 40 19 Mil.
476 706 43 18 förf.
535 705 62 24 saml.,
613 706 62 18 ehuru
691 706 85 18 nämnde
791 706 101 19 officerare
907 706 80 19 komma

367 736 29 17 att
418 734 90 25 uppbära
529 734 30 19 sin
576 734 90 24 aflöning
681 734 61 24 enligt
758 734 37 19 den
812 734 64 19 finska
890 734 37 19 och
943 734 43 20 icke

368 762 62 25 enligt
446 762 38 19 den
500 762 99 19 allmänna
615 762 173 25 militärbudgeten
799 762 37 20 och
847 762 61 25 nägra
918 763 70 24 afdrag

368 791 29 19 till
413 791 193 25 pensionskapitalet
622 790 43 19 frän
681 791 56 19 deras
751 791 33 19 lön
799 791 43 19 icke
858 791 56 19 skola
930 792 57 18 verk-

368 820 75 18 ställas.
459 819 149 25 Medgifvandet
623 819 19 19 af
657 819 54 19 detta
726 820 102 24 undantag
843 820 44 19 frän
898 820 89 19 hufvud-

368 848 56 24 lagen
441 848 56 19 torde
512 848 89 19 befinnas
617 848 87 19 rättvist.
728 848 106 19 Dessutom
851 848 35 19 har
897 848 89 20 komitön

368 878 66 17 ansett
449 876 91 25 lämpligt
555 878 29 17 att
601 876 129 24 komplettera
745 879 36 16 art.
798 877 40 18 118
854 877 45 18 med
915 883 24 12 en
951 883 36 12 an-

368 905 80 24 visning
463 905 74 21 derom,
552 906 29 17 att
596 905 6 18 i
617 904 42 19 icke
675 905 63 19 finska
750 907 145 22 guvernement
907 905 80 20 infödde

368 933 100 19 officerare
488 933 37 19 och
541 933 128 25 tjenstemän,
684 933 66 19 hvilka
766 939 71 19 genom
853 933 135 26 tjenstgöring

368 961 32 19 vid
419 961 25 20 de
463 962 65 19 finska
548 964 109 23 trupperna
678 962 107 19 förvärfvat
801 963 39 18 rätt
856 962 29 19 till
901 962 86 25 pension

368 990 62 25 enligt
448 990 67 19 härför
536 990 4 19 i
561 990 83 19 Finland
661 991 89 24 gällande
767 990 68 25 regler,
851 996 37 19 ega
903 993 40 16 rätt
957 994 30 15 att

369 1019 90 24 uppbära
474 1019 85 24 pension
575 1019 64 24 enligt
653 1019 60 19 dessa
728 1019 69 24 regler.

436 1047 92 19 Nämnde
555 1047 100 19 officerare
676 1048 45 19 böra
741 1048 42 19 icke
804 1047 62 20 heller
888 1048 99 19 förmenas

368 1075 94 25 rättighet
484 1076 29 19 till
536 1076 121 24 delaktighet
676 1076 5 19 i
704 1076 168 24 eremitalkassan,
887 1082 45 13 men
954 1077 35 18 bör

368 1105 64 18 denna
448 1104 121 25 delaktighet
585 1111 46 12 vara
646 1104 83 25 frivillig
744 1104 44 26 (art.
804 1105 47 24 119)
867 1105 6 18 i
887 1105 100 19 anseende

367 1133 30 18 till
418 1133 38 19 den
476 1133 61 19 redan
554 1133 117 19 framhällna
686 1133 179 25 omständigheten,
880 1135 30 17 att
925 1133 62 25 sagda

367 1161 100 20 officerare
484 1161 56 20 skola
555 1162 89 25 uppbära
664 1162 30 18 sin
710 1162 86 25 aflöning
811 1162 19 19 af
845 1162 64 19 finska
925 1164 61 17 stats-

368 1190 73 19 verket.

510 1289 23 26 2)
552 1289 159 29 Försörjning.

297 1353 47 20 Art.
364 1353 50 20 120.
450 1352 46 21 Vid
515 1352 28 21 de
561 1352 77 22 finska
651 1354 126 27 trupperna
790 1352 112 27 anstälda,
916 1352 8 21 i
935 1352 51 21 icke

228 1386 76 22 finska
325 1389 169 26 guvernement
514 1387 97 21 infödda
633 1394 108 21 personer
765 1387 92 28 ätnjuta
882 1387 45 21 alla
946 1387 40 21 all-

228 1424 86 19 männa
336 1421 145 28 rättigheter,
504 1429 49 14 som
571 1425 39 18 äro
630 1421 111 29 stadgade
760 1421 8 22 i
785 1421 73 29 fjerde
878 1421 66 22 delen
964 1421 23 22 af

228 1455 62 22 band
309 1455 59 22 VIII
386 1456 23 21 af
427 1456 49 21 Mil.
495 1455 52 22 förf.
566 1456 64 21 saml.
650 1456 23 21 af
691 1457 26 20 är
732 1456 62 21 1869
808 1455 120 29 angäende
941 1455 45 22 för-
