1114 1767
271 162 47 22 104

234 229 103 29 gar",
315 225 28 39 på
356 230 39 21 det
414 232 35 20 att
467 230 116 29 utdragen
593 238 27 13 ur
629 229 140 22 alfabetiska
779 230 212 29 förteckningarna,

233 263 98 23 hvarom
348 264 44 22 här
410 268 25 18 är
452 264 73 29 fråga,
544 265 53 21 icke
610 265 73 21 måtte
692 264 135 22 förblandas
836 265 53 21 med
898 265 29 21 de
937 264 55 22 alfa-

234 299 92 21 betiska
343 299 183 28 förteckningar,
545 306 49 15 som
612 299 62 22 föras
693 299 64 22 öfver
776 306 110 21 personer
903 299 40 21 vid
958 306 34 13 re-

234 340 82 15 serven
341 333 23 22 af
386 333 394 22 Distriktsmilitärbefälhafvarene
804 333 44 22 och
869 333 97 22 hvarom
985 333 7 20 i

234 369 42 20 art.
298 368 48 21 154
365 367 23 22 af
406 368 112 28 förslaget
536 372 26 17 är
581 368 74 29 sagdt.

302 401 215 30 Representantens
529 402 37 22 för
578 403 45 20 den
633 402 76 21 finska
721 402 219 21 administrationen
952 402 39 28 på-

234 436 102 28 stående,
351 439 35 19 att
397 444 28 14 ur
437 437 146 21 innebörden
595 437 24 21 af
628 437 78 21 denna
716 436 84 22 artikel
810 436 74 22 skulle
894 436 96 29 framgå,

234 472 36 20 avt
287 471 264 22 militärbefälhafvaren
570 471 153 22 öfverlemnar
733 471 173 28 handlingarna
918 471 25 21 åt
955 471 36 28 sig

234 504 58 29 sjelf,
311 505 97 22 emedan
426 505 47 22 han
492 509 26 18 är
536 505 138 22 ordförande
692 505 9 22 i
718 505 222 28 Distriktsnämden,
950 505 42 22 har

233 539 112 22 Komitén
370 540 79 21 funnit
473 540 74 21 sakna
570 540 86 29 grund;
681 540 75 28 enligt
780 539 185 30 andemeningen
984 539 7 20 i

234 573 76 22 denna
334 574 91 27 artikel,
451 574 152 23 öfverlemnas
627 574 173 29 handlingarna
823 574 98 22 rörande
940 574 51 21 från

233 615 107 15 reserven
360 609 90 22 afförda
468 613 131 18 reservmän
611 609 52 22 från
676 608 315 23 Distriktsmilitärbefälhaf-

233 643 171 27 varestyrelsen
422 643 38 21 till
477 643 222 27 Distriktsnämden,
719 643 20 21 d.
755 651 21 13 v.
791 651 16 13 s.
821 643 51 21 från
886 651 28 13 en
926 651 66 20 myn-

234 676 81 29 dighet
339 677 37 21 till
399 685 29 13 en
453 685 83 20 annan,
559 678 92 21 hvilket
669 678 24 28 ju
713 682 25 16 är
756 677 96 22 alldeles
870 678 120 27 naturligt.

304 746 45 20 Art.
369 747 49 19 163.
457 745 105 22 Särskild
581 746 50 28 vigt
650 745 99 22 erhåller
766 747 77 26 sättet,
857 745 87 29 hvarpä
958 746 34 20 fö-

233 779 84 21 randet
335 779 23 21 af
376 780 60 21 rulla
455 780 64 22 öfver
537 788 107 14 reserven
663 780 43 21 och
719 780 178 28 handläggning
910 780 23 21 af
946 780 46 21 alla

232 813 141 22 hithörande
402 814 101 22 ärenden
522 818 25 18 är
565 814 167 29 organiseradt,
751 814 40 22 vid
809 814 45 22 den
873 814 118 29 tidpunkt,

233 847 31 22 dä
281 855 108 14 reserven
408 848 61 22 skall
486 849 107 27 inkallas,
613 848 43 22 och
674 849 30 28 pä
723 848 77 22 denna
818 848 76 29 grund
913 852 25 18 är
950 848 40 22 det

233 882 129 22 önskvärdt
386 885 36 19 att
445 885 84 19 största
548 883 95 29 möjliga
663 882 162 30 likformighet
844 884 66 20 ernäs
928 883 62 21 hvad

232 916 210 29 handläggningen
461 918 23 21 af
501 917 102 22 nämnda
622 918 100 21 ärenden
742 918 111 20 beträffar
867 918 61 21 inom
938 917 52 21 hela

232 951 175 28 Kejsardömets
427 952 98 26 omräde,
544 952 117 21 inklusive
683 951 106 22 Finland.

302 1020 46 20 Art.
370 1022 47 19 170.
455 1020 36 21 Då
508 1020 111 22 Komiten
638 1020 65 28 ålagt
715 1020 88 21 Chefen
816 1020 34 21 för
869 1020 121 21 Distrikts-

232 1054 83 21 staben
333 1054 97 28 uppsigt
446 1054 65 22 öfver
532 1054 403 22 Distriktsmilitärbefälhafvarenes
957 1055 33 21 ät-

231 1088 105 27 görande
354 1088 53 21 med
426 1088 107 21 afseende
552 1090 13 19 å
581 1089 95 21 förande
691 1089 23 21 af
726 1088 60 22 rulla
800 1089 64 21 öfver
876 1096 113 20 reserven,

232 1121 43 22 har
294 1122 113 21 Komitön
425 1123 62 28 gjort
505 1123 66 21 detta
589 1123 8 21 i
614 1123 156 21 betraktande
783 1123 71 27 deraf,
868 1125 34 19 att
915 1123 8 20 i
935 1123 55 20 Fin-

232 1155 56 22 land
307 1156 51 21 icke
377 1157 76 21 finnas
472 1158 73 27 nägra
563 1157 83 21 Chefer
664 1157 37 22 för
718 1157 180 28 lokalbrigader,
912 1157 78 22 äfven-

232 1197 50 14 som
300 1192 35 19 att
353 1191 8 20 i
379 1191 112 28 förslaget
510 1191 37 21 till
563 1191 185 29 reorganisation
762 1191 23 22 af
797 1191 28 22 de
838 1191 75 22 finska
927 1194 63 26 trup-

232 1231 72 22 perna
317 1225 103 28 föreslås,
434 1228 35 19 att
481 1225 206 30 handläggningen
701 1226 23 21 af
737 1225 27 22 de
778 1225 102 22 ärenden
893 1226 96 21 rörande

231 1258 77 22 finska
326 1261 134 26 trupperna,
483 1260 80 21 hvilka
581 1260 36 21 för
634 1260 146 22 närvarande
799 1260 164 21 koncentreras
983 1261 6 20 i

231 1293 194 22 Befälhafvarens
444 1294 36 21 för
491 1294 66 22 dessa
568 1297 95 26 trupper
673 1293 44 23 och
729 1294 260 29 Generalguvernörens

231 1327 65 22 öfver
320 1327 80 22 landet
425 1329 84 24 staber,
534 1329 76 22 blefve
635 1329 159 21 öfverlemnad
812 1329 37 20 till
868 1329 121 20 Distrikts-

232 1362 90 21 staben.

301 1431 45 20 Art.
366 1432 50 20 172.
454 1431 89 22 Genom
562 1431 46 22 alla
626 1431 43 22 här
677 1432 134 28 föreslagna
821 1431 97 22 artiklar
928 1431 62 28 (från

232 1464 49 21 154
300 1464 36 21 till
357 1465 57 26 172)
434 1465 43 22 har
493 1465 112 22 Komiten
623 1466 82 21 endast
724 1466 84 21 önskat
827 1465 115 22 fastställa
961 1465 27 21 de
