1114 1795
268 148 27 20 46

239 217 40 25 gör
300 215 75 22 inalles
400 217 45 26 12,5
469 216 97 28 miljoner
588 216 61 21 rubel
672 216 48 21 med
741 222 25 15 en
785 216 124 27 befolkning
931 216 68 22 öfver-

239 249 99 28 stigande
361 251 48 26 21/,
433 251 98 27 miljoner
553 257 104 21 personer
681 250 39 22 och
742 250 65 22 likväl
829 251 119 22 vidkännes
963 251 36 22 be-

239 283 123 29 folkningen
377 285 7 21 i
399 285 93 22 Finland
515 287 70 20 större
601 285 112 27 utskylder
729 285 39 22 och
783 285 77 22 besvär
876 287 27 20 än
918 285 81 22 befolk-

240 318 79 27 ningen
335 319 6 21 i
356 319 118 27 Danmark,
494 319 87 22 hvarest
597 319 36 22 det
648 319 109 22 allmänna
771 319 124 22 välståndet
911 321 24 20 är
950 319 49 22 vida

240 352 73 27 högre.

309 387 10 21 I
334 387 52 28 följd
404 387 65 22 häraf
485 393 52 16 anse
552 388 21 21 vi
588 387 88 22 rättvist
691 389 34 20 att
739 387 36 22 vid
790 387 173 22 bestämmandet
978 387 23 22 af

239 421 27 21 de
281 422 94 21 militära
396 422 131 27 utgifternas
541 422 78 27 belopp
635 421 34 22 för
683 422 98 26 Finland,
797 422 7 21 i
821 422 100 21 afseende
937 423 12 20 å
964 424 34 19 ut-

237 456 98 27 jemning
350 456 23 21 af
387 458 83 25 tungan
493 456 33 21 för
548 456 151 27 befolkningen
722 457 7 20 i
752 456 163 27 Kejsaredömet
938 456 60 21 och
984 452 17 36 i

240 490 215 29 Storfurstendömet,
471 492 7 21 i
494 491 144 22 betraktande
661 493 72 26 tages:
749 491 163 28 befolkningens
927 491 8 22 i
949 491 49 28 Kej-

241 526 122 22 saredömet
383 526 153 28 jemförelsevis
559 527 72 20 större
649 526 227 27 betalningsförmåga,
892 526 106 21 beroende

239 560 23 21 af
279 567 149 20 gynsammare
451 561 124 21 klimatiska
598 561 39 21 och
657 560 262 28 jordmånsförhållanden
943 562 54 20 samt

239 594 84 22 landets
347 595 110 28 naturliga
479 595 128 26 rikedomar,
631 594 109 22 äfvensom
763 595 95 21 kronans
877 595 7 20 i
900 595 97 27 Kejsare-

239 628 72 22 dömet
334 629 85 22 relativt
443 631 70 20 större
537 629 121 27 tillgångar,
678 635 45 16 som
740 629 68 21 bildas
824 635 76 21 genom
915 629 82 22 inkom-

239 664 75 20 sterna
333 663 22 21 af
375 664 186 26 riksdomänerna,
585 665 57 20 samt
664 663 101 28 slutligen
788 663 139 28 regeringens
943 663 55 28 sjelf-

239 697 124 28 ständighet
379 698 34 21 vid
429 698 140 27 påfinnandet
585 697 22 22 af
621 697 112 22 finansiela
748 700 98 25 utvägar,
857 699 71 20 såsom
939 700 14 19 t.
966 705 31 14 ex.

238 731 134 23 beträffande
387 733 81 28 förslag
484 733 31 22 till
531 733 80 27 ökning
627 733 23 21 af
659 733 174 26 tullintraderna,
848 733 71 21 hvilka
930 732 67 22 öfver-

239 765 39 22 allt
293 768 78 25 utgöra
387 773 24 16 en
430 767 23 21 af
467 767 25 22 de
507 767 120 22 förnämsta
649 767 195 21 inkomstkällorna
859 766 33 22 för
907 767 89 22 kronan.

308 801 10 21 1
333 801 134 22 sistberörda
489 802 123 21 hänseende
632 804 24 19 är
675 801 105 27 styrelsen
797 801 6 21 i
818 801 91 22 Finland
932 801 65 22 delvis

240 834 87 23 bunden
344 836 23 21 af
380 836 187 27 nödvändigheten
583 838 33 20 att
632 838 51 25 taga
698 837 83 26 hänsyn
794 836 31 21 till
836 835 161 28 befolkningens

238 869 7 20 i
261 869 162 27 Kejsaredömet
446 871 98 21 handels-
567 870 38 22 och
628 870 129 22 industriela
779 870 113 21 intressen.
923 869 74 22 Såsom

239 904 95 26 exempel
357 904 69 27 härpå
449 904 75 22 anföra
539 904 20 21 vi
575 904 77 22 endast
676 904 40 22 den
733 904 66 22 sedan
816 904 41 21 den
873 905 27 20 20
916 904 42 27 Maj
975 905 20 27 (1

240 936 62 29 Juni)
321 939 52 21 1897
391 939 123 27 tillämpade
530 939 167 27 nedsättningen
708 938 23 22 af
739 939 142 21 tullsatserna
893 939 12 21 å
916 939 80 26 socker,

239 977 46 15 som
308 972 79 22 införes
409 972 48 22 från
483 973 168 27 Kejsaredömet.
681 973 76 22 Under
780 974 24 20 år
829 974 53 20 1896
905 973 92 27 uppgick

239 1005 108 27 importen
363 1007 32 21 till
411 1007 91 21 Finland
518 1007 23 21 af
554 1007 113 21 utländskt
682 1008 76 20 socker
773 1007 33 21 till
817 1008 113 26 9,257,000
944 1007 53 22 kilo-

239 1046 61 20 gram
315 1041 102 21 råsocker
433 1041 38 21 och
491 1042 112 26 7,955,000
619 1041 105 27 kilogram
740 1041 99 21 raffinad.
869 1041 70 22 Sedan
955 1042 41 21 tul-

238 1074 35 21 len
290 1075 13 20 å
317 1075 62 27 ryskt
394 1076 75 20 socker
491 1075 68 21 blifvit
575 1076 94 26 nedsatt,
686 1076 97 21 kommer
797 1076 86 21 landets
898 1076 48 21 hela
961 1076 36 22 be-

238 1108 39 22 hof
294 1108 23 22 af
333 1109 71 21 denna
427 1116 52 14 vara
494 1111 33 19 att
542 1109 61 27 fyllas
626 1116 77 20 genom
725 1110 82 27 import
828 1110 48 21 från
899 1110 97 27 Kejsare-

240 1142 73 22 dömet
328 1144 48 21 med
392 1144 141 27 tyåtföljande
549 1145 123 27 minskning
687 1145 6 21 i
709 1144 175 22 tullintraderna.

307 1177 69 23 Ofvan
392 1178 39 22 har
446 1178 127 22 framhållits
592 1180 33 20 att
641 1179 35 21 vid
692 1179 174 21 bestämmandet
881 1179 23 21 af
917 1179 80 21 befolk-

239 1212 90 27 ningens
352 1212 97 28 förmåga
471 1215 33 19 att
527 1213 52 21 bära
599 1220 42 20 nya
657 1214 90 26 pålagor
762 1214 7 21 i
785 1213 144 22 betraktande
944 1214 53 21 böra

239 1248 62 25 tagas
323 1246 47 22 icke
393 1247 90 22 allenast
499 1248 25 20 de
540 1248 85 21 direkta
648 1248 51 21 eller
717 1248 110 21 indirekta
845 1248 90 25 skatter,
951 1254 45 15 som

238 1280 84 22 tillfalla
344 1282 138 26 statsverket,
505 1284 54 19 utan
583 1282 60 22 äfven
667 1282 26 22 de
716 1282 113 27 utskylder
853 1282 38 21 och
913 1282 82 26 besvär,

238 1314 74 22 hvilka
328 1317 88 25 utgöras
431 1316 34 21 för
479 1316 107 22 särskilda
605 1317 92 27 speciela
713 1317 106 21 ändamål.
850 1316 49 22 Med
915 1316 82 22 sådana

238 1350 133 21 statsverket
386 1350 47 21 icke
448 1350 125 21 tillfallande
589 1351 68 20 medel
672 1350 137 21 underhålles
825 1351 7 20 i
847 1350 91 21 Finland
949 1356 48 21 pre-

238 1384 125 27 sterskapet
379 1384 39 21 och
433 1384 59 27 lägre
507 1385 119 21 domstolar
637 1385 98 28 (härads-
747 1385 39 21 och
797 1385 198 26 rådstufvurätter),

239 1417 80 27 byggas
336 1418 39 21 och
399 1419 136 21 underhållas
557 1419 42 21 alla
622 1421 73 25 vägar,
713 1419 136 26 naturligtvis
865 1420 60 20 utom
937 1419 60 27 jern-

238 1453 103 25 vägarna,
357 1452 102 22 bekostas
475 1453 193 27 skjutshållningen
686 1453 39 21 och
741 1453 100 27 slutligen
853 1453 106 21 bestridas
971 1453 25 20 de
