1111 1834
816 157 29 21 13

128 228 117 29 förbjudet
272 229 34 20 att
330 227 94 21 inträda
447 228 7 20 i
476 227 45 21 den
542 227 75 21 finska
640 226 116 21 militären
775 225 42 22 och
836 225 46 21 alla

129 263 79 21 dörrar
234 262 38 21 till
298 261 75 22 finska
397 261 157 28 inrättningar
579 265 39 17 äro
645 260 99 29 stängda
766 260 36 21 för
824 259 57 21 dem.

129 297 88 22 Finska
239 296 117 22 officerare
377 295 81 22 kunna
479 296 58 21 efter
558 297 53 27 eget
632 295 39 22 val
689 296 63 27 tjena
771 294 111 28 antingen

130 332 8 21 i
164 331 117 28 Ryssland
303 330 56 21 eller
379 330 8 21 i
408 330 108 28 Finland,
535 330 83 21 medan
637 329 125 27 officerare,
781 327 102 23 hörande

131 366 37 21 till
194 365 45 22 den
259 365 9 21 i
288 364 118 29 Ryssland
428 364 177 22 förherrskande
627 363 186 28 nationaliteten,
832 362 52 21 icke

131 408 43 21 ega
190 402 47 19 rätt
256 401 34 20 att
308 400 65 28 tjena
390 399 41 21 vid
449 399 28 22 de
495 399 75 21 finska
585 401 127 26 trupperna
727 397 43 22 och
783 397 101 22 militära

131 435 193 28 inrättningarna.
360 434 42 20 Ett
429 433 129 29 motstycke
580 433 80 21 härtill
681 432 66 22 torde
768 431 115 29 svårligen

131 470 79 21 kunna
227 468 110 29 uppvisas
355 468 8 21 i
381 467 54 22 hela
452 467 199 22 världshistorien.

199 503 83 22 Denna
309 502 88 21 olikhet
424 503 8 20 i
459 502 138 29 rättigheter
625 505 26 18 är
678 502 25 21 så
723 501 93 29 mycket
838 507 48 14 mer

133 538 87 29 obillig,
239 545 48 14 som
306 537 44 21 den
368 537 83 21 införts
469 537 8 21 i
496 537 102 21 Finland
612 537 9 20 i
633 536 58 21 strid
703 538 61 19 emot
778 543 28 14 en
819 535 67 21 åttio-

133 573 50 28 årig
200 571 240 30 lagstiftningspraxis
459 571 44 22 och
521 571 82 29 sjelfva
621 571 45 21 den
683 569 177 30 ifrågavarande
874 570 12 25 $

135 607 65 26 (120)
226 607 9 20 i
256 606 216 28 värnepligtslagen
494 607 104 20 affattats
622 606 7 20 i
647 605 59 22 strid
724 608 61 18 emot
803 612 28 13 en
850 603 38 22 hel

134 641 42 22 rad
202 641 168 28 förordningar,
397 647 85 22 genom
509 640 81 22 hvilka
617 647 27 14 en
672 639 93 22 alldeles
793 640 95 20 motsatt

135 675 130 28 åskådning
291 675 104 29 lagligen
419 675 177 21 sanktionerats.
633 674 72 21 Dessa
726 674 162 27 förordningar

135 710 113 21 innefatta
266 709 103 29 följande
387 709 157 28 stadganden:

206 744 21 27 1)
254 744 93 28 Nådiga
374 744 136 21 Manifestet
538 744 23 21 af
588 743 45 21 den
655 744 14 20 9
690 743 114 21 Februari
824 742 63 21 1816

137 778 99 28 stadgar,
256 780 34 20 att
308 778 37 21 till
362 778 128 22 ledamöter
509 778 7 21 i
536 778 100 21 Senaten
653 778 64 21 skola
733 780 62 18 utses
808 776 82 22 endast

137 812 95 22 infödda
259 812 55 22 eller
340 812 185 22 naturaliserade
552 812 74 22 finske
651 812 150 28 medborgare
826 810 64 28 (eller

137 855 28 13 m.
184 856 18 12 a.
222 854 18 14 0.
260 847 85 29 jemväl
363 847 51 21 icke
432 847 97 21 infödde
548 847 90 27 finnar).

205 881 24 29 2)
248 881 92 29 Nädiga
357 881 168 29 förordningen
544 882 45 21 den
606 882 31 20 14
649 881 100 28 Augusti
764 880 63 22 1827
845 879 46 22 till-

138 916 112 22 erkänner
267 916 177 29 grekisk-ryska
462 916 173 28 trosförvanter,
655 923 49 14 som
721 916 73 21 vistas
812 915 8 20 i
836 914 55 21 Fin-

138 951 54 22 land
210 951 56 21 eller
284 951 35 21 dit
338 951 152 28 öfverflyttat,
509 951 113 28 rättighet
641 953 34 19 att
696 949 90 22 inträda
805 950 8 21 i
831 949 61 21 finsk

139 985 54 22 civil
211 985 55 21 eller
284 984 193 30 militärtjenst.*)

208 1021 22 26 3)
252 1020 93 28 Nädiga
363 1020 169 27 förordningen
552 1020 22 21 af
593 1021 24 20 är
639 1020 61 20 1841
721 1018 103 29 stadgar:
848 1017 44 28 ,ylä-

139 1061 49 15 rare
210 1054 8 21 i
235 1054 71 29 ryska
324 1054 88 28 präket,
431 1054 83 22 hvilka
533 1058 38 18 äro
590 1054 96 22 infödda
704 1061 76 21 ryssar
798 1052 43 22 och
860 1051 33 22 öf-

139 1089 71 28 vergä
236 1089 38 20 till
301 1089 72 28 tjenst
399 1089 41 20 vid
469 1089 138 22 läroverken
634 1089 8 20 i
669 1088 106 27 Finland,
798 1087 66 21 skola
886 1086 8 20 i

141 1123 105 22 afseende
274 1124 12 20 ä
314 1123 98 28 pension
440 1124 93 28 ätnjuta
559 1123 123 22 enahanda
705 1123 121 25 förmäner,
845 1128 49 14 som

140 1157 73 21 finske
235 1157 67 21 civile
324 1158 142 28 tjenstemän
485 1157 97 29 tillagde
601 1161 46 24 äro,
666 1159 58 19 samt
742 1161 38 17 äro
799 1154 96 23 berätti-

141 1192 58 28 gade
218 1192 37 20 till
274 1192 202 28 rangförhöjning,
491 1192 8 21 i
512 1192 105 29 enlighet
629 1192 52 21 med
693 1191 59 22 hvad
766 1192 36 20 för
814 1190 81 28 dylika

210 1299 15 21 *)
238 1298 118 18 Beträffande
368 1298 61 18 denna
442 1299 67 17 liksom
522 1300 67 22 mänga
601 1298 58 18 andra
671 1298 126 22 förordningar
807 1298 33 17 bör
849 1298 47 16 mär-

142 1327 38 21 kas,
198 1330 28 15 att
242 1328 82 16 finnarne
343 1328 38 17 icke
400 1327 42 22 vilja
459 1328 83 17 erkänna
557 1327 113 22 densamma,
685 1328 43 16 enär
744 1326 35 18 den
792 1325 105 19 tillkommit

142 1357 45 16 utan
204 1356 107 18 ständernas
329 1356 117 18 medverkan.
471 1356 69 18 Härtill
558 1356 35 18 har
609 1355 250 23 Kodifikationsatdelningen
876 1354 21 17 är

144 1384 43 18 1890
203 1385 87 22 genmält,
303 1387 28 15 att
343 1384 51 18 detta
406 1385 58 17 motiv
478 1385 62 17 kunde
553 1385 38 17 lika
603 1385 28 17 väl
643 1385 90 22 tillämpas
746 1384 49 18 såväl
808 1384 10 17 ä
831 1382 67 23 nådiga

143 1412 152 24 förordningarna
313 1413 93 23 angäende
426 1413 81 19 Senaten
526 1414 29 18 för
573 1413 79 18 Finland
670 1413 35 18 och
722 1412 176 19 Statssekretariatet

143 1447 40 12 som
199 1442 11 17 &
227 1442 35 18 alla
279 1442 23 17 de
317 1442 137 22 författningar,
470 1442 64 18 hvilka
551 1442 92 18 utfärdats
655 1442 58 17 under
725 1442 40 17 åren
781 1440 117 19 1809—1863,

143 1470 24 18 dä
179 1470 133 24 landtdagarna
324 1471 38 17 icke
375 1471 173 18 sammankallades.
