1111 1767
820 146 30 20 47

131 214 83 26 sation,
232 214 80 21 landet
331 214 35 21 för
383 214 146 21 närvarande
547 213 74 29 enligt
639 214 39 28 lag
697 221 60 21 eger,
769 214 50 22 lika
834 214 53 21 litet

131 256 48 14 som
206 248 77 28 nägon
311 256 83 19 annan,
419 248 96 22 hvilken
543 248 77 22 kunde
644 248 103 29 grundas
766 249 30 28 pä
814 248 72 22 andra

130 282 116 29 principer
264 286 30 18 än
312 282 45 22 den
373 282 118 22 allmänna
503 282 169 29 värnepligten,
685 283 78 21 kunde
775 283 26 21 in
814 285 72 19 extre-

131 317 43 22 mis
192 319 82 27 utgöra
292 319 34 19 ett
345 317 102 28 verkligt
465 317 76 28 skydd
560 317 35 21 för
612 318 54 20 vårt
684 317 60 22 land.

201 351 83 22 Sävidt
301 352 40 28 jag
359 352 85 21 förstår
462 352 108 28 uppfatta
590 352 78 27 saken,
681 352 88 21 lemnar
781 352 48 28 just
842 351 42 21 den

132 386 57 22 form
215 386 22 21 af
259 386 139 28 värnepligt,
417 393 50 14 som
485 386 159 22 betänkandet
662 385 135 28 innehäller,
817 386 69 29 jemto

132 420 39 21 det
194 420 45 21 den
257 420 50 21 icke
326 420 116 21 materielt
460 423 124 18 uttömmer
602 420 91 21 landets
712 420 94 28 krafter,
824 420 62 22 hvad

133 455 33 21 för
184 455 213 21 försvarsväsendet
416 455 102 26 kräfves;
537 456 41 20 den
591 456 83 20 lemuar
686 463 26 13 en
724 455 52 28 flock
789 455 95 21 instruk-

132 492 54 19 törer
204 490 34 27 för
257 490 46 20 vårt
320 490 44 27 folk
381 489 36 22 för
436 491 35 20 att
489 490 54 21 öfva
562 489 39 22 det
619 489 35 22 uti
672 497 76 21 vapen
767 489 42 22 och
826 491 60 19 sätta

131 523 40 22 det
197 524 8 21 i
232 523 67 22 stånd
324 526 35 19 att
382 524 7 20 i
411 523 88 22 nödens
519 523 69 22 stund
609 527 53 25 taga
681 523 92 22 svärdet
791 524 8 21 i
817 523 68 22 hand.

131 559 46 20 Det
195 559 94 28 bringar
308 566 36 13 oss
363 562 105 18 närmare
487 558 45 21 den
550 558 118 29 tidpunkt,
688 558 28 21 då
735 559 30 26 vi,
778 558 52 21 med
847 565 39 14 an-

132 593 69 28 språk
228 594 30 27 på
285 595 35 19 att
344 593 72 21 blifva
441 592 89 28 trodde,
552 593 80 22 kunna
656 597 56 24 säga
731 593 24 21 åt
773 592 40 22 det
830 593 54 26 folk,

131 627 53 22 med
202 627 90 21 hvilket
310 627 23 21 vi
352 631 39 17 äro
410 627 107 28 politiskt
531 627 117 22 förenade:
662 627 23 22 vi
698 628 79 21 kunna
791 635 94 14 numera

132 663 103 20 försvara
262 662 51 21 vårt
340 662 49 27 hus,
409 662 23 21 vi
460 661 56 29 vilja
541 662 110 29 derjemte
670 662 103 21 försvara
791 661 94 29 gafveln

132 697 23 21 af
183 696 75 26 edert;
283 697 24 20 vi
328 697 85 28 begära
433 696 90 21 derföre
541 697 68 28 lojalt
628 696 42 22 och
689 697 74 21 såsom
782 704 29 13 en
828 695 58 29 gärd

132 732 24 20 åt
173 731 42 21 vår
233 731 145 28 berättigade
397 731 136 28 sjelfkänsla
553 734 34 18 att
604 731 62 21 ifrån
684 731 54 21 eder
750 730 51 22 sida
813 731 73 28 några

132 765 102 22 militära
256 765 161 29 uppoffringar
435 765 52 22 icke
505 773 63 14 mera
586 769 67 25 göras
671 765 36 22 för
726 773 41 19 oss,
787 765 8 21 i
813 765 73 22 andra

133 799 40 22 fall
191 803 28 18 än
239 800 72 21 under
330 800 65 27 tider,
415 800 29 21 då
460 800 82 21 sådant
556 804 26 17 är
594 800 36 21 för
642 802 142 26 gemensamt
797 800 89 21 försvar

131 834 190 29 oundgängligen
339 834 153 29 nödvändigt.

200 869 81 28 Enligt
308 869 45 21 den
380 869 164 22 fornnordiska
562 869 70 21 seden
651 877 41 13 var
711 868 38 22 det
768 871 33 18 ett
820 868 64 28 bety-

131 903 118 22 delsefullt
276 903 131 29 ögonblick,
433 903 29 22 då
489 904 129 29 ynglingen
640 903 143 22 förklarades
802 902 82 28 värdig

131 940 35 19 att
190 937 56 22 bära
267 938 149 28 folkvapnen,
435 938 29 21 då
486 939 47 21 han
551 937 144 23 förklarades
713 937 123 29 vapengill.
873 937 12 20 I

131 973 48 21 min
207 973 69 21 tanke
304 973 74 21 skulle
405 971 84 30 genom
517 972 120 23 införande
660 972 22 22 af
701 972 74 21 denna
793 972 39 29 lag
851 971 34 22 för

131 1007 45 21 den
202 1015 64 20 unga
292 1007 76 22 finska
394 1009 77 20 staten
497 1010 32 19 ett
548 1007 121 22 enahanda
687 1009 101 19 moment
806 1007 8 20 i
832 1006 52 21 dess

130 1041 136 29 utveckling
284 1041 98 22 inträda.
410 1042 11 21 I
440 1042 107 29 begären,
561 1042 61 21 mine
638 1041 85 28 herrar,
737 1043 34 20 att
783 1041 24 21 vi
820 1040 65 22 skola

131 1076 125 29 uppskjuta
284 1075 64 22 detta
367 1076 132 29 ögonblick,
519 1080 34 18 att
572 1077 23 20 vi
616 1076 66 21 skola
700 1076 94 21 afvakta
813 1075 72 22 andra

131 1111 65 28 tider,
216 1110 72 22 andra
306 1110 161 23 förhållanden
477 1111 26 27 7).
528 1112 11 20 I
558 1111 101 28 begären
678 1113 35 19 att
730 1110 24 21 vi
769 1109 65 22 skola
848 1109 36 22 be-

131 1145 66 22 sinna
216 1153 42 20 oss,
277 1145 73 22 innan
368 1145 24 21 vi
411 1148 118 26 emottaga
548 1148 34 19 ett
600 1145 83 22 sådant
700 1143 148 23 erkännande
862 1143 23 22 af

130 1180 45 21 den
193 1179 119 30 ställning,
332 1179 88 30 hvarpä
438 1180 24 21 vi
481 1181 74 21 säsom
575 1180 80 21 nation
674 1187 42 21 ega
729 1179 100 28 anspräk
842 1178 43 21 och

130 1221 49 14 som
196 1221 32 14 nu
247 1214 23 21 af
288 1214 44 22 den
351 1214 86 29 försyn,
457 1222 49 15 som
524 1214 62 22 leder
605 1214 91 22 folkens
715 1213 64 28 öden,
793 1221 37 14 oss
847 1213 38 21 be-

131 1249 84 21 skäres.
246 1249 46 21 För
310 1249 48 22 min
376 1249 37 21 del
432 1253 25 17 är
475 1250 40 28 jag
533 1249 51 22 icke
602 1249 25 21 sä
640 1248 141 29 sangvinisk,
800 1249 34 20 att
846 1247 39 28 jag

130 1287 48 18 tror
196 1283 40 21 det
254 1283 113 22 Finlands
386 1283 98 22 historia
503 1283 67 22 alltid
588 1283 60 22 skall
660 1283 97 28 erbjuda
769 1281 116 28 tillfällen,

199 1403 15 21 *)
239 1402 62 22 Några
313 1401 142 23 landtdagsmän
468 1401 48 18 hade
530 1401 92 23 föreslagit
634 1403 28 15 att
674 1400 133 22 behandlingen
821 1400 19 17 af
848 1399 36 19 för-

130 1431 57 23 slaget
209 1430 26 18 till
256 1430 149 23 Värnepligtslag
426 1430 61 18 blefve
508 1430 110 23 uppskjuten
642 1429 27 17 till
690 1428 79 22 följande
791 1428 93 22 landtdag.

129 1460 130 22 Montgomery
272 1458 103 24 uppträdde
388 1461 49 16 emot
449 1458 53 19 detta
515 1459 73 22 förslag.
