1111 1778
406 431 173 42 Förslag

482 509 26 17 till

336 567 326 45 Förordning

133 648 138 33 angående
288 648 31 24 de
336 648 86 24 finska
436 648 159 32 truppernas
611 648 182 32 organisation
809 649 49 25 och

396 688 173 32 förvaltning.
579 690 17 24 *)

430 806 97 29 Kapitel
544 807 17 20 1.

294 865 37 28 Om
351 866 43 27 den
414 866 86 34 högsta
518 866 183 34 förvaltningen.

189 934 44 20 Art.
254 934 15 20 1
307 932 51 21 Den
384 932 84 28 högsta
494 932 127 29 ledningen
643 933 63 21 inom
728 933 45 21 alla
791 940 83 21 grenar

119 967 24 22 af
170 967 27 21 de
221 967 75 21 finska
320 969 138 26 truppernas
480 966 44 22 och
542 967 66 21 deras
626 967 104 22 militära
747 967 127 28 styrelsers,

121 1001 122 22 anstalters
265 1001 42 22 och
329 1001 170 28 inrättningars
520 1001 101 22 militära
639 1001 145 29 förvaltning
802 1001 72 22 hand-

119 1036 87 27 hafves,
225 1035 74 29 enligt
316 1035 101 29 Nädigst
435 1035 134 22 meddelade
586 1036 159 28 anvisningar,
759 1036 22 21 af
793 1036 82 29 Krigs-

120 1070 159 22 ministerium.
315 1070 54 20 Med
387 1070 109 21 afseende
514 1070 14 21 &
546 1070 100 21 nämnda
664 1073 97 26 trupper
779 1070 44 22 och
841 1070 34 22 in-

120 1104 132 29 rättningar
282 1104 107 22 handhar
418 1104 73 29 sagda
523 1104 156 22 Ministerium
707 1104 101 22 ärenden
835 1112 40 15 an-

120 1139 99 29 gäende:

191 1174 22 26 1)
240 1172 43 23 den
313 1173 117 22 allmänna
458 1173 240 29 sammansättningen
723 1176 58 19 samt
803 1174 72 21 front-

121 1208 43 22 och
182 1208 308 29 ekonomiorganisationen
481 1204 13 38 ;

190 1243 23 26 2)
239 1243 212 29 kompletteringen
475 1242 53 22 med
552 1243 31 21 all
601 1242 138 29 erforderlig
757 1243 117 28 personal;

190 1278 23 26 3)
234 1277 228 29 frontutbildningen
482 1277 43 22 och
544 1277 87 22 dennas
650 1277 224 28 förfullkomnande
864 1273 13 37 ;

189 1312 24 26 4)
232 1311 141 23 dislokation
392 1311 43 22 och
453 1311 158 29 förflyttning;

190 1347 23 26 5)
235 1346 167 22 förberedande
427 1346 43 22 och
490 1346 136 29 utbildning
651 1346 23 21 af
696 1346 118 22 officerare
833 1346 43 23 och

121 1389 77 14 annan
217 1381 118 28 personal;

189 1442 16 21 +)
223 1441 27 17 De
269 1442 44 17 efter
330 1441 61 22 hvarje
406 1440 62 18 artikel
487 1440 68 18 införda
573 1440 73 22 stycken
665 1441 62 21 utgöra
744 1440 95 23 förklaring
851 1440 26 18 till

121 1470 98 18 artiklarna.
