1111 1789
262 153 32 20 34

529 225 97 28 Kapitel
643 225 39 21 IV.

228 286 214 34 Kompletteringen
461 285 26 27 af
505 285 28 28 de
552 285 76 27 finska
646 285 131 33 trupperna
796 285 42 28 och
860 285 29 28 de
909 286 76 27 finska

328 325 105 28 militära
452 325 150 34 styrelserna
622 325 42 27 och
684 325 199 34 inrättningarna.

294 399 47 20 Art.
364 398 35 20 63.
437 397 34 20 De
489 397 75 20 finska
583 399 126 26 trupperna
728 396 43 22 och
789 397 28 21 de
833 397 76 22 finska
925 398 60 21 mili-

227 434 51 19 tära
304 431 148 28 styrelserna,
480 431 144 21 anstalterna
648 430 43 22 och
713 431 189 28 inrättningarna
921 431 63 22 kom-

226 466 112 29 pletteras
358 465 75 28 enligt
450 465 181 28 nedanangifna,
651 465 35 21 för
700 465 46 22 alla
758 465 66 22 dessa
837 465 148 29 afdelningar

225 500 111 29 gällande
355 499 106 28 ordning.

263 581 21 26 1)
303 580 220 29 Kompletteringen
542 579 52 22 med
612 579 137 21 underbefäl
767 579 43 22 och
828 580 120 29 manskap.

294 650 48 21 Art.
364 651 33 19 64.
434 649 51 20 Den
510 648 108 28 ständiga
645 652 138 17 numerären
811 649 22 21 af
858 648 28 22 de
908 649 76 22 finska

226 686 140 26 truppernas
383 683 138 21 underbefäl
533 682 43 22 och
588 682 112 29 manskap
713 683 175 28 kompletteras:
910 684 22 25 1)
945 691 38 21 ge-

224 725 55 14 nom
298 717 146 22 anställande
462 717 9 21 i
489 717 72 28 tjenst
573 717 30 28 pä
616 716 76 29 grund
705 717 23 21 af
739 718 163 28 värnepligten
916 718 67 26 (efter

224 752 121 29 lottning),
366 752 23 26 2)
407 759 83 21 genom
511 751 133 28 antagande
662 751 7 21 i
688 751 72 28 tjenst
778 752 75 21 säsom
872 752 111 29 frivillige

225 787 23 21 af
270 787 28 20 de
320 786 181 29 värnepligtige,
524 793 48 14 som
593 785 58 29 fylla
672 785 78 22 härför
768 786 113 29 stadgade
900 786 82 28 vilkor,

226 821 22 27 3)
267 828 84 21 genom
377 820 132 29 antagande
531 820 8 21 i
560 821 72 28 tjenst
652 820 41 21 vid
715 825 125 24 trupperna
862 821 23 21 af
902 821 81 21 volon-

224 858 62 19 tärer
313 855 45 22 och
384 854 26 29 4)
437 862 84 21 genom
549 854 163 21 bibehållande
735 855 8 20 i
764 855 64 22 aktiv
852 856 73 27 tjenst
942 855 40 22 vid

224 892 128 27 trupperna
373 889 56 21 eller
453 888 132 29 antagande
610 889 60 28 änyo
695 889 8 21 i
724 889 72 28 tjenst
818 890 51 21 frän
892 889 90 22 armöns

224 931 78 14 reserv
330 923 24 22 af
380 923 137 22 underbefäl
542 923 42 21 och
611 923 120 29 manskap,
749 931 49 14 som
816 925 103 28 uttjenat
937 924 45 21 den

225 958 170 29 obligatoriska
414 957 63 22 tiden
495 958 9 21 i
523 958 65 21 aktiv
606 958 78 28 tjenst.

294 1029 46 20 Art.
364 1029 35 20 65.
437 1027 135 28 Ordningen
590 1027 36 22 för
644 1027 91 22 inträde
753 1027 8 21 i
779 1028 72 28 tjenst
864 1028 30 28 pä
906 1028 76 28 grund

224 1062 23 22 af
272 1061 96 30 uppbåd
393 1061 68 29 (efter
484 1061 112 29 lottning)
616 1061 136 22 bestämmes
771 1069 83 21 genom
874 1062 108 29 stadgan-

224 1097 60 21 dena
309 1097 9 20 i
342 1096 215 28 värnepligtslagen
579 1096 36 21 för
632 1095 109 28 Finland,
759 1096 52 22 med
829 1097 154 27 iakttagande

226 1130 112 30 derjemte
358 1130 22 22 af
398 1130 133 28 respektiva
550 1130 97 21 artiklar
665 1130 8 21 i
692 1130 76 22 denna
785 1130 144 30 förordning.

292 1201 47 21 Art.
362 1202 33 20 66.
433 1199 98 22 Antalet
545 1200 23 21 af
581 1199 39 22 det
632 1200 36 21 för
680 1200 75 21 finska
768 1202 138 27 truppernas
920 1200 63 22 kom-

223 1235 129 29 plettering
370 1234 151 28 erforderliga
540 1234 112 29 manskap
668 1234 137 22 bestämmes
817 1235 30 28 på
859 1234 123 22 framställ-

223 1270 59 28 ning
300 1269 24 22 af
342 1269 195 29 Krigsministern
553 1268 43 22 och
609 1268 117 30 kungöres
738 1276 83 22 genom
833 1269 79 29 Nådig
925 1269 57 22 ukas

223 1304 38 22 till
278 1303 157 29 Dirigerande
454 1303 108 22 Senaten.

429 1371 9 19 I
460 1370 11 28 8
489 1372 12 18 5
519 1371 20 19 af
554 1370 182 26 värnepligtslagen
751 1371 30 19 för
796 1371 83 19 Finland
895 1372 86 24 stadgas,

361 1402 30 17 att
405 1398 75 21 antalet
495 1400 20 19 af
529 1400 34 19 det
578 1400 30 19 för
620 1400 68 18 aktiva
699 1402 118 23 truppernas
827 1400 155 25 komplettering

360 1428 128 25 erforderliga
503 1428 97 25 manskap
615 1428 122 20 bestämmes
752 1428 75 25 årligen
839 1428 26 26 på
876 1428 105 20 framställ-

361 1457 48 25 ning
430 1457 20 19 af
465 1457 92 19 Senaten.
587 1456 89 20 Emedan
692 1457 39 19 den
745 1457 64 19 finska
824 1457 99 20 militären
939 1457 43 20 icke
