1111 1792
285 157 29 21 10

245 224 75 22 håller
347 227 33 20 ett
407 226 136 28 stadgande,
570 233 48 15 som
642 230 26 18 är
692 225 97 23 sårande
813 226 36 21 för
867 226 45 21 den
929 226 70 28 ryska

246 260 205 22 nationalkänslan
470 262 59 20 samt
547 260 159 29 grundlägger
723 268 28 14 en
770 260 97 22 orättvis
886 260 42 22 och
946 260 53 22 full-

246 294 100 29 komligt
369 294 114 29 obefogad
508 294 126 23 åtskillnad
657 295 8 21 i
682 295 139 29 rättigheter
838 295 38 22 till
894 303 51 14 men
964 295 35 22 för

243 328 48 21 den
309 328 140 23 herrskande
470 329 185 28 nationaliteten,
677 337 48 14 som
743 329 70 28 gifvit
830 330 42 21 sitt
890 329 55 22 blod
963 330 36 21 för

245 363 119 22 vinnande
383 364 23 21 af
424 363 109 28 Finland,
553 365 75 20 såsom
646 366 34 19 ett
698 363 147 30 nödvändigt
857 363 141 30 geografiskt

245 397 44 22 och
316 398 135 29 strategiskt
481 402 58 18 värn
565 398 37 22 för
632 399 188 28 Kejsaredömets
849 397 148 23 hufvudstad.

245 431 71 22 Detta
338 432 128 29 stadgande
489 433 59 21 låter
569 433 52 21 icke
639 433 30 29 på
687 434 72 27 något
776 435 47 19 sätt
840 433 105 22 försvara
963 432 35 28 sig

244 466 74 21 under
344 467 135 22 nuvarande
497 467 169 28 förhållanden,
694 467 87 22 sådana
803 467 67 22 dessa
888 467 111 29 gestaltat

245 501 37 28 sig
300 501 58 21 efter
375 501 114 22 Finlands
507 502 106 28 förening
631 502 53 21 med
702 502 177 29 Kejsaredömet
897 501 42 22 och
952 502 46 21 kan

244 535 52 21 icke
324 535 73 22 heller
425 544 66 13 anses
519 536 205 22 öfverensstämma
750 536 53 21 med
830 537 70 28 ryska
926 536 79 21 rikets-

242 569 151 29 grundlagar.
430 571 87 28 Dylika
534 571 122 27 förmåner,
678 578 53 23 som
749 571 103 28 åtnjutas
874 571 24 21 af
915 578 27 14 en
961 570 37 21 del

244 604 72 21 bland
342 604 173 29 undersåtarne,
540 606 72 21 måste
636 605 154 28 ovilkorligen
817 605 102 22 medföra
943 605 55 28 split

244 638 44 21 och
313 638 62 29 förty
400 647 67 14 anses
491 639 112 29 skadliga.
640 640 117 21 Finnarne
781 639 119 29 uppbjuda
920 642 77 19 natur-

243 673 81 28 ligtvis
343 673 47 22 alla
412 674 51 21 sina
481 674 87 21 krafter
578 675 34 20 för
626 677 34 19 att
669 675 104 21 försvara
783 675 150 28 paragrafens
944 681 53 14 oan-

244 707 128 28 tastlighet,
392 712 55 17 enär
467 709 43 20 den
529 711 68 26 utgör
615 716 29 14 en
663 709 97 28 lämplig
777 709 111 21 hörnsten
906 709 36 21 för
961 708 36 21 de-

243 749 37 14 ras
299 742 117 29 isolering.
453 743 83 21 Redan
554 743 44 21 den
612 743 208 29 omständigheten,
831 745 35 19 att
878 745 34 19 ett
922 743 75 28 dylikt

242 775 131 30 stadgande
399 777 46 21 fått
472 785 50 14 rum
540 777 8 22 i
566 777 45 22 den
636 777 76 22 finska
739 778 76 27 lagen,
833 778 73 21 måste
924 777 73 22 väcka

242 810 132 29 förvåning.
410 811 33 22 Af
465 811 76 22 denna
564 812 69 21 orsak
654 811 42 22 har
714 811 111 22 Komitén
844 812 36 21 för
897 812 100 21 revision

243 844 25 21 af
288 845 76 21 finska
384 846 215 29 värnepligtslagen
620 847 87 21 anstält
730 854 28 13 en
779 846 129 29 detaljerad
926 846 70 21 histo-

242 879 49 21 risk
309 879 175 30 undersökning
503 881 22 21 af
543 881 177 29 ifrågavarande
732 881 120 29 paragrafs
864 881 131 28 uppkomst,

242 913 44 22 och
304 914 42 21 har
365 914 80 22 dervid
468 915 117 22 befunnits
604 918 35 19 att
657 916 139 28 paragrafen
815 915 79 21 blifvit
912 914 84 30 grund-

242 948 40 28 lag
306 948 8 21 i
332 948 59 22 strid
415 952 62 18 emot
500 949 122 22 historiens
647 950 152 27 vittnesbörd,
824 950 8 20 i
857 950 57 20 strid
936 954 60 17 emot

242 982 44 21 den
315 982 100 29 tidigare
442 984 99 21 svenska
568 984 42 22 och
638 984 70 28 ryska
736 984 179 28 lagstiftningen
937 988 59 17 samt

242 1016 111 29 slutligen
372 1018 8 21 i
399 1018 59 21 strid
482 1021 61 19 emot
568 1018 207 29 Sjelfherrskarens
797 1019 64 21 öfver
879 1018 115 28 Ryssland

240 1051 64 29 vilja.
341 1052 123 22 Dessutom
490 1052 42 22 har
558 1055 96 25 utrönts,
684 1055 34 19 att
745 1052 73 29 sagda
844 1053 109 28 paragraf
971 1053 25 21 är

245 1085 65 21 1878
328 1086 45 21 fätt
393 1087 126 21 oförmärkt
537 1087 83 28 inflyta
633 1088 7 20 i
653 1087 58 29 följd
724 1087 72 27 däraf,
818 1088 43 25 1:0)
876 1089 34 19 att
923 1087 73 21 Stats-

240 1120 160 22 sekreteraren
425 1121 36 21 för
485 1121 100 22 Finland
610 1122 51 21 icke
685 1121 147 22 underrättat
857 1122 139 28 Krigsmini-

240 1156 65 19 stern
328 1162 36 14 om
386 1158 35 18 att
443 1156 125 21 ständerna
589 1156 100 21 anhällit
712 1164 36 13 om
769 1156 150 28 paragrafens
937 1156 59 21 inta-

240 1188 76 28 gande
344 1189 72 22 bland
442 1190 91 21 landets
560 1190 148 29 grundlagar,
728 1190 43 22 och
796 1190 45 27 2:0)
867 1193 35 18 att
924 1190 72 21 ehuru

240 1222 68 22 Hans
329 1223 110 29 Majestät
460 1224 113 29 Kejsaren
594 1225 86 21 uttalat
703 1225 41 21 Sin
767 1225 89 21 önskan
875 1227 35 19 att
928 1224 68 28 ryske

241 1256 117 22 officerare
385 1260 73 20 mätte
484 1259 72 21 vinna
582 1259 92 21 inträde
701 1259 40 21 vid
769 1258 75 22 finska
871 1258 123 28 militären,

242 1290 224 24 Statssekreteraren
490 1294 51 20 icke
559 1294 51 20 dess
628 1293 89 22 mindre
736 1293 37 21 till
791 1293 65 21 Hans
875 1294 120 27 Majestäts

239 1325 144 23 underskrift
407 1327 100 28 förelagt
530 1328 215 28 värnepligtslagen
763 1328 53 20 med
834 1327 52 21 dess
905 1328 12 26 $
942 1328 53 26 120,

240 1366 48 15 som
308 1360 91 22 absolut
418 1362 90 28 förbjöd
520 1370 76 20 ryssar
608 1362 161 28 militärtjänst
782 1362 151 21 tillsammans
943 1362 53 20 med
