<?xml version="1.0" encoding="UTF-8"?>
<alto xmlns="http://www.loc.gov/standards/alto/ns-v3#" xmlns:xlink="http://www.w3.org/1999/xlink" xmlns:xsi="http://www.w3.org/2001/XMLSchema-instance" xsi:schemaLocation="http://www.loc.gov/standards/alto/ns-v3# http://www.loc.gov/alto/v3/alto-3-0.xsd">
	<Description>
		<MeasurementUnit>pixel</MeasurementUnit>
		<sourceImageInformation>
			<fileName>/tmp/tess_t_ncc1go_input.PNG</fileName>
		</sourceImageInformation>
		<OCRProcessing ID="OCR_0">
			<ocrProcessingStep>
				<processingSoftware>
					<softwareName>tesseract 5.3.4</softwareName>
				</processingSoftware>
			</ocrProcessingStep>
		</OCRProcessing>
	</Description>
	<Layout>
		<Page WIDTH="1114" HEIGHT="1792" PHYSICAL_IMG_NR="0" ID="page_0">
			<PrintSpace HPOS="0" VPOS="0" WIDTH="1114" HEIGHT="1792">
				<ComposedBlock ID="cblock_0" HPOS="98" VPOS="550" WIDTH="122" HEIGHT="21">
					<TextBlock ID="block_0" HPOS="98" VPOS="550" WIDTH="122" HEIGHT="21">
						<TextLine ID="line_0" HPOS="98" VPOS="550" WIDTH="122" HEIGHT="21">
							<String ID="string_0" HPOS="98" VPOS="550" WIDTH="83" HEIGHT="21" WC="0.93" CONTENT="Yttrande,"/><SP WIDTH="15" VPOS="550" HPOS="181"/>
							<String ID="string_1" HPOS="196" VPOS="551" WIDTH="24" HEIGHT="17" WC="0.90" CONTENT="af-"/>
						</TextLine>
					</TextBlock>
				</ComposedBlock>
				<ComposedBlock ID="cblock_1" HPOS="90" VPOS="579" WIDTH="137" HEIGHT="22">
					<TextBlock ID="block_1" HPOS="90" VPOS="579" WIDTH="137" HEIGHT="22">
						<TextLine ID="line_1" HPOS="90" VPOS="579" WIDTH="137" HEIGHT="22">
							<String ID="string_2" HPOS="90" VPOS="579" WIDTH="52" HEIGHT="22" WC="0.92" CONTENT="gifvet"/><SP WIDTH="8" VPOS="579" HPOS="142"/>
							<String ID="string_3" HPOS="150" VPOS="579" WIDTH="26" HEIGHT="17" WC="0.93" CONTENT="vid"/><SP WIDTH="9" VPOS="579" HPOS="176"/>
							<String ID="string_4" HPOS="185" VPOS="584" WIDTH="42" HEIGHT="13" WC="0.89" CONTENT="sam-"/>
						</TextLine>
					</TextBlock>
				</ComposedBlock>
				<ComposedBlock ID="cblock_2" HPOS="97" VPOS="608" WIDTH="124" HEIGHT="75">
					<TextBlock ID="block_2" HPOS="97" VPOS="608" WIDTH="124" HEIGHT="75">
						<TextLine ID="line_2" HPOS="113" VPOS="608" WIDTH="92" HEIGHT="17">
							<String ID="string_5" HPOS="113" VPOS="608" WIDTH="92" HEIGHT="17" WC="0.84" CONTENT="manträdet"/>
						</TextLine>
						<TextLine ID="line_3" HPOS="101" VPOS="636" WIDTH="119" HEIGHT="23">
							<String ID="string_6" HPOS="101" VPOS="637" WIDTH="32" HEIGHT="17" WC="0.96" CONTENT="den"/><SP WIDTH="12" VPOS="637" HPOS="133"/>
							<String ID="string_7" HPOS="145" VPOS="636" WIDTH="22" HEIGHT="18" WC="0.93" CONTENT="23"/><SP WIDTH="12" VPOS="636" HPOS="167"/>
							<String ID="string_8" HPOS="179" VPOS="637" WIDTH="41" HEIGHT="22" WC="0.89" CONTENT="Sep-"/>
						</TextLine>
						<TextLine ID="line_4" HPOS="97" VPOS="665" WIDTH="124" HEIGHT="18">
							<String ID="string_9" HPOS="97" VPOS="665" WIDTH="64" HEIGHT="18" WC="0.92" CONTENT="tember"/><SP WIDTH="10" VPOS="665" HPOS="161"/>
							<String ID="string_10" HPOS="171" VPOS="666" WIDTH="50" HEIGHT="17" WC="0.95" CONTENT="1898."/>
						</TextLine>
					</TextBlock>
				</ComposedBlock>
				<ComposedBlock ID="cblock_3" HPOS="235" VPOS="206" WIDTH="173" HEIGHT="62">
					<TextBlock ID="block_3" HPOS="235" VPOS="206" WIDTH="173" HEIGHT="62">
						<TextLine ID="line_5" HPOS="235" VPOS="206" WIDTH="173" HEIGHT="28">
							<String ID="string_11" HPOS="235" VPOS="206" WIDTH="81" HEIGHT="28" WC="0.96" CONTENT="Bilaga"/><SP WIDTH="14" VPOS="206" HPOS="316"/>
							<String ID="string_12" HPOS="330" VPOS="206" WIDTH="42" HEIGHT="22" WC="0.95" CONTENT="N:o"/><SP WIDTH="16" VPOS="206" HPOS="372"/>
							<String ID="string_13" HPOS="388" VPOS="208" WIDTH="20" HEIGHT="20" WC="0.94" CONTENT="4."/>
						</TextLine>
						<TextLine ID="line_6" HPOS="281" VPOS="246" WIDTH="84" HEIGHT="22">
							<String ID="string_14" HPOS="281" VPOS="246" WIDTH="84" HEIGHT="22" WC="0.90" CONTENT="Afskrift."/>
						</TextLine>
					</TextBlock>
				</ComposedBlock>
				<ComposedBlock ID="cblock_4" HPOS="231" VPOS="551" WIDTH="762" HEIGHT="925">
					<TextBlock ID="block_4" HPOS="233" VPOS="551" WIDTH="760" HEIGHT="340">
						<TextLine ID="line_7" HPOS="304" VPOS="551" WIDTH="686" HEIGHT="28">
							<String ID="string_15" HPOS="304" VPOS="551" WIDTH="42" HEIGHT="22" WC="0.96" CONTENT="Vid"/><SP WIDTH="16" VPOS="551" HPOS="346"/>
							<String ID="string_16" HPOS="362" VPOS="552" WIDTH="125" HEIGHT="27" WC="0.96" CONTENT="öppnandet"/><SP WIDTH="15" VPOS="552" HPOS="487"/>
							<String ID="string_17" HPOS="502" VPOS="552" WIDTH="23" HEIGHT="21" WC="0.93" CONTENT="af"/><SP WIDTH="13" VPOS="552" HPOS="525"/>
							<String ID="string_18" HPOS="538" VPOS="553" WIDTH="112" HEIGHT="21" WC="0.92" CONTENT="Komiténs"/><SP WIDTH="16" VPOS="553" HPOS="650"/>
							<String ID="string_19" HPOS="666" VPOS="552" WIDTH="69" HEIGHT="22" WC="0.96" CONTENT="första"/><SP WIDTH="15" VPOS="552" HPOS="735"/>
							<String ID="string_20" HPOS="750" VPOS="553" WIDTH="161" HEIGHT="22" WC="0.96" CONTENT="sammanträde"/><SP WIDTH="16" VPOS="553" HPOS="911"/>
							<String ID="string_21" HPOS="927" VPOS="553" WIDTH="40" HEIGHT="22" WC="0.96" CONTENT="den"/><SP WIDTH="12" VPOS="553" HPOS="967"/>
							<String ID="string_22" HPOS="979" VPOS="554" WIDTH="11" HEIGHT="21" WC="0.96" CONTENT="7"/>
						</TextLine>
						<TextLine ID="line_8" HPOS="234" VPOS="585" WIDTH="757" HEIGHT="30">
							<String ID="string_23" HPOS="234" VPOS="586" WIDTH="147" HEIGHT="21" WC="0.95" CONTENT="innevarande"/><SP WIDTH="22" VPOS="586" HPOS="381"/>
							<String ID="string_24" HPOS="403" VPOS="585" WIDTH="124" HEIGHT="28" WC="0.86" CONTENT="September"/><SP WIDTH="23" VPOS="585" HPOS="527"/>
							<String ID="string_25" HPOS="550" VPOS="587" WIDTH="72" HEIGHT="21" WC="0.96" CONTENT="anhöll"/><SP WIDTH="20" VPOS="587" HPOS="622"/>
							<String ID="string_26" HPOS="642" VPOS="587" WIDTH="38" HEIGHT="28" WC="0.96" CONTENT="jag"/><SP WIDTH="15" VPOS="587" HPOS="680"/>
							<String ID="string_27" HPOS="695" VPOS="587" WIDTH="38" HEIGHT="22" WC="0.96" CONTENT="hos"/><SP WIDTH="16" VPOS="587" HPOS="733"/>
							<String ID="string_28" HPOS="749" VPOS="587" WIDTH="158" HEIGHT="27" WC="0.93" CONTENT="Ordföranden,"/><SP WIDTH="16" VPOS="587" HPOS="907"/>
							<String ID="string_29" HPOS="923" VPOS="587" WIDTH="68" HEIGHT="22" WC="0.92" CONTENT="Gene-"/>
						</TextLine>
						<TextLine ID="line_9" HPOS="235" VPOS="620" WIDTH="757" HEIGHT="29">
							<String ID="string_30" HPOS="235" VPOS="620" WIDTH="60" HEIGHT="21" WC="0.90" CONTENT="ralen"/><SP WIDTH="17" VPOS="620" HPOS="295"/>
							<String ID="string_31" HPOS="312" VPOS="620" WIDTH="23" HEIGHT="21" WC="0.96" CONTENT="af"/><SP WIDTH="12" VPOS="620" HPOS="335"/>
							<String ID="string_32" HPOS="347" VPOS="621" WIDTH="125" HEIGHT="22" WC="0.93" CONTENT="infanteriet"/><SP WIDTH="14" VPOS="621" HPOS="472"/>
							<String ID="string_33" HPOS="486" VPOS="621" WIDTH="132" HEIGHT="27" WC="0.91" CONTENT="Dandeville,"/><SP WIDTH="17" VPOS="621" HPOS="618"/>
							<String ID="string_34" HPOS="635" VPOS="628" WIDTH="34" HEIGHT="15" WC="0.96" CONTENT="om"/><SP WIDTH="15" VPOS="628" HPOS="669"/>
							<String ID="string_35" HPOS="684" VPOS="621" WIDTH="132" HEIGHT="28" WC="0.96" CONTENT="upplysning"/><SP WIDTH="15" VPOS="621" HPOS="816"/>
							<String ID="string_36" HPOS="831" VPOS="622" WIDTH="105" HEIGHT="21" WC="0.93" CONTENT="huruvida"/><SP WIDTH="13" VPOS="622" HPOS="936"/>
							<String ID="string_37" HPOS="949" VPOS="621" WIDTH="43" HEIGHT="22" WC="0.91" CONTENT="frå-"/>
						</TextLine>
						<TextLine ID="line_10" HPOS="234" VPOS="655" WIDTH="759" HEIGHT="28">
							<String ID="string_38" HPOS="234" VPOS="660" WIDTH="42" HEIGHT="21" WC="0.91" CONTENT="gan"/><SP WIDTH="24" VPOS="660" HPOS="276"/>
							<String ID="string_39" HPOS="300" VPOS="661" WIDTH="34" HEIGHT="14" WC="0.93" CONTENT="om"/><SP WIDTH="24" VPOS="661" HPOS="334"/>
							<String ID="string_40" HPOS="358" VPOS="655" WIDTH="134" HEIGHT="22" WC="0.89" CONTENT="anställande"/><SP WIDTH="15" VPOS="655" HPOS="492"/>
							<String ID="string_41" HPOS="507" VPOS="655" WIDTH="7" HEIGHT="22" WC="0.93" CONTENT="i"/><SP WIDTH="16" VPOS="655" HPOS="514"/>
							<String ID="string_42" HPOS="530" VPOS="655" WIDTH="66" HEIGHT="28" WC="0.92" CONTENT="tjenst"/><SP WIDTH="23" VPOS="655" HPOS="596"/>
							<String ID="string_43" HPOS="619" VPOS="657" WIDTH="60" HEIGHT="20" WC="0.95" CONTENT="utom"/><SP WIDTH="24" VPOS="657" HPOS="679"/>
							<String ID="string_44" HPOS="703" VPOS="656" WIDTH="26" HEIGHT="21" WC="0.95" CONTENT="de"/><SP WIDTH="21" VPOS="656" HPOS="729"/>
							<String ID="string_45" HPOS="750" VPOS="655" WIDTH="71" HEIGHT="22" WC="0.95" CONTENT="finska"/><SP WIDTH="14" VPOS="655" HPOS="821"/>
							<String ID="string_46" HPOS="835" VPOS="658" WIDTH="121" HEIGHT="25" WC="0.96" CONTENT="trupperna"/><SP WIDTH="15" VPOS="658" HPOS="956"/>
							<String ID="string_47" HPOS="971" VPOS="656" WIDTH="22" HEIGHT="21" WC="0.96" CONTENT="af"/>
						</TextLine>
						<TextLine ID="line_11" HPOS="235" VPOS="688" WIDTH="756" HEIGHT="30">
							<String ID="string_48" HPOS="235" VPOS="688" WIDTH="142" HEIGHT="22" WC="0.91" CONTENT="öfverskottet"/><SP WIDTH="15" VPOS="688" HPOS="377"/>
							<String ID="string_49" HPOS="392" VPOS="689" WIDTH="84" HEIGHT="22" WC="0.92" CONTENT="utöfver"/><SP WIDTH="16" VPOS="689" HPOS="476"/>
							<String ID="string_50" HPOS="492" VPOS="689" WIDTH="39" HEIGHT="22" WC="0.96" CONTENT="den"/><SP WIDTH="19" VPOS="689" HPOS="531"/>
							<String ID="string_51" HPOS="550" VPOS="697" WIDTH="29" HEIGHT="14" WC="0.96" CONTENT="nu"/><SP WIDTH="16" VPOS="697" HPOS="579"/>
							<String ID="string_52" HPOS="595" VPOS="690" WIDTH="100" HEIGHT="27" WC="0.96" CONTENT="gällande"/><SP WIDTH="16" VPOS="690" HPOS="695"/>
							<String ID="string_53" HPOS="711" VPOS="697" WIDTH="87" HEIGHT="15" WC="0.96" CONTENT="normen"/><SP WIDTH="18" VPOS="697" HPOS="798"/>
							<String ID="string_54" HPOS="816" VPOS="690" WIDTH="23" HEIGHT="22" WC="0.96" CONTENT="af"/><SP WIDTH="13" VPOS="690" HPOS="839"/>
							<String ID="string_55" HPOS="852" VPOS="691" WIDTH="40" HEIGHT="21" WC="0.92" CONTENT="den"/><SP WIDTH="17" VPOS="691" HPOS="892"/>
							<String ID="string_56" HPOS="909" VPOS="691" WIDTH="82" HEIGHT="27" WC="0.89" CONTENT="rekryt-"/>
						</TextLine>
						<TextLine ID="line_12" HPOS="234" VPOS="723" WIDTH="756" HEIGHT="30">
							<String ID="string_57" HPOS="234" VPOS="723" WIDTH="135" HEIGHT="28" WC="0.96" CONTENT="kontingent,"/><SP WIDTH="17" VPOS="723" HPOS="369"/>
							<String ID="string_58" HPOS="386" VPOS="730" WIDTH="46" HEIGHT="15" WC="0.96" CONTENT="som"/><SP WIDTH="18" VPOS="730" HPOS="432"/>
							<String ID="string_59" HPOS="450" VPOS="726" WIDTH="86" HEIGHT="26" WC="0.96" CONTENT="uttages"/><SP WIDTH="16" VPOS="726" HPOS="536"/>
							<String ID="string_60" HPOS="552" VPOS="725" WIDTH="66" HEIGHT="21" WC="0.96" CONTENT="bland"/><SP WIDTH="15" VPOS="725" HPOS="618"/>
							<String ID="string_61" HPOS="633" VPOS="725" WIDTH="151" HEIGHT="27" WC="0.95" CONTENT="befolkningen"/><SP WIDTH="16" VPOS="725" HPOS="784"/>
							<String ID="string_62" HPOS="800" VPOS="725" WIDTH="6" HEIGHT="21" WC="0.96" CONTENT="i"/><SP WIDTH="16" VPOS="725" HPOS="806"/>
							<String ID="string_63" HPOS="822" VPOS="725" WIDTH="97" HEIGHT="26" WC="0.96" CONTENT="Finland,"/><SP WIDTH="16" VPOS="725" HPOS="919"/>
							<String ID="string_64" HPOS="935" VPOS="725" WIDTH="55" HEIGHT="28" WC="0.96" CONTENT="finge"/>
						</TextLine>
						<TextLine ID="line_13" HPOS="233" VPOS="757" WIDTH="757" HEIGHT="30">
							<String ID="string_65" HPOS="233" VPOS="757" WIDTH="145" HEIGHT="23" WC="0.96" CONTENT="underkastas"/><SP WIDTH="23" VPOS="757" HPOS="378"/>
							<String ID="string_66" HPOS="401" VPOS="759" WIDTH="77" HEIGHT="21" WC="0.93" CONTENT="allmän"/><SP WIDTH="24" VPOS="759" HPOS="478"/>
							<String ID="string_67" HPOS="502" VPOS="759" WIDTH="101" HEIGHT="28" WC="0.92" CONTENT="pröfning"/><SP WIDTH="23" VPOS="759" HPOS="603"/>
							<String ID="string_68" HPOS="626" VPOS="760" WIDTH="51" HEIGHT="21" WC="0.94" CONTENT="eller"/><SP WIDTH="23" VPOS="760" HPOS="677"/>
							<String ID="string_69" HPOS="700" VPOS="766" WIDTH="33" HEIGHT="15" WC="0.92" CONTENT="om"/><SP WIDTH="22" VPOS="766" HPOS="733"/>
							<String ID="string_70" HPOS="755" VPOS="760" WIDTH="112" HEIGHT="21" WC="0.92" CONTENT="Komiténs"/><SP WIDTH="23" VPOS="760" HPOS="867"/>
							<String ID="string_71" HPOS="890" VPOS="760" WIDTH="100" HEIGHT="27" WC="0.96" CONTENT="uppdrag"/>
						</TextLine>
						<TextLine ID="line_14" HPOS="234" VPOS="792" WIDTH="757" HEIGHT="29">
							<String ID="string_72" HPOS="234" VPOS="792" WIDTH="60" HEIGHT="27" WC="0.91" CONTENT="afsåg"/><SP WIDTH="15" VPOS="792" HPOS="294"/>
							<String ID="string_73" HPOS="309" VPOS="793" WIDTH="112" HEIGHT="27" WC="0.96" CONTENT="lösningen"/><SP WIDTH="17" VPOS="793" HPOS="421"/>
							<String ID="string_74" HPOS="438" VPOS="793" WIDTH="23" HEIGHT="22" WC="0.96" CONTENT="af"/><SP WIDTH="13" VPOS="793" HPOS="461"/>
							<String ID="string_75" HPOS="474" VPOS="800" WIDTH="25" HEIGHT="15" WC="0.96" CONTENT="en"/><SP WIDTH="17" VPOS="800" HPOS="499"/>
							<String ID="string_76" HPOS="516" VPOS="794" WIDTH="121" HEIGHT="21" WC="0.96" CONTENT="aritmetisk"/><SP WIDTH="19" VPOS="794" HPOS="637"/>
							<String ID="string_77" HPOS="656" VPOS="794" WIDTH="85" HEIGHT="27" WC="0.96" CONTENT="uppgift"/><SP WIDTH="18" VPOS="794" HPOS="741"/>
							<String ID="string_78" HPOS="759" VPOS="795" WIDTH="33" HEIGHT="21" WC="0.96" CONTENT="för"/><SP WIDTH="15" VPOS="795" HPOS="792"/>
							<String ID="string_79" HPOS="807" VPOS="795" WIDTH="162" HEIGHT="21" WC="0.95" CONTENT="bestämmande"/><SP WIDTH="15" VPOS="795" HPOS="969"/>
							<String ID="string_80" HPOS="984" VPOS="795" WIDTH="7" HEIGHT="20" WC="0.95" CONTENT="i"/>
						</TextLine>
						<TextLine ID="line_15" HPOS="233" VPOS="827" WIDTH="758" HEIGHT="29">
							<String ID="string_81" HPOS="233" VPOS="827" WIDTH="122" HEIGHT="27" WC="0.96" CONTENT="procenttal"/><SP WIDTH="16" VPOS="827" HPOS="355"/>
							<String ID="string_82" HPOS="371" VPOS="828" WIDTH="23" HEIGHT="21" WC="0.96" CONTENT="af"/><SP WIDTH="14" VPOS="828" HPOS="394"/>
							<String ID="string_83" HPOS="408" VPOS="828" WIDTH="36" HEIGHT="21" WC="0.96" CONTENT="det"/><SP WIDTH="16" VPOS="828" HPOS="444"/>
							<String ID="string_84" HPOS="460" VPOS="829" WIDTH="58" HEIGHT="21" WC="0.96" CONTENT="antal"/><SP WIDTH="16" VPOS="829" HPOS="518"/>
							<String ID="string_85" HPOS="534" VPOS="828" WIDTH="76" HEIGHT="27" WC="0.96" CONTENT="finnar,"/><SP WIDTH="9" VPOS="828" HPOS="610"/>
							<String ID="string_86" HPOS="619" VPOS="835" WIDTH="46" HEIGHT="15" WC="0.96" CONTENT="som"/><SP WIDTH="12" VPOS="835" HPOS="665"/>
							<String ID="string_87" HPOS="677" VPOS="829" WIDTH="99" HEIGHT="27" WC="0.96" CONTENT="utgjorde"/><SP WIDTH="10" VPOS="829" HPOS="776"/>
							<String ID="string_88" HPOS="786" VPOS="829" WIDTH="67" HEIGHT="27" WC="0.93" CONTENT="sagda"/><SP WIDTH="11" VPOS="829" HPOS="853"/>
							<String ID="string_89" HPOS="864" VPOS="829" WIDTH="127" HEIGHT="27" WC="0.91" CONTENT="öfverskott,"/>
						</TextLine>
						<TextLine ID="line_16" HPOS="233" VPOS="863" WIDTH="645" HEIGHT="28">
							<String ID="string_90" HPOS="233" VPOS="864" WIDTH="54" HEIGHT="19" WC="0.95" CONTENT="utan"/><SP WIDTH="16" VPOS="864" HPOS="287"/>
							<String ID="string_91" HPOS="303" VPOS="864" WIDTH="33" HEIGHT="19" WC="0.95" CONTENT="att"/><SP WIDTH="16" VPOS="864" HPOS="336"/>
							<String ID="string_92" HPOS="352" VPOS="863" WIDTH="40" HEIGHT="21" WC="0.96" CONTENT="alls"/><SP WIDTH="15" VPOS="863" HPOS="392"/>
							<String ID="string_93" HPOS="407" VPOS="863" WIDTH="77" HEIGHT="22" WC="0.96" CONTENT="beröra"/><SP WIDTH="16" VPOS="863" HPOS="484"/>
							<String ID="string_94" HPOS="500" VPOS="863" WIDTH="76" HEIGHT="28" WC="0.95" CONTENT="frågan"/><SP WIDTH="16" VPOS="863" HPOS="576"/>
							<String ID="string_95" HPOS="592" VPOS="870" WIDTH="26" HEIGHT="15" WC="0.93" CONTENT="ur"/><SP WIDTH="16" VPOS="870" HPOS="618"/>
							<String ID="string_96" HPOS="634" VPOS="864" WIDTH="111" HEIGHT="27" WC="0.91" CONTENT="principiel"/><SP WIDTH="16" VPOS="864" HPOS="745"/>
							<String ID="string_97" HPOS="761" VPOS="864" WIDTH="117" HEIGHT="27" WC="0.96" CONTENT="synpunkt."/>
						</TextLine>
					</TextBlock>
					<TextBlock ID="block_5" HPOS="232" VPOS="896" WIDTH="759" HEIGHT="340">
						<TextLine ID="line_17" HPOS="301" VPOS="896" WIDTH="689" HEIGHT="29">
							<String ID="string_98" HPOS="301" VPOS="896" WIDTH="61" HEIGHT="22" WC="0.95" CONTENT="Efter"/><SP WIDTH="24" VPOS="896" HPOS="362"/>
							<String ID="string_99" HPOS="386" VPOS="897" WIDTH="92" HEIGHT="21" WC="0.96" CONTENT="erhållen"/><SP WIDTH="23" VPOS="897" HPOS="478"/>
							<String ID="string_100" HPOS="501" VPOS="898" WIDTH="131" HEIGHT="26" WC="0.96" CONTENT="upplysning"/><SP WIDTH="23" VPOS="898" HPOS="632"/>
							<String ID="string_101" HPOS="655" VPOS="904" WIDTH="34" HEIGHT="15" WC="0.95" CONTENT="om"/><SP WIDTH="20" VPOS="904" HPOS="689"/>
							<String ID="string_102" HPOS="709" VPOS="899" WIDTH="33" HEIGHT="20" WC="0.96" CONTENT="att"/><SP WIDTH="15" VPOS="899" HPOS="742"/>
							<String ID="string_103" HPOS="757" VPOS="897" WIDTH="75" HEIGHT="28" WC="0.96" CONTENT="frågan"/><SP WIDTH="17" VPOS="897" HPOS="832"/>
							<String ID="string_104" HPOS="849" VPOS="898" WIDTH="72" HEIGHT="21" WC="0.93" CONTENT="kunde"/><SP WIDTH="15" VPOS="898" HPOS="921"/>
							<String ID="string_105" HPOS="936" VPOS="904" WIDTH="54" HEIGHT="20" WC="0.92" CONTENT="upp-"/>
						</TextLine>
						<TextLine ID="line_18" HPOS="233" VPOS="927" WIDTH="756" HEIGHT="32">
							<String ID="string_106" HPOS="233" VPOS="932" WIDTH="63" HEIGHT="26" WC="0.93" CONTENT="tagas"/><SP WIDTH="24" VPOS="932" HPOS="296"/>
							<String ID="string_107" HPOS="320" VPOS="930" WIDTH="30" HEIGHT="22" WC="0.93" CONTENT="till"/><SP WIDTH="23" VPOS="930" HPOS="350"/>
							<String ID="string_108" HPOS="373" VPOS="931" WIDTH="101" HEIGHT="28" WC="0.88" CONTENT="pröfning"/><SP WIDTH="15" VPOS="931" HPOS="474"/>
							<String ID="string_109" HPOS="489" VPOS="932" WIDTH="6" HEIGHT="21" WC="0.96" CONTENT="i"/><SP WIDTH="16" VPOS="932" HPOS="495"/>
							<String ID="string_110" HPOS="511" VPOS="932" WIDTH="48" HEIGHT="22" WC="0.96" CONTENT="hela"/><SP WIDTH="23" VPOS="932" HPOS="559"/>
							<String ID="string_111" HPOS="582" VPOS="932" WIDTH="48" HEIGHT="22" WC="0.96" CONTENT="dess"/><SP WIDTH="24" VPOS="932" HPOS="630"/>
							<String ID="string_112" HPOS="654" VPOS="932" WIDTH="91" HEIGHT="27" WC="0.95" CONTENT="omfång,"/><SP WIDTH="16" VPOS="932" HPOS="745"/>
							<String ID="string_113" HPOS="761" VPOS="932" WIDTH="99" HEIGHT="22" WC="0.93" CONTENT="framhöll"/><SP WIDTH="18" VPOS="932" HPOS="860"/>
							<String ID="string_114" HPOS="878" VPOS="927" WIDTH="111" HEIGHT="27" WC="0.92" CONTENT="Öfversten"/>
						</TextLine>
						<TextLine ID="line_19" HPOS="232" VPOS="964" WIDTH="757" HEIGHT="30">
							<String ID="string_115" HPOS="232" VPOS="964" WIDTH="79" HEIGHT="27" WC="0.96" CONTENT="Antell,"/><SP WIDTH="16" VPOS="964" HPOS="311"/>
							<String ID="string_116" HPOS="327" VPOS="965" WIDTH="135" HEIGHT="22" WC="0.96" CONTENT="understödd"/><SP WIDTH="16" VPOS="965" HPOS="462"/>
							<String ID="string_117" HPOS="478" VPOS="966" WIDTH="22" HEIGHT="22" WC="0.96" CONTENT="af"/><SP WIDTH="13" VPOS="966" HPOS="500"/>
							<String ID="string_118" HPOS="513" VPOS="966" WIDTH="49" HEIGHT="27" WC="0.96" CONTENT="mig,"/><SP WIDTH="17" VPOS="966" HPOS="562"/>
							<String ID="string_119" HPOS="579" VPOS="966" WIDTH="53" HEIGHT="22" WC="0.96" CONTENT="efter"/><SP WIDTH="17" VPOS="966" HPOS="632"/>
							<String ID="string_120" HPOS="649" VPOS="968" WIDTH="34" HEIGHT="19" WC="0.96" CONTENT="att"/><SP WIDTH="15" VPOS="968" HPOS="683"/>
							<String ID="string_121" HPOS="698" VPOS="966" WIDTH="63" HEIGHT="22" WC="0.96" CONTENT="hafva"/><SP WIDTH="14" VPOS="966" HPOS="761"/>
							<String ID="string_122" HPOS="775" VPOS="967" WIDTH="96" HEIGHT="27" WC="0.92" CONTENT="påpekat"/><SP WIDTH="15" VPOS="967" HPOS="871"/>
							<String ID="string_123" HPOS="886" VPOS="966" WIDTH="103" HEIGHT="22" WC="0.91" CONTENT="hurusom"/>
						</TextLine>
						<TextLine ID="line_20" HPOS="233" VPOS="999" WIDTH="758" HEIGHT="29">
							<String ID="string_124" HPOS="233" VPOS="999" WIDTH="71" HEIGHT="21" WC="0.96" CONTENT="denna"/><SP WIDTH="24" VPOS="999" HPOS="304"/>
							<String ID="string_125" HPOS="328" VPOS="1000" WIDTH="76" HEIGHT="26" WC="0.96" CONTENT="åtgärd"/><SP WIDTH="24" VPOS="1000" HPOS="404"/>
							<String ID="string_126" HPOS="428" VPOS="1000" WIDTH="66" HEIGHT="28" WC="0.96" CONTENT="enligt"/><SP WIDTH="22" VPOS="1000" HPOS="494"/>
							<String ID="string_127" HPOS="516" VPOS="1000" WIDTH="98" HEIGHT="28" WC="0.95" CONTENT="gällande"/><SP WIDTH="23" VPOS="1000" HPOS="614"/>
							<String ID="string_128" HPOS="637" VPOS="1000" WIDTH="57" HEIGHT="22" WC="0.96" CONTENT="finsk"/><SP WIDTH="24" VPOS="1000" HPOS="694"/>
							<String ID="string_129" HPOS="718" VPOS="1000" WIDTH="35" HEIGHT="28" WC="0.96" CONTENT="lag"/><SP WIDTH="14" VPOS="1000" HPOS="753"/>
							<String ID="string_130" HPOS="767" VPOS="1001" WIDTH="74" HEIGHT="21" WC="0.96" CONTENT="kunde"/><SP WIDTH="14" VPOS="1001" HPOS="841"/>
							<String ID="string_131" HPOS="855" VPOS="1000" WIDTH="136" HEIGHT="28" WC="0.96" CONTENT="genomföras"/>
						</TextLine>
						<TextLine ID="line_21" HPOS="233" VPOS="1034" WIDTH="758" HEIGHT="28">
							<String ID="string_132" HPOS="233" VPOS="1034" WIDTH="77" HEIGHT="22" WC="0.96" CONTENT="endast"/><SP WIDTH="22" VPOS="1034" HPOS="310"/>
							<String ID="string_133" HPOS="332" VPOS="1035" WIDTH="69" HEIGHT="21" WC="0.96" CONTENT="under"/><SP WIDTH="23" VPOS="1035" HPOS="401"/>
							<String ID="string_134" HPOS="424" VPOS="1036" WIDTH="128" HEIGHT="21" WC="0.96" CONTENT="medverkan"/><SP WIDTH="24" VPOS="1036" HPOS="552"/>
							<String ID="string_135" HPOS="576" VPOS="1035" WIDTH="23" HEIGHT="22" WC="0.96" CONTENT="af"/><SP WIDTH="17" VPOS="1035" HPOS="599"/>
							<String ID="string_136" HPOS="616" VPOS="1036" WIDTH="103" HEIGHT="21" WC="0.96" CONTENT="Finlands"/><SP WIDTH="15" VPOS="1036" HPOS="719"/>
							<String ID="string_137" HPOS="734" VPOS="1036" WIDTH="32" HEIGHT="21" WC="0.93" CONTENT="till"/><SP WIDTH="16" VPOS="1036" HPOS="766"/>
							<String ID="string_138" HPOS="782" VPOS="1036" WIDTH="104" HEIGHT="26" WC="0.92" CONTENT="landtdag"/><SP WIDTH="14" VPOS="1036" HPOS="886"/>
							<String ID="string_139" HPOS="900" VPOS="1035" WIDTH="91" HEIGHT="22" WC="0.92" CONTENT="försam-"/>
						</TextLine>
						<TextLine ID="line_22" HPOS="232" VPOS="1068" WIDTH="757" HEIGHT="29">
							<String ID="string_140" HPOS="232" VPOS="1068" WIDTH="48" HEIGHT="22" WC="0.93" CONTENT="lade"/><SP WIDTH="20" VPOS="1068" HPOS="280"/>
							<String ID="string_141" HPOS="300" VPOS="1068" WIDTH="99" HEIGHT="28" WC="0.90" CONTENT="Ständer,"/><SP WIDTH="21" VPOS="1068" HPOS="399"/>
							<String ID="string_142" HPOS="420" VPOS="1071" WIDTH="33" HEIGHT="19" WC="0.96" CONTENT="att"/><SP WIDTH="15" VPOS="1071" HPOS="453"/>
							<String ID="string_143" HPOS="468" VPOS="1070" WIDTH="49" HEIGHT="26" WC="0.96" CONTENT="han,"/><SP WIDTH="17" VPOS="1070" HPOS="517"/>
							<String ID="string_144" HPOS="534" VPOS="1070" WIDTH="69" HEIGHT="21" WC="0.93" CONTENT="under"/><SP WIDTH="15" VPOS="1070" HPOS="603"/>
							<String ID="string_145" HPOS="618" VPOS="1070" WIDTH="149" HEIGHT="27" WC="0.92" CONTENT="medgifvande"/><SP WIDTH="16" VPOS="1070" HPOS="767"/>
							<String ID="string_146" HPOS="783" VPOS="1070" WIDTH="22" HEIGHT="21" WC="0.96" CONTENT="af"/><SP WIDTH="14" VPOS="1070" HPOS="805"/>
							<String ID="string_147" HPOS="819" VPOS="1070" WIDTH="36" HEIGHT="22" WC="0.96" CONTENT="det"/><SP WIDTH="14" VPOS="1070" HPOS="855"/>
							<String ID="string_148" HPOS="869" VPOS="1070" WIDTH="73" HEIGHT="27" WC="0.96" CONTENT="billiga"/><SP WIDTH="16" VPOS="1070" HPOS="942"/>
							<String ID="string_149" HPOS="958" VPOS="1070" WIDTH="31" HEIGHT="21" WC="0.96" CONTENT="uti"/>
						</TextLine>
						<TextLine ID="line_23" HPOS="233" VPOS="1104" WIDTH="756" HEIGHT="28">
							<String ID="string_150" HPOS="233" VPOS="1105" WIDTH="33" HEIGHT="19" WC="0.93" CONTENT="att"/><SP WIDTH="22" VPOS="1105" HPOS="266"/>
							<String ID="string_151" HPOS="288" VPOS="1104" WIDTH="149" HEIGHT="27" WC="0.92" CONTENT="värnepligten"/><SP WIDTH="16" VPOS="1104" HPOS="437"/>
							<String ID="string_152" HPOS="453" VPOS="1105" WIDTH="7" HEIGHT="21" WC="0.97" CONTENT="i"/><SP WIDTH="15" VPOS="1105" HPOS="460"/>
							<String ID="string_153" HPOS="475" VPOS="1105" WIDTH="74" HEIGHT="21" WC="0.94" CONTENT="landet"/><SP WIDTH="23" VPOS="1105" HPOS="549"/>
							<String ID="string_154" HPOS="572" VPOS="1105" WIDTH="111" HEIGHT="27" WC="0.96" CONTENT="utgjordes"/><SP WIDTH="15" VPOS="1105" HPOS="683"/>
							<String ID="string_155" HPOS="698" VPOS="1105" WIDTH="7" HEIGHT="21" WC="0.93" CONTENT="i"/><SP WIDTH="15" VPOS="1105" HPOS="705"/>
							<String ID="string_156" HPOS="720" VPOS="1105" WIDTH="158" HEIGHT="21" WC="0.92" CONTENT="vidsträcktare"/><SP WIDTH="15" VPOS="1105" HPOS="878"/>
							<String ID="string_157" HPOS="893" VPOS="1105" WIDTH="53" HEIGHT="27" WC="0.96" CONTENT="grad"/><SP WIDTH="17" VPOS="1105" HPOS="946"/>
							<String ID="string_158" HPOS="963" VPOS="1106" WIDTH="26" HEIGHT="20" WC="0.96" CONTENT="än"/>
						</TextLine>
						<TextLine ID="line_24" HPOS="232" VPOS="1138" WIDTH="759" HEIGHT="28">
							<String ID="string_159" HPOS="232" VPOS="1138" WIDTH="56" HEIGHT="21" WC="0.96" CONTENT="hvad"/><SP WIDTH="22" VPOS="1138" HPOS="288"/>
							<String ID="string_160" HPOS="310" VPOS="1138" WIDTH="34" HEIGHT="21" WC="0.96" CONTENT="för"/><SP WIDTH="22" VPOS="1138" HPOS="344"/>
							<String ID="string_161" HPOS="366" VPOS="1140" WIDTH="136" HEIGHT="21" WC="0.96" CONTENT="närvarande"/><SP WIDTH="23" VPOS="1140" HPOS="502"/>
							<String ID="string_162" HPOS="525" VPOS="1142" WIDTH="25" HEIGHT="18" WC="0.96" CONTENT="är"/><SP WIDTH="16" VPOS="1142" HPOS="550"/>
							<String ID="string_163" HPOS="566" VPOS="1140" WIDTH="66" HEIGHT="26" WC="0.96" CONTENT="fallet,"/><SP WIDTH="16" VPOS="1140" HPOS="632"/>
							<String ID="string_164" HPOS="648" VPOS="1140" WIDTH="65" HEIGHT="20" WC="0.96" CONTENT="likväl"/><SP WIDTH="15" VPOS="1140" HPOS="713"/>
							<String ID="string_165" HPOS="728" VPOS="1140" WIDTH="46" HEIGHT="21" WC="0.96" CONTENT="icke"/><SP WIDTH="15" VPOS="1140" HPOS="774"/>
							<String ID="string_166" HPOS="789" VPOS="1139" WIDTH="72" HEIGHT="21" WC="0.96" CONTENT="kunde"/><SP WIDTH="15" VPOS="1139" HPOS="861"/>
							<String ID="string_167" HPOS="876" VPOS="1139" WIDTH="115" HEIGHT="21" WC="0.96" CONTENT="instämma"/>
						</TextLine>
						<TextLine ID="line_25" HPOS="232" VPOS="1172" WIDTH="758" HEIGHT="29">
							<String ID="string_168" HPOS="232" VPOS="1173" WIDTH="32" HEIGHT="20" WC="0.93" CONTENT="uti"/><SP WIDTH="16" VPOS="1173" HPOS="264"/>
							<String ID="string_169" HPOS="280" VPOS="1172" WIDTH="104" HEIGHT="22" WC="0.92" CONTENT="flertalets"/><SP WIDTH="19" VPOS="1172" HPOS="384"/>
							<String ID="string_170" HPOS="403" VPOS="1174" WIDTH="3" HEIGHT="20" WC="0.93" CONTENT="i"/><SP WIDTH="16" VPOS="1174" HPOS="406"/>
							<String ID="string_171" HPOS="422" VPOS="1174" WIDTH="100" HEIGHT="21" WC="0.93" CONTENT="Komitén"/><SP WIDTH="20" VPOS="1174" HPOS="522"/>
							<String ID="string_172" HPOS="542" VPOS="1174" WIDTH="56" HEIGHT="27" WC="0.92" CONTENT="åsigt"/><SP WIDTH="16" VPOS="1174" HPOS="598"/>
							<String ID="string_173" HPOS="614" VPOS="1174" WIDTH="111" HEIGHT="27" WC="0.96" CONTENT="angående"/><SP WIDTH="16" VPOS="1174" HPOS="725"/>
							<String ID="string_174" HPOS="741" VPOS="1174" WIDTH="39" HEIGHT="21" WC="0.96" CONTENT="den"/><SP WIDTH="17" VPOS="1174" HPOS="780"/>
							<String ID="string_175" HPOS="797" VPOS="1174" WIDTH="128" HEIGHT="27" WC="0.93" CONTENT="ifrågasatta"/><SP WIDTH="16" VPOS="1174" HPOS="925"/>
							<String ID="string_176" HPOS="941" VPOS="1174" WIDTH="49" HEIGHT="21" WC="0.93" CONTENT="ord-"/>
						</TextLine>
						<TextLine ID="line_26" HPOS="232" VPOS="1207" WIDTH="599" HEIGHT="29">
							<String ID="string_177" HPOS="232" VPOS="1208" WIDTH="78" HEIGHT="26" WC="0.96" CONTENT="ningen"/><SP WIDTH="17" VPOS="1208" HPOS="310"/>
							<String ID="string_178" HPOS="327" VPOS="1207" WIDTH="33" HEIGHT="21" WC="0.96" CONTENT="för"/><SP WIDTH="15" VPOS="1207" HPOS="360"/>
							<String ID="string_179" HPOS="375" VPOS="1207" WIDTH="71" HEIGHT="22" WC="0.93" CONTENT="finska"/><SP WIDTH="14" VPOS="1207" HPOS="446"/>
							<String ID="string_180" HPOS="460" VPOS="1209" WIDTH="109" HEIGHT="26" WC="0.92" CONTENT="rekryters"/><SP WIDTH="17" VPOS="1209" HPOS="569"/>
							<String ID="string_181" HPOS="586" VPOS="1208" WIDTH="135" HEIGHT="22" WC="0.92" CONTENT="anställande"/><SP WIDTH="16" VPOS="1208" HPOS="721"/>
							<String ID="string_182" HPOS="737" VPOS="1210" WIDTH="6" HEIGHT="20" WC="0.93" CONTENT="i"/><SP WIDTH="16" VPOS="1210" HPOS="743"/>
							<String ID="string_183" HPOS="759" VPOS="1208" WIDTH="72" HEIGHT="28" WC="0.89" CONTENT="tjenst."/>
						</TextLine>
					</TextBlock>
					<TextBlock ID="block_6" HPOS="231" VPOS="1241" WIDTH="759" HEIGHT="126">
						<TextLine ID="line_27" HPOS="301" VPOS="1241" WIDTH="689" HEIGHT="29">
							<String ID="string_184" HPOS="301" VPOS="1241" WIDTH="70" HEIGHT="22" WC="0.96" CONTENT="Sedan"/><SP WIDTH="17" VPOS="1241" HPOS="371"/>
							<String ID="string_185" HPOS="388" VPOS="1242" WIDTH="90" HEIGHT="22" WC="0.96" CONTENT="anförda"/><SP WIDTH="15" VPOS="1242" HPOS="478"/>
							<String ID="string_186" HPOS="493" VPOS="1243" WIDTH="102" HEIGHT="27" WC="0.93" CONTENT="yttrande"/><SP WIDTH="15" VPOS="1243" HPOS="595"/>
							<String ID="string_187" HPOS="610" VPOS="1243" WIDTH="99" HEIGHT="27" WC="0.92" CONTENT="afgifvits,"/><SP WIDTH="12" VPOS="1243" HPOS="709"/>
							<String ID="string_188" HPOS="721" VPOS="1243" WIDTH="70" HEIGHT="21" WC="0.96" CONTENT="anhöll"/><SP WIDTH="15" VPOS="1243" HPOS="791"/>
							<String ID="string_189" HPOS="806" VPOS="1243" WIDTH="56" HEIGHT="21" WC="0.93" CONTENT="Herr"/><SP WIDTH="11" VPOS="1243" HPOS="862"/>
							<String ID="string_190" HPOS="873" VPOS="1242" WIDTH="117" HEIGHT="22" WC="0.92" CONTENT="Ordföran-"/>
						</TextLine>
						<TextLine ID="line_28" HPOS="233" VPOS="1275" WIDTH="756" HEIGHT="29">
							<String ID="string_191" HPOS="233" VPOS="1275" WIDTH="40" HEIGHT="21" WC="0.96" CONTENT="den"/><SP WIDTH="25" VPOS="1275" HPOS="273"/>
							<String ID="string_192" HPOS="298" VPOS="1277" WIDTH="33" HEIGHT="19" WC="0.96" CONTENT="att"/><SP WIDTH="23" VPOS="1277" HPOS="331"/>
							<String ID="string_193" HPOS="354" VPOS="1276" WIDTH="119" HEIGHT="22" WC="0.93" CONTENT="detsamma"/><SP WIDTH="14" VPOS="1276" HPOS="473"/>
							<String ID="string_194" HPOS="487" VPOS="1277" WIDTH="68" HEIGHT="21" WC="0.92" CONTENT="blefve"/><SP WIDTH="16" VPOS="1277" HPOS="555"/>
							<String ID="string_195" HPOS="571" VPOS="1276" WIDTH="101" HEIGHT="23" WC="0.92" CONTENT="affattadt"/><SP WIDTH="15" VPOS="1276" HPOS="672"/>
							<String ID="string_196" HPOS="687" VPOS="1277" WIDTH="126" HEIGHT="27" WC="0.96" CONTENT="skriftligen,"/><SP WIDTH="16" VPOS="1277" HPOS="813"/>
							<String ID="string_197" HPOS="829" VPOS="1277" WIDTH="80" HEIGHT="21" WC="0.95" CONTENT="hvilket"/><SP WIDTH="16" VPOS="1277" HPOS="909"/>
							<String ID="string_198" HPOS="925" VPOS="1278" WIDTH="64" HEIGHT="20" WC="0.96" CONTENT="också"/>
						</TextLine>
						<TextLine ID="line_29" HPOS="232" VPOS="1310" WIDTH="757" HEIGHT="28">
							<String ID="string_199" HPOS="232" VPOS="1310" WIDTH="81" HEIGHT="21" WC="0.96" CONTENT="skedde"/><SP WIDTH="15" VPOS="1310" HPOS="313"/>
							<String ID="string_200" HPOS="328" VPOS="1310" WIDTH="6" HEIGHT="21" WC="0.96" CONTENT="i"/><SP WIDTH="16" VPOS="1310" HPOS="334"/>
							<String ID="string_201" HPOS="350" VPOS="1311" WIDTH="92" HEIGHT="21" WC="0.96" CONTENT="särskild"/><SP WIDTH="20" VPOS="1311" HPOS="442"/>
							<String ID="string_202" HPOS="462" VPOS="1312" WIDTH="139" HEIGHT="26" WC="0.96" CONTENT="reservation,"/><SP WIDTH="19" VPOS="1312" HPOS="601"/>
							<String ID="string_203" HPOS="620" VPOS="1312" WIDTH="162" HEIGHT="21" WC="0.96" CONTENT="undertecknad"/><SP WIDTH="17" VPOS="1312" HPOS="782"/>
							<String ID="string_204" HPOS="799" VPOS="1311" WIDTH="22" HEIGHT="21" WC="0.96" CONTENT="af"/><SP WIDTH="13" VPOS="1311" HPOS="821"/>
							<String ID="string_205" HPOS="834" VPOS="1312" WIDTH="68" HEIGHT="26" WC="0.93" CONTENT="bägge"/><SP WIDTH="15" VPOS="1312" HPOS="902"/>
							<String ID="string_206" HPOS="917" VPOS="1318" WIDTH="72" HEIGHT="20" WC="0.92" CONTENT="repre-"/>
						</TextLine>
						<TextLine ID="line_30" HPOS="231" VPOS="1345" WIDTH="439" HEIGHT="22">
							<String ID="string_207" HPOS="231" VPOS="1346" WIDTH="141" HEIGHT="20" WC="0.92" CONTENT="sentanterne"/><SP WIDTH="14" VPOS="1346" HPOS="372"/>
							<String ID="string_208" HPOS="386" VPOS="1345" WIDTH="34" HEIGHT="21" WC="0.96" CONTENT="för"/><SP WIDTH="15" VPOS="1345" HPOS="420"/>
							<String ID="string_209" HPOS="435" VPOS="1345" WIDTH="91" HEIGHT="22" WC="0.96" CONTENT="Finland"/><SP WIDTH="15" VPOS="1345" HPOS="526"/>
							<String ID="string_210" HPOS="541" VPOS="1346" WIDTH="7" HEIGHT="20" WC="0.93" CONTENT="i"/><SP WIDTH="15" VPOS="1346" HPOS="548"/>
							<String ID="string_211" HPOS="563" VPOS="1346" WIDTH="107" HEIGHT="21" WC="0.91" CONTENT="Komitén."/>
						</TextLine>
					</TextBlock>
					<TextBlock ID="block_7" HPOS="231" VPOS="1379" WIDTH="760" HEIGHT="97">
						<TextLine ID="line_31" HPOS="300" VPOS="1379" WIDTH="689" HEIGHT="23">
							<String ID="string_212" HPOS="300" VPOS="1379" WIDTH="96" HEIGHT="22" WC="0.96" CONTENT="Numera"/><SP WIDTH="22" VPOS="1379" HPOS="396"/>
							<String ID="string_213" HPOS="418" VPOS="1380" WIDTH="40" HEIGHT="21" WC="0.96" CONTENT="har"/><SP WIDTH="23" VPOS="1380" HPOS="458"/>
							<String ID="string_214" HPOS="481" VPOS="1380" WIDTH="120" HEIGHT="22" WC="0.96" CONTENT="Generalen"/><SP WIDTH="23" VPOS="1380" HPOS="601"/>
							<String ID="string_215" HPOS="624" VPOS="1380" WIDTH="23" HEIGHT="22" WC="0.96" CONTENT="af"/><SP WIDTH="20" VPOS="1380" HPOS="647"/>
							<String ID="string_216" HPOS="667" VPOS="1380" WIDTH="126" HEIGHT="22" WC="0.93" CONTENT="infanteriet"/><SP WIDTH="22" VPOS="1380" HPOS="793"/>
							<String ID="string_217" HPOS="815" VPOS="1380" WIDTH="124" HEIGHT="22" WC="0.92" CONTENT="Dandeville"/><SP WIDTH="15" VPOS="1380" HPOS="939"/>
							<String ID="string_218" HPOS="954" VPOS="1380" WIDTH="35" HEIGHT="22" WC="0.96" CONTENT="vid"/>
						</TextLine>
						<TextLine ID="line_32" HPOS="232" VPOS="1414" WIDTH="757" HEIGHT="28">
							<String ID="string_219" HPOS="232" VPOS="1414" WIDTH="80" HEIGHT="26" WC="0.96" CONTENT="dagens"/><SP WIDTH="16" VPOS="1414" HPOS="312"/>
							<String ID="string_220" HPOS="328" VPOS="1414" WIDTH="162" HEIGHT="22" WC="0.96" CONTENT="sammanträde"/><SP WIDTH="14" VPOS="1414" HPOS="490"/>
							<String ID="string_221" HPOS="504" VPOS="1414" WIDTH="106" HEIGHT="22" WC="0.96" CONTENT="förklarat"/><SP WIDTH="13" VPOS="1414" HPOS="610"/>
							<String ID="string_222" HPOS="623" VPOS="1416" WIDTH="39" HEIGHT="25" WC="0.96" CONTENT="att,"/><SP WIDTH="12" VPOS="1416" HPOS="662"/>
							<String ID="string_223" HPOS="674" VPOS="1415" WIDTH="66" HEIGHT="21" WC="0.93" CONTENT="sedan"/><SP WIDTH="11" VPOS="1415" HPOS="740"/>
							<String ID="string_224" HPOS="751" VPOS="1414" WIDTH="188" HEIGHT="28" WC="0.92" CONTENT="Krigsministerns"/><SP WIDTH="11" VPOS="1414" HPOS="939"/>
							<String ID="string_225" HPOS="950" VPOS="1421" WIDTH="39" HEIGHT="15" WC="0.92" CONTENT="un-"/>
						</TextLine>
						<TextLine ID="line_33" HPOS="231" VPOS="1448" WIDTH="760" HEIGHT="28">
							<String ID="string_226" HPOS="231" VPOS="1448" WIDTH="119" HEIGHT="27" WC="0.87" CONTENT="derdåniga"/><SP WIDTH="24" VPOS="1448" HPOS="350"/>
							<String ID="string_227" HPOS="374" VPOS="1448" WIDTH="275" HEIGHT="28" WC="0.87" CONTENT="föredragningsmemorial"/><SP WIDTH="23" VPOS="1448" HPOS="649"/>
							<String ID="string_228" HPOS="672" VPOS="1449" WIDTH="111" HEIGHT="27" WC="0.93" CONTENT="angående"/><SP WIDTH="16" VPOS="1449" HPOS="783"/>
							<String ID="string_229" HPOS="799" VPOS="1448" WIDTH="153" HEIGHT="22" WC="0.91" CONTENT="öfverskottets"/><SP WIDTH="17" VPOS="1448" HPOS="952"/>
							<String ID="string_230" HPOS="969" VPOS="1449" WIDTH="22" HEIGHT="21" WC="0.96" CONTENT="af"/>
						</TextLine>
					</TextBlock>
				</ComposedBlock>
			</PrintSpace>
		</Page>
	</Layout>
</alto>
