1111 1734
797 152 33 20 43

177 220 51 21 Den
250 219 113 21 vexlande
386 219 137 28 personalen
543 219 23 21 af
584 219 127 27 officerare,
729 219 137 21 underbefäl

108 254 44 22 och
170 254 112 27 manskap
300 253 40 21 vid
353 253 28 21 de
393 253 76 21 finska
481 253 385 29 depotskarpskyttebataljonerna

107 288 45 22 och
171 288 75 21 finska
264 287 245 29 dragonregementets
525 287 265 29 depotkaderafdelning
803 288 63 21 kom-

107 323 112 29 pletteras
247 322 51 21 från
323 329 107 14 reserven
452 322 74 28 enligt
550 321 99 22 Stabens
668 322 37 21 för
722 321 144 22 Finländska

107 356 209 23 militärdistriktet
333 356 98 21 tabeller
449 356 43 21 och
510 363 84 21 genom
607 356 52 21 dess
672 356 31 28 på
715 356 152 28 anvisningar

108 392 24 21 af
155 390 180 22 Hufvudstaben
360 390 121 28 grundade
500 390 92 28 åtgärd;
611 390 8 21 i
638 390 110 21 händelse
768 390 22 21 af
808 390 59 22 brist

108 426 30 28 på
157 425 125 27 officerare,
301 424 137 22 underbefäl
457 424 43 22 och
518 424 113 28 manskap
651 424 40 22 vid
709 424 75 22 finska
795 432 71 14 reser-

108 467 45 14 ven
171 459 67 29 fylles
258 458 39 22 det
316 458 85 29 nödiga
426 459 89 21 antalet
534 458 23 22 af
575 458 65 22 desse
659 466 83 22 genom
760 458 106 22 Hufvud-

107 494 96 22 stabens
222 493 90 29 åtgärd,
331 492 98 23 hvarvid
448 493 89 21 bristen
555 494 30 27 på
597 493 140 21 underbefäl
748 493 44 21 och
803 501 63 14 man-

108 528 58 29 skap
194 528 80 21 täckes
301 527 52 21 med
380 531 126 18 värnemän
533 528 51 20 från
608 527 162 22 landtvärnets
794 528 73 21 första

108 563 114 28 kategori,
242 569 52 14 men
313 562 39 21 vid
372 562 116 21 ordinarie
501 561 94 29 uppbåd
607 562 71 21 äfven
690 562 52 21 med
755 562 111 28 rekryter.

316 636 42 18 Art.
380 635 25 20 82
427 635 5 19 i
448 635 111 24 »förslaget>
575 635 120 19 bestämmer
711 635 110 24 ordningen
837 635 31 20 för

247 663 179 26 kompletteringen
447 664 44 19 med
506 664 105 23 officerare,
628 664 117 19 underbefäl
760 664 37 19 och
812 670 55 13 man-

247 693 49 24 skap
312 693 19 18 af
346 692 23 19 de
384 692 65 19 finska
464 692 274 25 depottruppafdelningarna
752 692 36 19 och
803 692 65 19 finska

248 721 133 24 landtvärnet,
397 727 43 12 som
456 722 103 23 uppsättas
573 721 6 18 i
590 721 91 24 krigstid,
692 721 80 19 hvilken
783 721 85 24 ordning

248 750 36 19 har
306 749 67 25 bragts
393 749 5 19 i
421 749 207 20 öfverensstämmelse
653 749 44 19 med
717 749 38 19 den
770 749 97 19 allmänna

248 778 112 25 ordningen
377 778 29 19 för
422 778 178 25 kompletteringen
615 778 21 18 af
651 778 62 25 öfriga
729 778 138 19 motsvarande

249 807 191 26 truppafdelningar.

156 902 23 26 3)
198 901 147 28 Truppernas
364 900 42 22 och
425 900 200 28 inrättningarnas
644 900 182 28 komplettering

385 934 54 28 med
457 934 135 22 obevärade.

180 999 46 20 Art.
248 999 36 20 83.
321 997 219 29 Kompletteringen
573 998 23 20 af
626 998 89 21 antalet
742 997 126 22 obeväradt

111 1032 138 22 underbefäl
276 1031 43 22 och
347 1032 112 28 manskap
480 1032 41 21 vid
542 1031 29 22 de
589 1032 76 22 finska
683 1031 185 29 truppafdelnin-

111 1074 80 22 garna,
212 1066 146 29 styrelserna,
378 1066 144 22 anstalterna
541 1065 42 22 och
596 1066 196 29 inrättningarna,
805 1066 63 22 kom-

111 1101 157 29 pletteringen
287 1100 23 22 af
328 1100 101 22 nämnda
448 1103 96 26 trupper
561 1101 52 21 med
629 1103 183 27 vapenmästare,
825 1100 43 22 lik-

111 1144 49 14 som
188 1136 43 21 ock
258 1136 212 28 kompletteringen
495 1136 22 21 af
538 1135 272 29 betjeningspersonalen
828 1134 40 23 vid

111 1170 90 22 Finska
225 1170 154 22 kadettkåren
403 1170 139 21 verkställes
560 1171 30 27 på
608 1170 77 28 grund
704 1170 23 21 af
744 1169 74 29 fjerde
836 1170 32 21 af-

111 1204 126 29 delningen
261 1204 97 22 åttonde
376 1204 100 29 kapitlet
494 1205 24 21 II
537 1204 67 22 delen
621 1205 34 21 VI
675 1204 86 22 bandet
779 1204 22 22 af
819 1204 49 21 Mil.

110 1239 52 22 förf.
182 1239 63 22 saml.
265 1239 23 21 af
306 1240 26 20 år
353 1239 71 27 1869,
437 1238 99 22 hvarvid
550 1239 41 21 allt
603 1239 137 21 underbefäl
754 1238 42 22 och
805 1246 63 14 man-

111 1274 57 29 skap
187 1274 40 21 vid
244 1273 89 22 Finska
351 1273 163 28 kadettkåren,
532 1273 52 22 med
605 1273 122 29 undantag
746 1274 22 21 af
785 1273 84 22 under-

111 1308 126 28 officerare,
256 1316 49 14 som
328 1308 213 22 tillkommenderas
559 1308 51 21 från
629 1310 128 27 trupperna
774 1308 36 22 för
828 1308 41 22 ka-

111 1342 119 22 detternas
252 1342 109 29 inöfning
379 1343 8 21 i
405 1343 145 28 fronttjenst,
569 1345 97 26 antages
685 1343 58 21 efter
761 1342 108 29 frivilligt

111 1377 63 22 aftal.

316 1434 10 19 I
348 1436 36 17 art.
407 1435 26 18 83
452 1434 37 19 och
510 1435 26 18 84
552 1434 121 19 bestämmes
688 1434 180 25 kompletteringen

248 1463 20 19 af
288 1463 24 19 de
333 1463 64 19 finska
412 1464 112 23 trupperna
540 1462 35 19 och
591 1463 158 24 inrättningarna
764 1462 44 20 med
824 1462 44 20 obe-
