1111 1806
280 163 30 21 18

242 231 50 28 och,
311 232 35 21 för
368 232 39 21 det
426 232 79 28 andra,
524 235 35 19 att
577 232 76 28 enligt
671 232 105 28 reglerna
794 232 8 20 i
820 231 178 29 Kejsardömets

243 266 135 28 förordning
397 266 119 28 angående
535 266 163 29 värnepligten
717 273 107 22 personer
843 266 23 21 af
885 266 61 22 ända
957 266 39 21 till

242 301 33 20 34
293 301 37 21 års
348 301 63 21 ålder
428 301 81 21 kunna
528 304 97 25 antagas
638 301 8 21 i
659 302 78 28 tjenst.
764 300 104 22 Sålunda
881 300 75 22 skulle
967 308 28 14 en

242 335 132 28 uppbådad,
393 335 69 22 dömd
480 343 87 14 samma
585 336 26 20 år
623 335 47 22 han
682 336 74 21 kallas
769 337 36 20 att
817 334 74 29 draga
902 335 45 21 lott
959 335 37 21 till

241 372 34 18 ett
293 370 72 26 straff,
383 377 47 14 som
443 370 89 21 medför
544 370 85 21 förlust
638 370 23 22 af
670 369 182 29 medborgerligt
864 369 131 21 förtroende

241 404 74 21 under
335 404 29 21 13
383 405 32 27 år,
434 404 50 22 icke
504 404 79 22 kunna
601 404 75 22 blifva
694 407 100 25 antagen
812 404 8 20 i
840 404 73 28 tjenst
924 404 71 21 redan

241 439 30 28 på
292 438 45 21 den
355 438 81 29 grund,
457 441 34 19 att
509 438 65 22 tiden
591 439 37 21 för
647 439 38 21 det
703 438 98 22 ådömda
819 438 91 22 straffet
926 439 72 28 utgår

241 473 30 21 då
289 473 47 22 han
353 473 45 21 blir
416 474 32 21 34
467 474 25 21 år
509 474 108 27 gammal.

311 507 50 22 Den
371 508 75 21 finska
458 508 229 22 administrationens
699 509 161 28 representant
871 508 78 27 ansåg,
960 509 35 20 att

243 543 30 20 13
286 543 26 20 år
324 543 8 20 i
344 542 64 22 detta
419 543 43 21 fall
474 543 20 28 ej
509 543 92 28 spelade
620 543 77 28 någon
715 543 49 27 roll,
778 541 97 22 emedan
888 549 107 22 personer

240 576 78 21 kunde
345 577 77 21 dömas
449 577 37 22 till
510 577 84 22 förlust
617 577 23 22 af
661 577 181 28 medborgerligt
864 576 130 22 förtroende

240 611 65 21 såväl
332 612 76 21 förrän
431 612 28 21 de
481 613 101 27 uppnått
603 612 195 29 uppbådsåldern,
818 618 48 14 som
885 611 42 21 ock
945 611 51 21 der-

240 645 64 27 efter,
323 646 8 21 i
350 646 108 21 händelse
477 647 28 20 de
524 647 51 21 icke
594 647 8 20 i
619 647 35 21 tid
672 647 106 28 fullgjort
796 645 37 22 sin
851 645 142 29 värnepligt;

239 680 31 28 på
291 680 76 28 grund
387 681 67 21 häraf
475 681 56 21 ville
549 681 47 21 han
615 681 82 22 affatta
718 682 27 20 11
766 680 102 22 artikeln
887 680 107 21 sålunda:

239 715 146 28 uppbådade,
403 715 81 22 hvilka
502 715 24 22 af
544 715 98 22 domstol
660 715 89 22 ådömts
762 715 74 27 straff,
846 721 48 14 som
907 714 88 22 medför

239 749 84 21 förlust
346 749 22 22 af
389 750 170 28 medborgerlig
576 750 131 21 förtroende
725 751 36 20 för
779 750 26 20 så
823 749 57 28 lång
899 749 40 27 tid,
959 751 35 19 att

239 783 29 22 de
286 783 40 22 vid
344 784 76 21 denna
439 784 46 22 tids
503 785 90 28 utgång
611 785 102 28 uppnått
727 785 30 20 34
770 785 38 20 års
822 783 72 28 ålder,
906 783 23 22 få
942 783 51 22 icke

240 818 94 27 deltaga
353 818 8 21 i
379 819 103 28 lottning
500 819 43 21 och
561 821 129 26 emottagas
709 820 20 27 ej
748 819 8 21 i
775 819 79 28 tjenst.

308 852 103 22 Anförda
437 853 110 28 yttrande
570 854 72 28 ansåg
661 853 109 22 Komitén
790 853 60 21 dock
868 852 51 21 icke
937 859 56 14 vara

238 886 173 29 öfvertygande,
442 888 96 21 emedan
565 889 14 20 å
606 895 43 15 ena
673 888 68 21 sidan
764 895 29 13 en
818 886 176 21 åldersbestäm-

238 921 58 28 ning
315 922 23 21 af
357 922 31 21 34
407 923 25 20 år
450 922 51 21 icke
519 923 41 20 bör
577 923 24 20 få
619 923 62 28 plats
700 923 8 20 i
727 923 83 28 sjelfva
830 921 108 26 artikeln;
957 921 35 21 uti

238 955 177 28 ifrågavarande
434 957 91 28 lagrum
544 957 59 21 skall
622 961 133 18 omnämnas
770 955 125 28 kategorin
908 955 22 21 af
942 963 50 20 per-

238 997 74 20 soner,
337 990 80 22 hvilka
438 991 163 22 brännmärkts
621 992 23 21 af
661 992 69 27 brott,
749 998 55 21 som,
824 989 127 22 oberoende
971 989 23 22 af

237 1024 67 22 deras
332 1025 63 21 ålder
422 1025 40 22 vid
485 1025 64 22 tiden
570 1026 36 21 för
623 1026 66 22 deras
707 1025 111 26 fällande,
837 1024 52 21 icke
907 1024 87 21 tillåter

237 1059 53 21 dem
318 1062 34 18 att
378 1060 101 28 fullgöra
505 1060 120 29 krigarens
653 1061 79 28 heliga
752 1060 63 29 pligt
833 1059 43 21 och
896 1059 97 21 ärofulla

237 1093 58 27 kall;
315 1094 13 21 å
347 1094 71 21 andra
446 1095 67 21 sidan
539 1095 75 21 skulle
643 1095 45 21 den
713 1095 22 21 af
756 1095 45 20 den
824 1093 76 21 finska
918 1100 76 21 repre-

237 1130 123 19 sentanten
389 1129 133 28 föreslagna
548 1129 105 28 lydelsen
679 1129 54 22 leda
759 1129 37 20 till
824 1127 112 29 följande:
964 1135 28 14 en

237 1169 83 21 person
348 1170 48 14 som
422 1163 40 22 vid
492 1163 28 22 17
549 1165 36 20 års
615 1164 64 21 ålder
706 1163 74 22 dömts
809 1162 39 21 till
869 1162 82 21 förlust
970 1162 23 21 af

236 1196 183 29 medborgerligt
436 1198 131 21 förtroende
585 1198 74 21 under
680 1199 29 20 16
729 1199 35 20 års
784 1197 43 27 tid,
847 1196 21 21 d.
888 1204 20 13 v.
927 1203 16 14 s.
956 1197 37 21 för

236 1231 63 27 groft
326 1231 69 27 brott,
413 1232 75 21 skulle
507 1233 41 20 vid
565 1233 119 28 utgången
703 1233 23 21 af
744 1232 78 21 denna
841 1231 36 21 tid
896 1233 97 26 antagas

236 1265 8 20 i
263 1265 78 28 tjenst,
356 1266 96 21 emedan
470 1267 47 21 han
535 1267 29 21 då
583 1270 62 18 ännu
664 1267 51 21 icke
732 1267 56 28 fyllt
809 1265 32 22 34
860 1266 32 26 år,
911 1265 81 21 medan

236 1299 102 22 deremot
364 1300 51 28 den,
437 1308 48 14 som
507 1301 128 22 underlåtit
657 1304 34 19 att
709 1301 8 22 i
735 1301 34 22 tid
789 1299 92 22 infinna
899 1299 35 28 sig
952 1299 40 21 vid

235 1334 95 28 uppbåd
358 1335 42 21 och
427 1343 49 14 som
502 1335 40 22 vid
566 1336 31 21 30
619 1336 37 21 års
675 1335 64 22 ålder
756 1335 94 22 ådömts
869 1334 82 21 förlust
969 1334 24 21 af

235 1367 181 30 medborgerligt
434 1370 130 21 förtroende
582 1370 74 21 under
674 1370 81 21 endast
774 1370 14 21 5
810 1369 32 27 år,
852 1369 36 20 för
898 1375 28 14 en
938 1369 55 28 jem-

234 1402 120 22 förelsevis
372 1404 58 21 liten
448 1405 144 28 förbrytelse,
611 1405 50 21 helt
675 1405 44 21 och
731 1404 74 21 hållet
818 1403 76 22 skulle
907 1403 86 21 befrias

234 1437 52 21 från
305 1437 106 28 tjensten.
