1114 1725
250 114 28 20 54

290 184 51 19 Art.
360 183 40 19 191.
431 180 56 22 Från
503 181 148 27 skyldigheten
667 183 33 19 att
715 181 133 22 oförtöfvadt
860 182 82 22 infinna
952 184 34 27 sig

220 216 7 20 i
246 215 59 22 aktiv
327 215 67 27 tjenst
416 215 55 21 efter
494 215 89 21 kallelse
599 214 80 22 befrias
694 218 133 19 reservmän:
848 217 20 27 1)
885 223 46 16 som
946 220 38 20 äro

223 250 116 21 behäftade
363 250 47 20 med
434 249 49 21 svår
507 249 104 27 sjukdom,
628 262 26 2 —
671 250 55 21 intill
750 250 50 22 dess
816 250 26 22 de
858 251 126 27 tillfriskna,

222 284 40 21 och
278 284 22 27 2)
316 290 46 15 som
378 284 87 21 häktats
481 283 23 21 af
519 284 111 21 domstols-
646 284 52 22 eller
714 284 233 28 åklagaremyndighet,
958 298 24 4 —

222 318 35 22 till
275 319 47 21 dess
338 318 66 22 målet
419 318 78 21 varder
512 318 93 27 afgjordt
621 318 39 22 och
676 318 131 22 domstolens
823 320 71 26 utslag
909 320 75 27 bragts

222 352 6 22 i
245 353 169 27 verkställighet,
432 352 71 22 derest
518 352 79 22 sådane
613 355 121 19 reservmän
747 354 47 21 icke
806 354 61 20 skola
877 355 106 21 uteslutas

222 387 46 21 från
284 393 100 15 reserven
400 387 50 27 (art.
469 388 40 20 148
525 393 62 15 mom.
604 387 29 27 5).

291 441 51 18 Art.
367 441 50 18 192.
448 439 57 21 Från
529 439 147 27 skyldigheten
697 441 33 20 att
746 440 34 21 vid
796 440 88 27 uppbåd
900 440 83 22 infinna

222 473 34 27 sig
270 473 7 20 i
293 473 60 21 aktiv
376 473 64 26 tjenst
463 473 80 22 befrias
566 473 128 27 fullkomligt
717 477 129 24 reservmän,
863 481 45 14 som
925 475 59 21 inne-

221 507 64 22 hafva
307 509 70 25 någon
400 507 24 22 af
438 508 26 21 de
480 508 152 26 befattningar,
648 507 73 22 hvilka
736 507 69 22 finnas
821 509 139 26 uppräknade
976 510 8 21 i

221 543 41 22 den
279 543 92 22 artikeln
390 543 25 20 18
430 542 114 27 vidfogade
560 542 109 21 särskilda
683 542 141 28 förteckning.

290 598 51 18 Art.
358 597 51 17 193.
441 594 181 26 Skriftvexlingen
637 594 93 21 rörande
745 597 134 19 reservmäns
895 596 86 26 uppbåd

222 630 39 21 och
284 630 62 21 deras
362 628 129 22 inställande
507 628 35 21 vid
558 631 115 25 trupperna
689 628 131 22 handhafves
836 629 24 21 af
874 630 109 21 distrikts-

220 663 367 27 militärbefälhafvarestyrelserna.

290 718 45 18 Art
358 717 51 18 194.
440 714 42 22 Till
506 714 60 22 aktiv
588 714 142 27 tjenstgöring
745 714 98 22 inkallad
859 721 123 15 reservman

221 756 62 16 anses
298 750 66 21 hafva
378 749 83 21 inträdt
475 749 8 21 i
499 748 60 22 aktiv
574 749 66 26 tjenst
655 748 47 22 från
719 749 39 21 och
774 749 48 21 med
839 749 41 21 den
897 750 47 26 dag,
956 750 27 28 då

220 785 42 21 han
284 784 93 22 infunnit
401 784 32 27 sig
456 784 36 21 vid
507 783 160 21 vederbörande
683 783 181 27 truppafdelning,
880 787 54 18 samt
951 784 33 22 åt-

220 819 72 27 njuter
315 819 48 21 från
386 819 38 21 och
448 818 47 22 med
519 824 82 15 samma
624 818 42 26 dag
681 817 135 27 fullständigt
831 818 115 22 underhåll
961 818 23 22 af

220 854 89 21 kronan.

290 908 51 18 Art.
365 907 51 18 195.
447 904 42 22 Till
511 904 85 21 biträde
619 904 23 21 åt
658 904 184 21 militärläkarene
858 904 67 22 under
941 904 41 22 den

220 939 206 28 läkarebesigtning,
450 945 45 15 som
520 939 48 21 med
592 940 121 20 reservmän
736 939 102 21 anställes
856 939 36 21 vid
907 942 75 25 trupp-

220 974 171 27 afdelningarna,
407 973 120 27 förordnas,
538 979 76 21 genom
627 973 151 22 Guvernörens
788 973 90 28 försorg,
889 973 33 22 för
932 974 50 21 hela

222 1009 40 22 den
282 1009 32 21 tid
330 1008 175 27 mobiliseringen
521 1014 70 19 varar,
609 1015 26 14 en
650 1009 7 20 i
673 1008 48 21 civil
736 1009 65 20 stats-
817 1008 52 21 eller
885 1008 98 21 kommu-

220 1044 104 27 naltjenst
344 1043 92 21 varande
452 1043 81 26 läkare,
549 1043 60 27 eller,
625 1043 38 20 der
679 1042 66 21 sådan
761 1043 47 20 icke
823 1043 73 26 finnes,
913 1049 25 15 en
954 1044 28 26 på

221 1081 60 19 orten
296 1078 162 28 praktiserande
474 1077 81 22 läkare.

290 1133 51 18 Art.
358 1133 51 18 196.
439 1129 122 23 Uteblifver
577 1129 24 21 af
615 1129 112 22 Guvernör
742 1129 118 22 förordnad
875 1129 73 22 läkare
960 1129 24 22 af

221 1166 71 27 någon
308 1165 65 21 orsak
388 1165 48 21 från
452 1164 209 28 truppafdelningen,
677 1170 50 21 eger
738 1164 40 21 den
789 1164 71 21 lokala
872 1164 110 27 civilmyn-

222 1201 106 27 digheten,
346 1201 27 26 på
388 1200 107 21 anmodan
512 1199 23 21 af
549 1199 75 21 chefen
639 1198 34 22 för
688 1201 98 25 truppen,
803 1198 130 22 oförtöfvadt
949 1199 33 21 för

222 1234 122 23 ändamålet
367 1234 93 21 tillkalla
483 1234 70 26 någon
576 1234 27 26 på
624 1235 61 19 orten
701 1233 72 21 bosatt
788 1233 80 21 läkare.
898 1233 84 21 Läkare

222 1276 50 16 vare
295 1270 77 27 pligtig
395 1271 33 19 att
450 1268 143 22 efterkomma
615 1267 68 21 sådan
699 1268 96 27 kallelse,
811 1267 62 22 äfven
890 1274 33 15 om
940 1268 42 21 han

221 1305 48 21 icke
283 1304 105 22 bekläder
403 1304 70 26 någon
489 1302 128 28 befattning.

291 1360 50 18 Art.
365 1358 50 19 197.
446 1357 139 24 Reservman,
609 1362 44 14 som
673 1355 34 21 vid
723 1356 149 26 besigtningen
888 1354 94 23 befinnes

220 1392 36 22 till
271 1392 69 27 tjenst
355 1391 125 27 oförmögen
496 1390 52 22 eller
564 1396 61 15 anses
641 1390 52 21 böra
709 1389 95 27 undergå
814 1390 169 21 läkarebehand-

222 1427 46 26 ling
290 1426 53 22 eller
366 1426 74 21 ställas
464 1425 69 21 under
549 1425 144 25 observation,
710 1424 51 22 eller
777 1424 39 21 ock
832 1424 150 22 hemförlofvas
