1111 1734
260 152 33 21 40

433 217 41 19 Art.
498 218 24 18 75
542 219 21 17 är
581 217 103 24 redigerad
704 217 5 18 i
725 217 88 24 enlighet
829 217 45 19 med
889 220 36 17 art.
943 219 39 18 173

363 245 7 20 i
390 245 94 25 förslaget
504 245 30 19 till
554 251 28 19 ny
603 245 162 26 värnepligtslag,
784 245 108 20 berörande
907 252 77 13 samma

363 275 73 18 ämne.”

293 352 47 19 Art.
365 351 31 20 76.
434 349 174 28 Fördelningen
626 350 29 27 på
674 349 28 21 de
720 349 75 22 finska
813 351 129 27 trupperna
960 351 23 21 af

224 385 8 20 i
259 385 67 21 aktiv
354 385 72 28 tjenst
449 383 116 22 inkalladt
588 383 136 21 underbefäl
749 383 43 22 och
810 384 113 28 manskap
942 385 41 21 vid

225 426 108 15 reserven
363 418 137 21 verkställes
530 418 75 28 enligt
631 417 104 28 tabeller,
759 425 49 14 som
831 422 119 25 uppgöras
975 420 8 21 i

223 453 229 28 Krigsministerium
470 452 43 22 och
531 452 126 21 fastställas
677 452 23 21 af
717 452 65 21 Hans
801 453 111 28 Majestät
926 453 58 29 Kej-

224 495 74 20 saren,
317 487 76 28 enligt
411 487 117 21 allmänra
543 486 107 29 grunder.
681 486 170 29 Uppgörandet
863 488 30 27 på
906 487 77 28 grund

225 522 23 22 af
265 521 68 22 dessa
352 521 97 22 tabeller
468 521 23 21 af
508 521 131 28 beräkning
652 521 66 21 öfver
730 521 157 22 kostnaderna
900 521 36 22 för
948 522 35 21 in-

223 555 94 22 kallade
355 559 142 18 reservmäns
533 555 155 28 uppbådande
712 555 43 21 och
779 555 143 22 afsändande
948 556 36 21 till

224 593 129 26 trupperna
380 589 90 29 åligger
498 589 101 22 Senaten
622 590 36 21 för
682 589 111 28 Finland;
815 590 114 28 planerna
947 590 36 22 för

224 624 138 28 befordring
380 624 23 21 af
421 623 247 22 marschkommandon
687 624 23 21 af
725 624 258 28 kompletteringsman-

225 659 57 29 skap
310 662 124 25 uppgöras,
462 658 40 21 vid
530 657 143 29 uppstående
698 658 69 21 behof
791 658 23 21 af
835 658 93 28 sådana,
948 659 35 21 uti

225 693 88 22 Staben
334 692 36 22 för
387 692 146 22 Finländska
550 692 207 22 militärdistriktet
775 692 44 22 och
836 692 89 22 utföras
941 700 42 14 un-

225 727 41 21 der
284 727 143 22 medverkan
446 727 24 21 af
488 726 28 22 de
534 726 78 22 lokala
630 726 70 22 civila
718 726 201 29 myndigheterna.

433 799 9 19 I
458 801 35 17 art.
510 800 25 19 76
551 799 5 19 i
573 799 112 25 »förslaget»
700 799 95 25 angifves,
811 800 45 18 med
869 800 85 24 ändring
964 801 20 19 af

363 828 39 19 den
424 834 27 13 nu
472 828 87 19 rädande
580 828 111 24 ordningen
706 828 6 18 i
728 828 89 24 Finland,
831 830 30 17 att
876 828 108 20 tabellerna

364 857 29 19 för
412 856 138 25 fördelningen
566 856 20 19 af
601 856 23 19 de
640 856 4 19 i
661 856 84 25 krigstid
760 856 31 20 till
806 856 133 26 tjenstgöring
954 857 30 19 in-

364 885 76 20 kallade
455 887 154 17 reservmännen
624 885 42 19 icke
682 887 99 23 uppgöras
793 885 20 19 af
825 885 158 26 Generalguver-

365 916 73 17 nörens
464 914 54 19 öfver
541 913 82 19 Finland
646 913 54 25 Stab,
722 916 55 21 utan,
799 914 63 25 enligt
885 914 99 19 allmänna

365 943 92 24 grunder,
478 943 6 18 i
505 942 199 25 Krigsministerium.
737 942 160 20 Verkställandet
912 943 19 18 af
946 943 38 19 för-

365 971 107 24 delningen
482 971 63 24 enligt
555 971 59 18 tabell
624 970 76 25 äligger
710 970 274 26 Militärdistriktsstyrelsen.

365 999 136 20 Beräknandet
516 999 20 19 af
550 999 134 19 kostnaderna
698 1000 31 19 för
743 999 24 20 de
783 999 110 20 inkallades
907 999 76 27 uppbä-

365 1028 63 19 dande
444 1028 37 19 och
496 1027 121 20 afsändande
632 1027 30 20 till
678 1029 109 24 trupperna
802 1028 36 19 har
850 1028 88 19 komitén
949 1035 35 12 an-

365 1058 39 18 sett
419 1057 70 24 nödigt
504 1056 122 20 öfverlemna
641 1056 21 19 ät
678 1056 86 20 Senaten
779 1057 30 19 för
824 1057 89 25 Finland,
924 1057 60 19 som
973 1052 15 34 i

364 1085 106 19 allmänhet
486 1087 30 17 tar
531 1084 111 24 befattning
657 1085 45 19 med
717 1084 38 20 alla
770 1085 83 25 utgifter
867 1086 31 18 för
913 1085 24 19 de
948 1085 36 19 fin-

365 1114 34 19 ska
415 1116 114 22 trupperna.
560 1113 56 19 Hvad
631 1113 93 19 beträffar
739 1114 137 24 uppgörandet
887 1114 19 18 af
915 1114 70 24 planer

365 1142 29 19 för
409 1142 105 19 befordran
529 1142 19 19 af
564 1142 211 19 marschkommandon
791 1142 19 19 af
822 1142 96 20 inkalladt
929 1148 55 13 man-

365 1170 54 26 skap,
435 1171 35 19 har
485 1171 94 23 komitön,
595 1172 49 18 efter
659 1173 29 17 att
704 1177 24 13 ur
743 1173 197 23 representanternas
955 1171 30 19 för

364 1199 24 19 de
407 1200 64 18 finska
487 1201 110 23 trupperna
612 1199 255 25 föredragningsmemorial
883 1200 57 18 hafva
957 1201 28 17 ta-

365 1228 29 24 git
414 1228 112 19 kännedom
549 1234 31 13 om
597 1228 38 19 den
650 1228 5 19 i
672 1228 81 18 Finland
769 1228 30 19 för
815 1228 123 19 närvarande
953 1228 31 19 rä-

365 1256 64 20 dande
444 1256 110 25 ordningen
570 1257 30 19 för
614 1256 24 19 de
648 1256 128 25 uppbädades
787 1256 119 20 inställande
916 1262 25 14 en
953 1262 32 14 om

364 1291 25 13 en
410 1285 56 25 (utan
482 1285 172 19 sammanförande
670 1285 6 19 i
692 1284 147 26 kommandon),
855 1285 67 19 funnit
938 1287 46 23 nyt-

364 1314 38 24 tigt
424 1316 29 17 att
476 1314 99 19 bibehålla
597 1314 65 19 denna
684 1314 83 24 ordning
783 1314 5 18 i
804 1314 47 19 dess
867 1320 27 13 nu
910 1314 74 19 existe-

364 1342 61 20 rande
448 1342 59 25 form;
531 1342 104 20 dessutom
647 1342 45 26 har
707 1342 86 20 komiten
813 1342 6 19 i
835 1342 66 20 denna
916 1342 69 20 artikel

364 1371 74 19 lemnat
453 1371 106 25 anvisning
574 1370 104 26 angäende
693 1371 127 25 uppgörande
832 1371 39 19 och
883 1371 103 19 utförande

364 1400 19 18 af
398 1399 68 25 planer
481 1400 30 19 för
526 1400 103 19 befordran
646 1400 20 18 af
681 1400 212 19 marschkommandon
904 1400 19 19 af
932 1400 53 19 kom-

360 1427 217 26 pletteringsmanskap,
597 1430 52 17 samt
668 1428 5 19 i
695 1430 36 17 art.
748 1429 25 19 77
794 1428 92 20 hänvisat
902 1428 29 19 till
947 1428 39 20 den

364 1457 116 19 utarbetade
495 1463 40 19 nya
551 1456 187 26 värnepligtslagen.
