1106 1778
804 130 26 20 37

98 198 78 20 Denna
191 197 58 26 regel
266 195 109 27 tillämpas
390 195 67 21 likväl
473 195 47 22 icke
536 197 27 26 på
578 202 109 21 personer,
703 196 73 21 hvilka
791 197 70 22 förete

99 231 23 21 af
142 229 198 23 Distriktsnämden
356 229 112 27 godkändt
483 230 61 27 intyg
560 229 104 28 deröfver,
681 232 32 19 att
728 231 132 22 utelemnan-

100 266 36 21 det
158 264 24 21 af
201 264 62 21 deras
278 269 65 15 namn
359 263 6 21 i
381 263 190 28 uppbådslängden
586 264 60 21 skett
661 266 52 19 utan
728 265 69 27 någon
813 271 46 15 som

99 299 57 22 helst
178 297 150 28 försumlighet
344 297 13 22 å
373 298 62 21 deras
458 298 52 21 sida.
541 293 28 26 Åt
592 299 63 21 dessa
678 305 102 20 personer
797 300 62 26 skall,

98 333 46 22 ifall
164 333 26 22 de
209 332 97 23 befinnas
323 331 86 27 duglige
425 332 34 21 till
474 332 134 28 krigstjenst,
624 333 26 20 af
662 333 197 22 Distriktsnämden

99 369 41 20 lott
155 367 93 27 utgifvas
263 366 112 22 särskildt.
406 366 56 27 (Art.
480 367 57 27 119).

169 422 50 18 Art.
243 420 41 18 119.
314 418 43 21 För
381 418 40 21 den
444 418 53 21 eller
513 418 54 26 dem,
583 418 23 21 åt
620 418 74 21 hvilka
710 419 41 21 lott
766 419 93 26 utgifves

99 453 109 27 särskildt,
223 453 91 21 insättes
330 452 7 21 i
352 451 64 22 lådan
432 451 53 22 eller
500 452 67 27 hjulet
583 452 44 21 lika
641 452 78 28 många
730 453 72 27 lotter,
814 459 46 15 som

99 489 6 20 i
122 486 198 29 uppbådsområdet
335 486 71 21 blifvit
419 486 85 27 inlagda
515 487 33 21 för
558 487 101 27 samtlige
670 487 62 21 deras
741 487 119 28 jemnårige

100 523 48 26 (art.
174 521 56 28 102).
260 521 52 25 Den,
336 527 46 14 som
406 521 75 21 härvid
504 523 86 25 uttager
612 521 46 21 lika
676 521 42 28 hög
733 521 53 22 eller
800 522 59 26 lägre

99 557 139 21 lottnummer
260 557 28 19 än
312 555 47 26 den,
383 555 49 21 med
446 555 86 21 hvilken
548 555 156 28 inskrifningen
720 557 34 20 vid
771 556 88 22 stående

99 594 117 23 trupperna
238 589 76 22 afslöts
337 591 51 26 (art.
413 590 57 26 107),
489 590 55 21 skall
560 590 35 21 vid
611 590 64 21 dessa
690 591 112 26 anställas;
820 591 40 21 den

100 625 52 26 åter,
168 631 45 15 som
229 627 86 24 uttager
331 624 67 27 högre
413 625 145 26 lottnummer,
575 624 115 22 inskrifves
703 625 36 22 vid
749 625 111 22 landtvär-

99 662 37 19 net
155 660 50 27 (art.
224 659 56 27 115).
311 659 11 20 I
336 659 76 26 hvarje
428 658 38 22 fall
482 659 56 21 skall
553 661 88 20 namnet
656 660 28 26 på
700 660 48 26 den,
765 666 45 15 som
828 661 32 20 ut-

99 695 55 26 tagit
169 694 48 26 lott,
231 695 67 26 jemte
313 693 80 21 lottens
408 700 104 19 nummer,
524 693 82 21 införas
617 695 7 19 i
635 694 65 21 slutet
711 695 24 20 af
743 695 117 25 lottnings-

99 729 74 27 listan,
189 728 147 22 hvarförutom
352 729 28 26 på
395 728 100 27 biljetten
511 728 129 22 antecknas:
658 728 163 27 »tilläggslott«.

168 774 49 16 Anm.
242 773 37 18 För
292 772 35 18 den
339 772 89 18 händelse
440 774 30 17 att
482 773 5 17 i
500 773 58 23 tjenst
570 772 63 18 blifvit
645 775 80 21 antagne
738 773 69 18 sådana
819 778 40 17 per-

102 808 58 16 soner,
172 808 38 12 som
223 802 6 18 i
241 802 60 18 denna
313 802 68 17 artikel
394 801 50 24 (119)
458 803 108 20 omnämnts,
579 802 53 18 skola
640 802 58 22 enligt
706 802 23 18 de
737 802 80 22 grunder
826 801 34 18 och

101 832 4 16 i
120 831 34 18 den
166 831 83 23 ordning,
262 836 37 12 som
311 830 61 18 finnas
384 830 76 22 angifna
474 831 6 17 i
492 832 36 16 art.
542 832 38 20 112,
592 830 41 18 från
646 832 102 21 trupperna
754 830 107 18 hemförlof-

100 866 31 12 vas
144 860 34 18 och
189 860 30 17 till
231 859 118 19 landtvärnet
361 859 103 18 öfverföras
476 860 17 22 ej
506 859 72 18 mindre
590 859 28 22 de,
630 859 64 18 hvilka
706 859 81 18 faktiskt
798 859 63 18 blifvit

101 890 103 21 emottagne
216 888 30 18 vid
258 889 106 21 trupperna,
378 890 23 16 än
414 888 55 18 äfven
482 888 27 21 de,
519 893 38 13 som
568 888 75 18 erhållit
652 888 82 22 uppskof
740 888 30 18 till
779 888 82 23 följande

100 917 80 23 uppbåd.

369 1013 69 13 NIONDE
450 1013 136 13 AFDELNINGEN,

221 1066 35 17 Om
268 1066 60 21 intyg
340 1067 90 16 rörande
442 1066 159 21 värnepligtens
612 1066 123 21 utgörande.

170 1127 50 17 Art.
236 1126 52 18 120.
318 1123 96 26 Enhvar,
430 1129 46 16 som
492 1123 91 27 deltagit
598 1123 7 21 i
619 1123 180 27 lottdragningen,
810 1130 49 15 men

100 1159 48 21 icke
164 1158 116 21 förklarats
296 1158 84 27 skyldig
396 1159 33 20 att
445 1157 63 22 träda
523 1158 7 21 i
541 1157 66 27 tjenst
618 1157 35 22 vid
665 1157 25 22 de
701 1157 88 22 stående
800 1160 60 25 trup-

100 1199 72 22 perna,
195 1193 68 22 förses
282 1193 48 21 med
345 1193 67 26 bevis,
428 1195 33 19 att
476 1193 42 20 han
534 1192 93 22 infunnit
644 1192 32 27 sig
692 1193 32 21 till
741 1193 120 26 värneplig-

100 1231 48 18 tens
163 1227 140 28 fullgörande,
319 1227 117 27 nemligen:

171 1262 21 28 1)
208 1263 46 26 den,
271 1268 46 15 som
328 1268 64 15 anses
404 1261 131 28 fullkomligt
546 1261 125 28 oförmögen
684 1262 32 21 till
727 1261 134 28 krigstjenst,

100 1297 93 21 erhåller
215 1297 65 27 intyg,
303 1296 101 27 gällande
428 1296 33 21 för
477 1296 135 27 obegränsad
628 1296 39 27 tid,
683 1298 33 20 att
732 1296 41 21 han
789 1298 23 19 är
828 1296 33 21 för

100 1331 62 22 alltid
176 1331 48 22 från
240 1331 126 27 krigstjenst
381 1331 95 26 befriad;

169 1366 23 27 2)
208 1366 47 27 den,
270 1372 44 15 som
325 1365 72 22 blifvit
407 1365 117 22 inskrifven
535 1365 69 22 såsom
616 1367 116 20 värneman
744 1365 36 22 vid
790 1365 72 22 landt-

100 1402 82 25 värnet,
198 1400 77 22 undfår
290 1400 59 27 intyg
364 1399 100 22 häröfver
480 1399 34 22 för
529 1399 135 28 obegränsad
680 1400 39 27 tid,
734 1399 48 22 med
793 1399 69 27 angif-

100 1435 68 21 vande
184 1434 23 22 af
220 1435 53 21 hans
288 1434 150 26 lottnummer;
