1111 1734
496 480 211 29 Protokoll,

220 542 60 23 fördt
294 542 33 23 vid
344 543 143 22 Konferensen
504 543 39 22 den
556 543 14 22 3
582 543 56 28 April
651 543 56 22 1893
720 542 35 23 för
766 542 95 28 pröfning
872 543 26 22 af
904 541 75 29 frågor

299 583 90 22 rörande
405 583 40 22 den
460 583 69 22 finska
545 583 116 22 militärens
677 584 98 21 närmare
789 582 117 23 förenande

507 623 46 22 med
569 623 39 22 den
624 623 72 27 ryska.

291 689 34 21 På
352 689 115 28 inbjudan
494 689 23 22 af
542 689 195 28 Krigsministern
755 688 92 29 deltogo
866 689 8 21 i
892 689 86 21 Konfe-

221 730 94 15 rensen:

291 757 233 22 Kommenderanden
543 760 127 26 trupperna
693 758 8 21 i
724 757 115 22 finländsa
857 757 121 22 militärdi-

222 791 100 28 striktet,
343 791 240 30 Generaladjutanten
602 792 85 21 Grefve
705 791 98 28 Heiden,

291 825 88 22 Chefen
395 826 34 22 för
441 827 187 27 Hufvudstaben,
642 826 240 29 Generaladjutanten
895 825 82 22 Obrut-

222 860 79 28 scheff,

291 894 143 22 Ledamoten
457 895 8 21 i
487 895 203 29 Krigskonseljen,
712 895 131 22 Generalen
862 895 23 21 af
903 895 74 21 infan-

221 929 70 22 terier
308 929 179 28 Jakimovitsch,

291 963 88 22 Chefen
404 964 36 21 för
458 964 198 28 Krigsministerii
673 964 84 27 kansli,
776 963 201 29 Generallöjtnan-

221 1000 40 19 ten
279 998 90 27 Lobko,

290 1032 129 29 Adjointen
440 1032 43 22 hos
502 1032 88 22 Chefen
608 1033 36 21 för
661 1032 187 28 Hufvudstaben,
868 1032 109 22 General-

220 1066 134 30 löjtnanten
371 1066 143 28 Velitschko,

290 1100 129 30 Adjointen
437 1102 42 21 hos
497 1101 234 22 Kommenderanden
755 1103 126 27 trupperna
906 1100 8 22 i
935 1100 42 22 fin-

220 1135 101 22 ländska
348 1135 212 28 militärdistriktet,
589 1135 232 30 Generallöjtnanten
848 1135 129 22 Gontscha-

220 1170 52 27 roff,
292 1169 43 22 och

290 1204 184 29 Krigsdomaren
507 1205 40 21 vid
573 1205 173 21 Warschauska
773 1204 204 21 militärdistrikts-

219 1240 78 19 rätten
316 1235 105 25 Öfverste
440 1239 126 22 Borodkin.

289 1273 161 21 Förklarande
478 1273 172 22 Konferensens
678 1273 170 22 sammanträde
867 1273 109 28 öppnadt,

219 1306 137 22 meddelade
374 1307 200 29 Krigsministern,
595 1310 35 19 att
648 1307 47 22 han
708 1307 50 22 haft
770 1307 85 28 lyckan
866 1308 37 21 till
912 1308 65 21 Hans

219 1341 113 28 Majestät
358 1342 115 29 Kejsaren
502 1342 102 21 inlämna
626 1344 35 19 ett
682 1341 158 29 underdänigt
860 1341 117 30 föredrag-

218 1375 192 28 ningsmemorial
434 1377 119 28 angäende
576 1377 115 28 ,revision
715 1377 23 20 af
755 1376 222 29 Värnepligtslagen

218 1409 9 22 i
245 1409 105 22 Finland
368 1413 60 19 samt
447 1418 37 14 om
503 1411 75 22 finska
596 1411 128 21 militärens
743 1410 44 22 och
805 1410 52 21 dess
872 1411 105 28 styrelse-

218 1444 70 21 verks
307 1445 179 28 organisation".
522 1445 212 28 Nödvändigheten
753 1445 23 22 af
789 1445 72 28 sagda
875 1445 102 22 revision
