1109 1781
277 160 32 21 74

240 236 51 14 som
309 229 168 28 oundvikligen
495 229 76 22 skulle
589 231 127 27 yttermera
734 229 109 22 inveckla
856 229 66 22 dessa
935 237 65 21 myn-

240 263 119 29 digheters
383 263 73 22 redan
483 263 148 22 dessförutan
652 263 157 22 mödosamma
827 264 87 27 arbete,
933 263 67 22 hvar-

239 298 72 29 jemte
324 298 172 29 öfverföringen
510 299 52 21 från
574 301 35 18 ett
621 298 200 29 uppbådsområde
835 299 38 21 till
883 301 34 19 ett
927 301 72 19 annat

240 333 8 20 i
268 332 101 22 Finland
388 333 91 21 komme
498 335 35 20 att
551 333 146 22 handhafvas
717 333 23 21 af
753 332 91 22 enskild
858 340 84 21 person
955 332 43 22 och

241 367 52 21 icke
321 367 23 22 af
371 369 34 20 ett
432 367 153 28 embetsverk,
604 368 75 21 såsom
698 367 111 28 stadgadt
828 371 26 18 är
871 367 36 22 för
925 367 74 28 öfriga

241 401 65 22 delar
324 401 23 22 af
364 401 168 29 Kejsardömet.

310 436 34 21 På
362 435 77 30 grund
457 435 67 22 häraf
535 436 42 21 har
595 435 113 22 Komitén
720 439 77 18 ansett
810 436 40 21 det
862 435 137 30 oundgäng-

241 470 64 28 ligen
324 470 146 29 nödvändigt
489 473 35 19 att
542 471 77 21 införa
637 471 7 20 i
663 470 112 29 förslaget
793 471 37 21 till
845 471 62 21 finsk
919 471 39 28 lag
971 470 27 21 de

241 505 147 21 föreskrifter
401 505 119 29 angående
534 505 143 29 öfverföring
689 505 52 21 från
754 507 35 19 ett
797 504 201 30 uppbådsområde

241 539 38 21 till
298 542 34 18 ett
350 542 77 25 annat,
447 547 48 14 som
514 540 55 28 ingå
587 540 8 21 i
615 542 42 20 art.
673 540 46 21 119
735 540 43 22 och
793 540 47 21 120
853 540 8 21 i
874 539 124 29 Kejsardö-

242 576 58 19 mets
319 574 145 29 författning,
477 574 84 22 endast
573 574 53 22 med
638 575 74 27 några
725 574 127 29 ändringar
864 574 8 21 i
887 576 41 20 art.
945 574 53 25 120,

242 608 81 22 hvilka
351 609 107 28 betingas
485 609 23 21 af
534 609 91 21 landets
644 612 97 26 säregna
760 608 162 22 förhållanden
941 613 58 17 samt

241 642 100 29 tidigare
360 643 131 29 föreslagna
510 643 151 29 stadganden.

311 677 193 29 Anmärkningen
522 678 38 21 till
579 680 42 19 art.
641 678 32 21 80
692 677 43 23 har
746 677 113 22 Komitén
872 678 91 27 bifogat
976 677 23 21 af

242 712 102 28 följande
363 712 56 21 skäl.
448 712 41 28 De,
509 720 49 14 som
576 709 96 25 erhållit
686 712 101 29 uppskof
799 712 37 21 till
849 714 35 19 ett
896 710 103 30 följande

241 746 102 29 uppbåd,
357 746 71 22 hafva
446 746 71 22 redan
536 746 78 29 dragit
632 747 45 21 lott
690 746 43 22 och
747 746 99 22 sålunda
858 753 84 21 genom
954 745 44 21 den

241 780 106 22 erhållna
365 781 74 21 lotten
459 781 79 21 blifvit
549 781 97 21 bundna
658 781 40 21 vid
711 783 34 19 ett
757 781 58 21 visst
829 780 99 22 område.
952 780 47 21 En-

241 815 46 28 ligt
299 815 109 29 gällande
427 815 146 29 stadganden
593 816 50 26 (art.
665 816 47 21 146
732 815 8 21 i
758 814 174 30 Kejsardömets
950 814 48 29 lag)

243 849 68 22 skola
329 850 34 27 de,
383 857 48 14 som
450 849 92 22 erhållit
560 850 108 29 uppskof,
682 850 81 21 ställas
781 850 82 20 främst
881 849 71 21 bland
971 849 27 21 de

243 884 81 28 öfrige,
351 884 82 22 hvilka
460 884 39 21 vid
526 884 167 29 besigtningen
720 884 100 21 inkallas
842 884 8 20 i
869 884 72 28 tjenst
959 883 40 21 vid

242 921 134 26 trupperna.
415 918 80 22 Skulle
518 926 54 14 man
595 919 40 21 vid
657 918 84 22 sådant
759 918 145 22 förhållande
923 918 75 20 tillåta

243 953 59 27 dem,
327 960 49 15 som
397 953 45 21 fått
461 953 105 28 uppskof,
587 956 34 19 att
639 954 48 21 låta
706 953 116 22 öfverföra
841 952 36 29 sig
895 952 51 22 från
966 954 34 19 ett

242 987 203 29 uppbådsområde
469 987 37 22 till
531 991 34 18 ett
587 991 77 24 annat,
684 988 24 21 så
727 987 77 22 blefve
823 995 54 13 man
896 989 104 26 tvungen

243 1024 36 19 att
297 1022 8 21 i
324 1021 39 22 det
382 1021 98 28 område,
494 1022 52 21 från
563 1022 91 22 hvilket
667 1021 28 22 de
708 1021 131 29 utflyttat,
834 1017 10 37 i
853 1021 66 21 deras
932 1021 67 21 ställe

242 1056 90 22 inkalla
341 1056 37 21 till
388 1056 136 29 besigtning
533 1059 34 19 ett
577 1056 163 23 motsvarande
753 1056 70 27 antal,
835 1055 49 27 och,
892 1057 107 25 tvärtom,

243 1093 36 19 att
297 1091 8 21 i
323 1090 40 22 det
375 1090 99 27 område,
494 1091 36 21 till
543 1091 92 22 hvilket
647 1091 28 21 de
688 1091 112 28 inflyttat,
819 1089 117 22 utelemna
948 1090 52 21 från

242 1125 166 28 besigtningen
427 1127 34 19 ett
479 1125 48 22 lika
540 1128 59 19 stort
613 1126 64 21 antal
688 1124 179 29 värnepligtige.
897 1123 103 22 Sålunda

242 1159 76 22 skulle
337 1167 29 14 en
384 1159 67 28 dylik
470 1159 142 29 öfverföring
630 1160 50 21 från
700 1162 35 19 ett
753 1158 92 23 område
864 1158 37 21 till
914 1161 34 18 ett
961 1166 39 13 an-

242 1196 43 19 nat
303 1194 23 21 af
344 1201 115 21 personer,
479 1201 49 14 som
547 1194 94 21 erhållit
658 1193 108 30 uppskof,
785 1195 57 19 utan
860 1193 73 28 något
949 1193 51 20 skäl

242 1228 104 21 medföra
373 1228 92 21 lättnad
491 1228 37 22 för
555 1231 34 19 ett
611 1227 201 30 uppbådsområde
831 1226 43 22 och
893 1234 28 14 en
940 1226 60 22 ökad

242 1262 74 21 börda
333 1263 35 21 för
387 1265 34 18 ett
439 1265 78 19 annat.

311 1296 113 22 Komitén
442 1297 42 22 har
503 1297 50 20 icke
572 1297 91 21 kunnat
678 1297 61 21 fästa
753 1295 107 22 afseende
874 1295 40 21 vid
927 1302 74 21 repre-

242 1333 136 20 sentantens
399 1331 37 21 för
454 1331 45 21 den
517 1331 76 22 finska
611 1331 218 21 administrationen
848 1329 152 28 invändning,

242 1367 37 19 att
305 1365 46 21 den
372 1365 43 22 här
433 1366 132 27 föreslagna
583 1365 86 28 regeln,
688 1365 8 21 i
714 1364 155 23 betraktande
889 1364 23 21 af
930 1363 45 22 den
993 1364 8 20 i

241 1399 103 22 Finland
362 1399 104 23 rådande
484 1400 101 22 friheten
603 1402 35 20 att
657 1399 133 29 öfverflytta
809 1399 52 21 från
877 1406 29 14 en
916 1400 36 20 ort
965 1397 36 22 till

241 1442 30 13 en
291 1442 84 19 annan,
403 1442 55 14 vore
486 1434 145 29 fullkomligt
655 1434 137 28 öfverflödig
810 1433 43 21 och
872 1432 76 29 egnad
968 1434 34 20 att

241 1468 125 22 framkalla
393 1468 75 22 oreda.
504 1468 180 29 Invändningen
711 1469 48 21 står
787 1468 119 28 nämligen
925 1466 50 22 icke
994 1467 8 20 i
