1114 1806
278 164 31 22 98

241 233 44 21 alls
303 233 52 22 icke
379 234 134 22 ankommer
531 234 30 29 på
580 234 136 22 ständernas
735 234 115 29 pröfning.
887 234 109 22 Komitön

241 268 42 28 går
302 271 63 19 ännu
385 268 81 29 längre
486 268 42 22 och
547 276 67 14 anser
632 271 36 19 att
686 268 45 22 den
749 269 76 21 finska
843 269 155 29 värnepligts-

240 302 71 28 lagen
329 302 43 22 alls
390 303 52 21 icke
460 303 54 22 bort
531 303 154 22 öfverlemnas
704 303 38 21 till
759 303 150 29 landtdagen,
922 304 76 20 såsom

240 336 61 22 förre
319 337 193 29 Krigsministern
536 337 86 22 Grefve
640 338 106 28 Miljutin
763 338 9 21 i
790 337 65 22 tiden
874 337 52 21 med
944 337 54 21 fullt

240 370 52 22 skäl
309 370 114 24 framhöll.
452 372 42 22 Om
512 372 112 22 Komitén
642 372 40 22 det
694 372 98 22 oaktadt
804 380 32 13 nu
848 372 72 22 infört
935 372 4 21 i
952 371 45 22 den

239 404 77 22 finska
328 406 69 28 lagen
409 406 181 29 bestämningar,
600 414 49 14 som
658 407 125 28 rätteligen
800 406 72 22 borde
888 406 108 22 hänföras

239 439 38 21 till
295 439 188 23 administrativa
500 441 174 28 författningar,
684 441 43 21 har
740 441 64 21 detta
814 440 69 27 skett,
893 440 103 26 emedan,

238 473 37 22 för
293 473 40 22 det
351 474 79 29 första,
444 474 45 23 alla
508 475 152 28 stadganden,
671 483 50 13 som
738 475 84 21 införts
840 475 8 21 i
867 475 71 28 sagda
950 474 45 29 lag,

238 508 57 28 ingå
312 508 9 21 i
338 509 175 29 Kejsardömets
531 509 191 29 värnepligtslag,
736 509 50 28 och,
805 509 36 22 för
858 509 40 22 det
916 509 79 27 andra,

239 542 96 22 emedan
354 543 113 22 Komitön
484 544 96 29 hoppas,
594 546 35 19 att
646 544 48 21 ien
706 543 96 23 framtid
812 551 28 14 en
854 551 78 14 annan
945 543 50 22 ord-

237 577 59 28 ning
314 577 84 22 varder
416 578 77 21 införd
511 578 36 22 för
559 578 160 22 stadfästande
734 578 23 22 af
769 578 44 21 den
826 578 76 21 finska
914 582 81 17 värne-

238 611 149 29 pligtslagen,
400 613 56 21 eller
473 615 34 19 att
519 615 73 19 större
605 613 67 21 delen
686 613 23 21 af
722 613 76 21 denna
810 613 40 28 lag
862 613 60 21 skall
934 612 60 22 stad-

236 645 73 22 fästas
329 646 23 21 af
370 646 44 22 den
433 647 92 28 Högsta
543 647 94 22 makten
656 647 82 28 allena,
748 649 57 19 utan
824 647 90 22 landets
933 649 61 19 stän-

237 679 52 22 ders
309 681 153 28 ,samtycke*,
479 681 149 22 alldenstund
646 682 66 28 lagar
731 681 23 22 af
772 681 158 22 militärnatur
947 689 47 14 mer

237 718 30 17 än
287 715 72 22 andra
384 719 39 18 äro
441 715 171 22 underkastade
631 718 49 19 täta
699 715 163 29 förändringar
881 715 43 22 och
942 715 52 29 följ-

237 748 105 29 aktligen
361 749 52 22 icke
431 750 57 22 böra
503 758 56 14 vara
572 750 114 22 beroende
700 750 23 22 af
736 751 45 20 den
792 750 138 21 invecklade
942 757 52 22 pro-

236 783 76 28 cedur,
331 791 50 14 som
398 784 324 29 landtdagsförfattningarna
738 785 145 21 föreskrifva.
912 784 82 29 Enligt

235 817 124 22 Komitöns
378 819 68 28 äsigt,
464 819 42 22 bör
523 819 35 21 uti
578 819 214 29 värnepligtslagen
812 819 43 21 alls
873 819 51 21 icke
937 819 56 28 ingå

235 852 215 29 lagbestämningar
475 853 23 22 af
520 854 206 28 grundlagsnatur,
748 854 76 21 säsom
841 853 51 22 icke
911 853 80 22 hänfö-

234 886 73 21 rande
325 887 37 28 sig
380 887 37 22 till
433 887 29 22 de
474 888 170 28 förordningar,
653 895 85 21 genom
750 888 81 21 hvilka
843 887 91 22 landets
946 887 45 22 för-

234 928 53 14 svar
305 921 59 22 efter
382 924 34 19 ett
434 922 57 21 eller
508 925 73 18 annat
592 923 176 28 militärsystem
779 922 133 21 fastställes.
943 922 47 21 Ko-

233 955 74 21 miten
324 956 95 27 uttalar,
431 956 52 21 med
502 957 73 21 andra
593 957 47 26 ord,
662 957 52 21 icke
734 957 79 28 någon
826 964 32 21 ny
870 956 120 29 synpunkt

233 989 8 20 i
260 989 77 22 denna
355 990 74 28 fräga,
442 992 57 20 utan
516 991 68 28 följer
602 991 144 28 fullkomligt
759 991 45 21 den
816 990 98 22 ledande
928 991 62 27 prin-

233 1023 44 29 cip,
287 1031 51 14 som
355 1024 80 22 blifvit
453 1024 127 29 fastslagna
598 1025 8 21 i
626 1025 120 21 Särskilda
764 1025 162 21 Konferensen
944 1024 46 22 den

233 1058 14 20 3
260 1057 69 29 April
341 1059 73 27 1893,
424 1059 74 21 under
507 1059 205 29 Krigsministerns
721 1062 54 26 eget
784 1058 204 29 ordförandeskap,

231 1092 126 29 nemligen:
379 1094 44 26 1:0)
443 1095 35 19 att
495 1094 9 20 i
522 1094 45 21 den
585 1094 76 21 finska
678 1094 70 28 lagen
766 1093 61 22 skall
839 1094 55 28 ingä
907 1093 81 22 endast

232 1126 91 28 sädant,
333 1134 51 14 som
401 1130 129 19 motsvarar
547 1128 129 21 innehället
694 1128 8 21 i
720 1127 176 29 Kejsardömets
908 1131 80 18 värne-

230 1160 120 30 pligtslag,
361 1161 44 22 och
424 1162 24 26 2)
467 1164 34 19 att
519 1170 27 14 ur
564 1162 44 22 den
626 1162 76 22 finska
720 1162 70 29 lagen
806 1162 57 21 böra
875 1162 113 21 uteslutas

230 1194 29 22 de
277 1196 143 28 paragrafer,
440 1204 48 14 som
506 1196 36 22 för
560 1196 145 22 närvarande
724 1204 66 14 anses
803 1196 36 22 för
851 1196 136 28 grundlag
973 1190 17 38 i

229 1228 110 23 Finland.
377 1230 43 22 Om
438 1232 49 20 äter
505 1230 67 22 dessa
588 1231 136 29 paragrafer
741 1232 73 20 mäste
833 1230 128 22 bibehällas
980 1231 8 20 i

229 1264 226 29 värnepligtslagen,
471 1266 75 21 säsom
563 1265 162 22 fastställande
738 1273 30 14 en
780 1265 47 21 viss
840 1264 100 29 ordning
952 1264 36 22 för

228 1298 132 28 utgörande
388 1299 24 21 af
438 1300 169 28 värnepligten,
630 1300 55 21 böra
704 1300 28 21 de
751 1299 174 22 omformuleras
944 1299 42 21 och

227 1332 97 28 bringas
342 1333 9 21 i
369 1333 239 23 öfverensstämmelse
626 1334 52 22 med
693 1333 165 23 motsvarande
870 1333 117 22 artiklar
973 1328 17 38 i

227 1366 177 29 Kejsardömets
422 1368 46 28 lag.

297 1436 46 21 Art.
365 1437 49 21 135.
452 1437 13 26 $
484 1436 30 21 97
534 1436 8 22 i
561 1436 45 22 den
624 1436 76 22 finska
711 1436 77 28 lagen,
798 1443 50 14 som
857 1438 129 19 motsvarar

226 1471 43 19 art.
291 1470 47 21 182
358 1470 9 21 i
385 1470 175 29 Kejsardömets
578 1470 146 29 författning,
737 1470 43 22 har
796 1470 24 22 af
831 1470 111 22 Komiten
952 1470 34 21 bi-
