1109 1773
274 140 30 20 18

236 208 37 21 sin
300 208 61 28 pligt
388 210 35 19 att
449 208 120 28 orubbligt
593 208 101 28 fullgöra
713 208 28 21 de
760 208 168 28 skyldigheter,
948 215 47 15 som

235 242 102 28 härflyta
355 250 27 13 ur
401 242 236 22 Storfurstendömets
656 242 147 29 oupplösliga
822 242 109 29 förening
944 242 52 22 med

236 276 177 29 Kejsaredömet
438 276 125 29 Ryssland.
601 277 47 21 Till
677 277 66 21 dessa
771 276 161 29 skyldigheter
954 276 43 22 hör

235 310 71 22 äfven
333 310 46 22 den
407 311 124 28 oafvisliga
559 311 88 29 pligten
677 313 35 19 att
730 311 58 21 efter
806 311 68 21 bästa
892 312 104 27 förmåga

234 344 95 30 deltaga
356 345 8 21 i
390 346 73 21 rikets
490 346 96 21 försvar.
628 346 24 27 »,I
678 346 133 21 hvilken
838 346 157 21 utsträck-

234 380 75 28 ning
332 379 99 22 denna
457 380 84 28 pligt
565 380 177 28 uppfattas,
768 380 105 21 finnes
897 380 99 28 angit-

233 414 233 26 veti8123afnu
475 414 131 28 gällande
616 414 255 29 Värnepligtslag*.
891 414 103 22 Anförda

234 448 121 22 uttalande
379 448 80 23 ställer
482 449 8 21 i
512 449 70 28 skarp
606 448 71 29 dager
695 449 118 22 finnarnes
831 449 164 28 föreställning

236 490 37 14 om
293 485 65 19 arten
384 483 22 21 af
430 483 45 22 den
499 483 147 29 oupplösliga
668 483 114 29 förening,
801 491 49 14 som
869 483 60 22 skall
947 484 47 21 exi-

235 519 61 20 stera
315 517 97 22 emellan
431 518 102 21 Finland
553 518 42 21 och
614 518 124 28 Ryssland,
758 518 43 21 och
814 518 91 29 belyser
917 518 76 21 tillika

234 551 67 22 deras
329 552 152 29 uppfattning
500 553 23 20 af
542 553 35 21 sin
605 553 60 28 pligt
693 552 43 22 och
764 553 51 21 sina
833 553 161 28 skyldigheter

233 586 144 22 beträffande
405 587 117 28 Ryssland
550 587 118 21 äfvensom
696 587 66 21 deras
781 587 106 28 verkliga
906 587 87 28 åsigter

233 620 101 22 rörande
353 621 45 21 den
416 621 75 21 finska
512 638 9 11 ,
525 621 102 22 arméns”
647 621 107 22 ändamål
767 621 44 22 och
825 621 166 22 bestämmelse.

233 656 13 24 S
274 655 45 21 123
347 655 7 21 i
376 656 220 28 Värnepligtslagen
615 663 48 14 som
683 656 112 28 åberopas
813 657 24 20 af
855 656 45 21 den
918 656 73 21 finske

234 692 196 25 representanten,
452 690 43 21 har
516 690 103 29 följande
637 690 98 28 lydelse:
774 707 8 12 ,
787 690 112 21 Finlands
919 690 73 29 krigs-

233 723 66 22 makt
318 724 42 21 har
385 724 36 21 till
441 724 107 22 ändamål
567 727 35 19 att
619 728 73 18 värna
711 727 82 19 tronen
813 725 44 22 och
876 724 116 22 fädernes-

231 757 82 22 landet
341 761 58 19 samt
427 759 135 28 därigenom
589 759 69 21 äfven
676 759 99 28 bidraga
797 759 37 21 till
852 759 139 28 Kejsaredö-

231 795 58 18 mets
314 793 109 21 försvar".
461 793 89 22 Genom
572 794 51 21 sina
644 796 186 26 representanter
853 793 40 21 vid
915 793 75 21 landt-

231 826 82 29 dagen,
333 827 52 22 sina
402 827 155 22 framstående
576 827 64 22 lärde
659 827 43 22 och
721 828 137 28 publicister
871 828 118 21 äfvensom

230 868 84 21 genom
342 862 51 21 sina
419 864 188 27 representanter
630 862 8 21 i
660 862 104 21 komitén
791 862 36 21 för
845 862 101 21 revision
966 863 23 20 af

230 896 214 29 värnepligtslagen
463 897 70 21 hafva
545 897 105 21 finnarne
663 896 52 22 med
728 897 134 28 fullkomlig
875 896 113 22 bestämd-

230 930 40 21 het
287 931 86 21 uttalat
392 931 42 21 och
453 931 135 27 förklaradt,
608 933 35 19 att
661 931 28 21 de
702 931 53 21 med
769 930 109 29 ,tronen*
893 931 95 21 hvarom

230 964 7 21 i
257 964 76 22 denna
352 966 110 28 paragraf
480 966 65 26 talas,
565 966 72 21 förstå
650 965 82 22 endast
745 965 112 22 Finlands
871 965 117 22 storfurst-

230 998 48 28 liga
297 1002 52 18 tron
368 1002 59 19 samt
445 1000 52 21 med
517 1000 214 28 ,fäderneslandet*
751 1000 45 21 den
814 1000 76 21 finska
909 1000 79 21 foster-

230 1032 100 29 bygden,
353 1041 48 14 som
423 1036 92 26 strängt
538 1034 171 22 sammanfaller
727 1034 52 22 med
798 1034 28 21 de
845 1035 50 20 ätta
913 1034 74 21 finska

228 1071 206 23 guvernementen.
473 1068 103 28 ,Tronen
595 1068 47 22 kan
661 1068 57 22 råka
737 1069 8 21 i
763 1069 51 21 fara
827 1068 64 22 såväl
904 1068 8 21 i
924 1068 63 22 Kau-

228 1102 93 21 kasiens
345 1102 62 29 berg,
431 1110 49 14 som
502 1104 29 27 på
549 1103 84 21 Polens
653 1103 82 21 slätter
753 1102 43 22 och
815 1102 40 22 vid
873 1102 113 22 Finlands

227 1136 102 27 kuster",
356 1144 53 14 men
435 1137 114 21 Finlands
578 1137 61 21 armé
667 1137 46 21 kan
740 1137 74 21 under
837 1137 56 28 inga
911 1137 76 21 vilkor

228 1170 61 22 föras
316 1173 65 19 utom
408 1171 165 22 fosterlandets
591 1175 102 25 gränser,
713 1172 66 20 anför
797 1171 189 28 landtdagsman-

227 1212 46 13 nen
291 1205 97 21 Eklund
406 1206 14 21 &
438 1206 51 21 sina
507 1206 104 21 valmäns
630 1210 95 24 vägnar.
763 1206 132 28 ,Finnarne
913 1206 73 21 förstå

227 1239 54 21 med
300 1239 67 21 ordet
386 1240 188 28 ,fädernesland*
595 1240 83 22 endast
689 1240 102 22 Finland
804 1240 43 22 och
860 1240 126 21 ständerna

227 1274 13 20 å
267 1274 162 21 1877—1878
457 1275 36 21 års
515 1274 113 28 landtdag
652 1274 130 28 samtyckte
803 1274 38 22 till
864 1274 121 22 införande

227 1307 24 21 af
269 1308 86 21 allmän
377 1309 134 28 värnepligt
528 1309 8 21 i
554 1308 80 22 landet
652 1308 75 22 under
744 1308 45 22 den
808 1308 176 28 förutsättning,

227 1343 36 19 att
281 1341 27 21 de
332 1342 76 22 finska
431 1345 126 26 trupperna
574 1350 56 14 vore
649 1343 95 21 afsedda
762 1342 83 22 endast
863 1342 37 22 till
919 1342 66 22 deras

227 1375 177 23 fäderneslands
438 1377 101 22 försvar"
571 1374 114 30 (Öfverste
715 1377 114 29 Blåfjelds
857 1376 127 29 yttrande).

227 1410 60 27 För
305 1410 45 22 den
369 1411 76 22 finska
463 1412 277 28 militärorganisationen
757 1412 48 21 kan
824 1411 40 21 det
875 1411 52 21 icke
940 1411 44 28 gif-

224 1452 43 13 vas
286 1446 77 27 någon
391 1453 78 14 annan
493 1446 94 29 uppgift
611 1450 29 17 än
664 1446 115 22 försvaret
803 1446 22 22 af
843 1447 54 27 eget
915 1445 67 21 land”
