1114 1817
828 125 25 20 19

123 194 127 22 ledamöter:
286 193 348 27 —distriktsmilitärbefälhafvaren,
668 194 214 21 landssekreteraren

125 231 62 24 samt,
211 229 66 27 enligt
292 228 146 22 förordnande
454 228 22 22 af
490 228 148 27 Guvernören,
654 230 80 20 tvänne
750 227 133 23 kommunal-

125 262 205 22 nämdsordförande
345 262 47 22 från
409 262 60 22 länet
485 262 109 22 äfvensom
610 268 25 16 en
653 262 231 26 expeditionssekrete-

125 304 49 14 rare
189 298 7 20 i
211 297 97 21 nämden.

195 345 49 19 Art.
261 345 44 18 60.
328 342 10 21 I
353 342 59 22 länet
428 343 55 21 skall
498 342 70 22 finnas
580 344 32 20 ett
623 342 51 22 eller
685 344 80 20 tvänne
775 342 110 28 uppbåds-

126 378 97 26 distrikt;
239 378 7 20 i
261 377 106 21 hvardera
390 377 94 21 inrättas
508 384 26 14 en
557 376 178 27 Distriktsnämd,
751 377 70 21 under
837 376 48 22 ord-

125 412 143 26 förandeskap
286 411 22 21 af
320 410 356 27 Distriktsmilitärbefälhafvaren,
687 410 118 22 bestående
816 410 23 22 af
847 410 38 21 föl-

124 446 66 27 jande
205 446 127 21 ledamöter:
348 445 161 28 Kronofogden,
526 452 26 15 en
568 444 72 23 officer
655 444 48 23 från
715 447 127 26 trupperna,
851 446 34 20 ut-

127 481 51 21 sedd
195 481 22 20 af
230 480 160 21 vederbörande
405 480 145 27 militärbefäl,
567 482 34 19 tre
616 480 119 21 ledamöter
750 480 47 21 från
813 479 73 28 hvarje

127 515 101 21 kommun
243 515 57 20 inom
316 515 206 26 uppbådsområdet,
539 515 92 20 utsedde
647 520 75 21 genom
738 515 40 26 val,
793 517 55 19 samt
860 519 25 16 en

127 549 269 27 expeditionssekreterare
411 549 48 21 med
472 549 95 28 juridisk
582 549 103 26 bildning.

196 595 48 17 Anm.
268 595 8 17 I
288 595 88 18 händelse
393 595 20 17 af
425 595 85 22 sjukdom
522 595 47 18 eller
581 595 65 17 förfall
659 595 29 17 för
701 595 123 18 ordföranden
837 594 6 17 i
855 593 32 18 Di-

127 624 149 21 striktsnämden,
289 624 75 22 ålägges
377 623 181 23 ordförandeskapet
572 629 59 12 annan
644 629 71 17 person,
729 629 37 12 som
775 624 24 23 på
807 622 80 19 förhand

127 652 65 18 härtill
204 654 68 16 utsetts
285 652 20 18 af
318 652 123 18 Guvernören.

197 695 49 18 Art.
263 696 32 17 61.
321 693 199 21 Distriktsnämden
536 693 87 21 utöfvar
638 693 33 21 sin
687 693 136 22 verksamhet
833 693 7 20 i
851 694 36 19 tur

128 727 39 20 och
183 727 91 27 ordning
288 727 58 21 inom
362 727 126 22 densamma
503 727 163 27 underlydande
677 727 210 27 uppbådsområden.

197 775 49 18 Art.
263 775 42 18 62.
336 773 153 21 Länenämden
506 773 90 28 åligger:

200 807 19 27 1)
235 809 33 19 att
283 807 63 21 hafva
362 807 78 22 allmän
456 808 90 27 uppsigt
561 808 59 21 inom
635 807 48 22 hela
698 808 59 21 länet
772 808 59 21 öfver
847 808 41 21 den

127 841 104 27 behöriga
253 842 82 26 gången
360 841 22 21 af
403 842 113 27 uppbådet
539 842 39 21 och
598 843 163 26 emottagandet
776 842 23 22 af
812 844 77 19 värne-

129 875 97 27 pligtige;

198 911 21 26 2)
237 912 31 19 att
284 910 90 21 emellan
390 910 26 21 de
432 911 58 21 olika
507 911 117 21 områdena
639 911 82 21 fördela
737 911 36 22 det
786 911 33 22 för
830 911 59 21 länet

129 945 111 22 bestämda
255 945 83 22 antalet
353 946 109 26 rekryter;

199 980 21 26 3)
244 981 32 20 att
291 980 7 21 i
314 980 26 21 de
355 979 42 25 fall,
413 980 73 21 hvilka
502 981 6 20 i
525 981 71 21 denna
612 981 34 26 lag
663 983 130 24 omnämnas,
810 980 79 22 under-

130 1014 63 20 kasta
209 1013 26 22 de
250 1014 155 27 värnepligtige
421 1021 27 20 ny
464 1014 134 28 besigtning;

198 1049 22 26 4)
243 1050 33 19 att
299 1049 31 20 till
354 1048 101 27 pröfning
471 1051 99 25 upptaga
586 1049 107 27 klagomål
708 1051 57 20 emot
780 1049 110 22 distrikts-

129 1083 127 26 nämderna;

199 1117 21 26 5)
233 1119 33 19 att
276 1118 94 26 granska
382 1117 233 22 distriktsnämdernas
626 1118 147 27 redogörelser
785 1118 39 21 och
834 1124 57 15 sam-

129 1151 115 21 manställa
260 1157 25 16 en
302 1152 78 21 allmän
396 1153 139 26 redogörelse
551 1153 59 21 öfver
625 1153 145 27 fullgörandet
786 1153 23 21 af
817 1153 74 26 hvarje

129 1186 89 27 uppbåd
233 1187 57 21 inom
306 1187 69 26 länet;
392 1189 58 20 samt

199 1221 22 26 6)
237 1222 33 20 att
292 1221 76 27 pröfva
391 1222 39 20 och
453 1222 33 21 till
507 1223 162 20 vederbörande
685 1222 65 27 högre
766 1222 126 27 myndighet

130 1255 112 21 hemställa
251 1255 73 27 frågor
333 1256 93 21 rörande
434 1256 160 27 missförstånd,
604 1263 45 15 som
658 1257 101 27 uppstått
767 1257 6 20 i
783 1256 109 22 distrikts-

130 1290 124 21 nämderna.

199 1331 49 16 Anm.
271 1330 130 18 Länenämden
420 1336 44 17 eger
483 1334 41 15 rätt
543 1333 34 20 att,
596 1332 34 17 där
648 1332 35 17 den
702 1332 20 17 sä
734 1331 75 22 pröfvar
821 1330 71 22 nödigt,

130 1359 45 17 utan
194 1359 86 18 afseende
294 1359 10 18 å
318 1360 84 18 enskilda
420 1365 100 19 personers
539 1361 98 22 klagomål,
656 1361 80 22 granska
751 1360 34 18 och
797 1359 96 24 upphäfva

130 1387 105 17 densamma
253 1388 136 22 underlydande
408 1389 176 18 distriktsnämders
603 1389 87 23 åtgärder
704 1389 32 17 och
749 1389 66 21 beslut,
829 1387 64 19 såvida

131 1416 40 17 icke
190 1417 65 17 tvänne
275 1417 20 17 år
313 1417 71 22 förgått
403 1417 42 17 från
460 1418 102 22 åtgärdens
576 1418 46 17 eller
635 1418 90 17 beslutets
739 1418 90 17 tillkomst
843 1416 50 18 intill

130 1444 42 18 dess
185 1445 56 17 sådan
254 1446 112 22 granskning
379 1446 67 18 varder
458 1446 95 22 vidtagen.
