1111 1770
838 153 14 21 3

131 222 300 29 föredragningsmemorial
455 223 34 28 (af
512 221 45 23 den
582 222 33 21 29
635 221 104 30 Augusti
761 221 63 22 1891
844 221 43 21 N:o

135 257 45 22 141
210 257 44 21 och
280 257 46 21 den
355 257 29 21 12
412 257 59 21 Juni
491 257 64 21 1893
574 257 42 21 N:o
637 256 23 27 7)
679 256 43 21 och
739 256 9 21 i
767 255 121 22 Särskilda

131 291 173 22 Konferensens
322 291 116 28 protokoll
455 291 35 22 för
508 291 45 21 den
573 291 14 21 3
605 290 70 29 April
695 291 71 20 1893.

201 326 106 21 Motiven
325 333 48 14 som
391 326 97 21 förmått
505 325 28 22 de
551 325 69 28 ryske
638 325 158 21 ledamöterne
814 324 9 21 i
840 324 48 21 Ko-

132 360 74 22 mitön
234 362 35 19 att
294 360 66 28 gifva
386 360 166 29 paragraferna
577 360 10 21 i
612 359 203 29 ,Förordningen*
843 358 45 21 den

132 395 90 28 lydelse
246 394 117 21 desamma
386 394 95 22 erhållit
504 395 9 20 i
534 395 118 27 förslaget,
670 394 75 21 finnas
764 392 99 23 anförda
880 393 8 20 i

133 429 84 29 sjelfva
246 429 173 28 förordningen.
460 429 227 28 Representanterne
717 428 35 21 för
779 427 109 27 Finland,

133 463 81 21 hvilka
238 463 51 21 icke
314 463 62 29 gjort
399 463 74 28 några
494 462 116 22 särskilda
628 462 182 28 anmärkningar
828 463 62 19 emot

133 497 170 29 motiveringen
322 497 23 21 af
363 497 28 21 de
409 497 115 22 särskilda
541 497 173 29 paragraferna,
732 496 71 22 hafva
820 496 69 21 fram-

134 532 56 22 stält
208 532 119 22 allmänna
350 532 174 28 invändningar
548 534 62 19 emot
627 531 166 28 förordningen
811 531 9 21 i
838 530 51 21 dess

133 566 87 22 helhet.
255 566 73 21 Deras
345 566 218 28 hufvudsakligaste
583 566 181 28 anmärkningar
782 569 38 18 äro
831 572 58 14 sam-

134 600 144 22 manfattade
295 600 9 22 i
322 600 39 21 det
378 600 112 29 följande:

206 636 42 26 1:0)
268 632 104 25 Öfverste
391 634 102 23 Gadolin
512 635 79 28 ansåg,
611 637 34 19 att
663 634 29 22 de
707 634 181 29 bestämningar,

135 670 75 28 enligt
230 669 82 22 hvilka
333 669 74 22 finska
430 670 114 21 militären
565 669 90 22 komme
673 671 36 20 att
727 669 161 22 subordineras

135 704 74 21 under
231 704 346 28 militärdistrikstsstyrelserna
600 704 42 21 och
661 711 83 21 genom
762 703 67 22 dessa
847 711 41 14 un-

135 739 41 21 der
202 738 232 29 Krigsministerium,
463 738 102 29 ,kränka
592 745 29 14 en
644 738 23 21 af
688 738 28 21 de
735 738 33 21 för
786 737 103 22 Finland

135 773 123 22 faststälda
287 773 251 28 styrelseprinciperna,
566 773 74 27 enligt
666 773 97 21 hvilken
781 772 109 28 samtliga

135 807 241 28 förvaltningsgrenar
393 807 147 22 handhafvas
558 807 24 22 af
599 807 92 21 landets
711 814 59 21 egna
782 807 108 28 styrelse-

137 842 63 27 verk,
219 843 30 27 på
267 841 76 29 grund
366 841 22 22 af
406 842 67 28 lagar
491 842 43 21 och
552 841 173 28 författningar,
744 849 50 14 som
811 841 79 22 blifvit

137 876 125 21 faststälda
288 876 43 21 och
357 876 123 21 utfärdade
498 876 8 20 i
524 876 45 21 den
587 876 8 20 i
612 875 81 22 landet
711 875 112 29 stadgade
842 875 48 28 lag-

137 910 190 28 stiftningsväg".

207 945 46 26 2:0)
271 944 51 21 Den
340 944 133 28 föreslagna
491 944 167 28 förordningen
676 944 83 21 strider
777 946 62 19 emot
857 946 34 19 ett

137 978 263 29 grundlagsstadgande,
414 986 50 14 som
480 978 150 22 föreskrifver
649 981 34 19 att
701 978 46 22 alla
765 978 35 28 de,
810 978 81 22 hvilka

137 1013 127 22 innehafva
289 1014 78 28 någon
392 1013 110 21 funktion
528 1013 63 21 inom
617 1013 94 21 landets
729 1012 161 29 styrelseverk,

138 1047 65 21 skola
221 1055 55 14 vara
294 1048 74 20 finske
385 1047 151 29 medborgare
555 1048 43 21 och
616 1048 8 20 i
643 1048 35 20 sin
688 1047 203 29 tjensteverksam-

137 1082 40 21 het
194 1081 171 22 underkastade
384 1089 84 14 ansvar
486 1082 61 22 inför
563 1082 61 21 finsk
643 1082 105 28 domstol,
767 1082 29 28 på
814 1081 78 29 grund

139 1116 23 21 af
179 1116 92 22 landets
288 1116 72 28 lagar.

208 1151 44 27 3:0)
278 1148 148 24 Öfverstarne
454 1150 101 22 Gadolin
582 1151 43 21 och
651 1151 68 21 Blom
742 1158 54 14 voro
816 1150 75 28 bägge

139 1184 23 22 af
186 1184 45 22 den
254 1185 68 28 åsigt,
350 1187 34 19 att
409 1185 195 27 Krigsministern
623 1185 35 21 för
675 1184 146 23 närvarande
839 1184 53 22 full-

138 1219 100 29 komligt
260 1220 46 21 kan
330 1219 52 21 leda
406 1219 117 22 ärendena
540 1220 98 21 rörande
655 1220 77 21 finska
749 1220 117 20 militären
884 1218 8 21 i

139 1254 236 21 öfverensstämmelse
393 1254 44 21 och
456 1254 145 28 enhetlighet
618 1254 53 21 med
689 1254 28 22 de
736 1254 74 28 öfriga
828 1256 64 25 trup-

137 1295 84 21 pernas
244 1288 8 21 i
276 1288 176 29 Kejsaredömet
480 1288 201 29 angelägenheter,
705 1292 55 18 enär
777 1288 115 28 Krigsmi-

137 1322 89 21 nistern
244 1322 92 29 jämlikt
354 1324 13 25 $
387 1323 47 20 119
454 1324 8 20 i
481 1323 219 28 Värnepligtslagen
718 1323 40 21 hos
768 1322 66 21 Hans
844 1322 48 21 Ma-

137 1357 71 27 jestät
234 1357 114 28 Kejsaren
375 1357 135 28 föredrager
536 1357 72 28 sagda
635 1357 107 27 ärenden,
764 1356 78 21 såvidt
864 1355 28 22 de

138 1390 51 22 icke
210 1391 98 21 hänföra
330 1391 36 29 sig
387 1391 37 21 till
442 1391 180 29 lagstiftningen
640 1391 56 21 eller
713 1391 45 21 den
776 1390 118 22 ekonomi-

139 1425 42 21 ska
198 1425 183 29 förvaltningen;
400 1426 119 21 dessutom
537 1430 24 17 är
579 1426 42 21 hos
639 1426 196 28 Krigsministern
854 1432 39 14 an-

138 1459 61 21 stäld
227 1467 29 14 en
284 1460 99 21 särskild
409 1460 175 29 föredragande,
603 1468 84 20 genom
704 1460 96 22 hvilken
818 1459 76 23 finska

902 633 61 18 Finske
975 632 46 19 leda-

908 662 87 18 möternes
1008 661 4 18 i

901 690 76 19 Komitén
990 694 29 14 an-

906 719 107 22 draganden.
