1111 1792
805 175 30 21 13

113 241 78 22 handa
204 241 102 29 grunder
318 244 62 19 utses
394 241 119 22 officerare
523 240 27 29 *),
565 242 141 28 tjänstemän
719 245 59 19 samt
787 242 84 22 under-

113 276 64 21 befäl
200 275 43 22 och
261 276 112 28 manskap
393 276 23 21 af
442 276 64 22 såväl
524 276 55 28 rysk
598 284 48 14 som
664 277 62 21 finsk
743 277 127 21 härkomst.

183 310 51 22 Den
257 310 79 22 aktiva
358 310 169 29 truppstyrkan
545 311 9 21 i
571 310 102 23 Finland
698 311 47 22 blef
763 311 75 28 enligt
857 312 13 26 $

118 345 46 21 121
184 345 26 21 år
238 344 64 22 1889
325 344 110 22 faststäld
457 345 37 22 till
517 345 73 28 5,600
609 353 63 20 man;
690 346 180 28 truppstyrkans

115 379 210 29 sammansättning
343 379 42 21 och
403 378 134 30 fördelning
554 380 29 28 på
597 379 27 22 de
637 380 63 22 olika
712 380 158 28 vapenslagen

115 414 118 21 äfvensom
251 413 52 21 dess
321 413 143 22 dislokation
480 414 129 22 fastställes
621 414 23 22 af
659 415 67 21 Hans
738 414 133 29 Kejserliga

115 448 116 28 Majestät,
250 448 30 28 på
307 448 173 29 framställning
498 448 23 22 af
546 448 106 22 Senaten.
688 448 182 30 Ifrägavarande

115 482 110 29 paragraf
242 482 43 22 bör
301 482 113 22 uteslutas
432 490 28 14 ur
477 483 221 29 Värnepligtslagen
710 486 59 19 samt
782 483 87 21 erhålla

115 524 33 21 ny
167 516 94 29 lydelse,
281 517 22 21 af
321 516 102 30 följande
441 518 104 21 orsaker:

184 551 21 27 a)
227 554 137 26 truppernas
388 556 108 17 numerär
518 552 81 22 vexlar
618 552 41 22 och
679 552 127 22 fastställes
818 552 52 21 icke

116 593 30 14 en
163 586 63 28 gång
244 586 35 21 för
298 586 52 27 alla,
369 585 43 22 och

185 620 19 27 b)
226 622 137 26 truppernas
390 620 217 29 sammansättning,
632 620 141 22 dislokation
793 628 28 13 m.
841 628 28 13 m.

116 654 126 22 fastställes
265 654 24 22 af
311 654 150 29 Allerhögsta
482 655 101 27 makten,
601 655 29 28 på
648 654 147 29 underdånig
813 654 58 22 före-

116 688 117 30 dragning
258 689 23 21 af
304 689 194 29 Krigsministern
520 689 43 21 och
581 689 51 21 icke
652 689 107 27 Senaten,
778 696 49 14 som
845 692 26 18 är

117 731 28 13 en
165 723 54 22 civil
237 724 139 21 institution.

184 758 12 21 I
215 760 12 25 8
248 758 46 20 122
314 758 58 21 talas
386 765 36 14 om
435 760 137 26 truppernas
585 758 135 28 utrustning
733 757 42 22 och
788 757 83 21 under-

116 792 55 28 håll,
190 792 8 21 i
217 792 112 22 anseende
347 792 96 22 hvartill
462 792 139 29 paragrafen
613 792 42 22 bör
670 800 28 13 ur
710 792 161 28 Värnepligts-

116 826 68 29 lagen
203 827 119 21 uteslutas.

185 861 116 28 Slutligen
320 860 94 29 stadgas
432 861 8 21 i
457 862 13 26 $
486 862 54 26 123,
554 863 35 19 att
602 861 126 28 ,Finlands
741 860 130 29 krigsmakt

115 895 43 21 har
184 895 38 22 till
249 895 106 22 ändamål
378 897 35 20 att
431 899 72 18 värna
522 898 81 19 tronen
623 895 43 22 och
684 895 187 22 fäderneslandet

116 932 60 19 samt
200 929 135 29 därigenom
359 930 69 22 äfven
449 930 99 28 bidraga
566 930 37 21 till
621 929 186 30 Kejsaredömets
826 929 45 21 för-

116 963 74 22 svar",
227 964 64 21 Härä
310 964 66 29 följer
395 972 28 13 en
442 964 148 29 bestämning
609 971 36 15 om
663 971 118 14 reservens
800 963 71 22 ända-

116 998 55 22 mäl:
192 998 23 22 af
235 998 134 22 densamma
386 1001 122 26 uppsättas
526 999 168 28 depottrupper
712 998 37 22 till
766 997 105 30 fyllande

116 1033 23 21 af
157 1033 82 21 luckor
257 1033 8 21 i
283 1033 28 21 de
330 1033 80 22 aktiva
428 1035 138 26 truppernas
584 1033 63 21 leder
665 1033 119 22 äfvensom
803 1035 69 19 stam-

116 1070 95 25 trupper
234 1067 37 22 för
295 1067 156 22 landtvärnet.
488 1067 85 22 Orden:
600 1070 72 26 ,samt
695 1068 68 21 äfven
781 1067 91 28 därige-

115 1109 55 14 nom
187 1101 98 29 bidraga
303 1101 37 22 till
357 1101 188 30 Kejsaredömets
563 1101 101 23 försvar*
684 1102 56 22 böra
751 1101 121 27 uteslutas,

116 1135 129 29 hvarjämte
263 1137 138 28 paragrafen
422 1136 60 22 skall
500 1137 166 28 kompletteras
684 1136 94 28 därhän,
799 1137 34 21 att
849 1135 24 22 af

116 1177 113 20 reserven,
257 1171 75 28 enligt
354 1171 66 22 Hans
438 1171 111 28 Majestät
566 1171 125 29 Kejsarens
710 1171 136 28 befallning,
865 1170 8 21 i

116 1205 43 21 fall
177 1205 24 21 af
219 1205 70 22 behof
307 1205 79 22 kunna
401 1207 123 27 uppsättas
537 1205 68 22 äfven
618 1205 162 30 själfständiga
793 1207 80 26 trupp-

117 1239 153 28 afdelningar.

186 1340 15 21 *)
215 1340 136 23 Anmärkning.
375 1339 63 24 Nådig
455 1340 101 23 befallning
574 1345 31 13 om
622 1339 128 23 cmottagande
766 1339 30 17 vid
812 1338 61 18 finska

117 1369 90 17 militären
224 1369 19 17 af
259 1369 56 22 ryske
331 1369 95 18 officerare
443 1368 116 19 meddelades
576 1368 56 18 redan
644 1369 21 17 år
679 1368 49 21 1876,
741 1374 40 11 men
794 1368 35 17 har
842 1367 31 18 Sc-

117 1399 55 16 naten
184 1397 29 18 för
225 1397 79 18 Finland
317 1398 36 17 tills
366 1397 44 18 dato
422 1397 40 17 icke
475 1397 77 23 vidtagit
564 1398 60 22 någon
636 1396 66 23 åtgärd
714 1397 29 17 för
754 1397 119 17 verkställan-

117 1425 31 18 det
165 1426 19 17 af
200 1426 60 18 denna
272 1427 104 22 befallning.
401 1427 31 22 (Se
447 1426 279 18 Minister-Statssekreterarens
739 1425 95 18 skrifvelse
847 1425 26 17 till

117 1454 68 19 Grefve
197 1455 80 21 Miljutin
289 1455 20 18 af
321 1455 34 18 den
367 1455 11 17 2
391 1455 102 18 December
506 1455 45 18 1876
563 1455 36 18 N:o
611 1455 45 21 922).
