<?xml version="1.0" encoding="UTF-8"?>
<alto xmlns="http://www.loc.gov/standards/alto/ns-v3#" xmlns:xlink="http://www.w3.org/1999/xlink" xmlns:xsi="http://www.w3.org/2001/XMLSchema-instance" xsi:schemaLocation="http://www.loc.gov/standards/alto/ns-v3# http://www.loc.gov/alto/v3/alto-3-0.xsd">
	<Description>
		<MeasurementUnit>pixel</MeasurementUnit>
		<sourceImageInformation>
			<fileName>/tmp/tess_97_7r04p_input.PNG</fileName>
		</sourceImageInformation>
		<OCRProcessing ID="OCR_0">
			<ocrProcessingStep>
				<processingSoftware>
					<softwareName>tesseract 5.3.4</softwareName>
				</processingSoftware>
			</ocrProcessingStep>
		</OCRProcessing>
	</Description>
	<Layout>
		<Page WIDTH="1114" HEIGHT="1770" PHYSICAL_IMG_NR="0" ID="page_0">
			<PrintSpace HPOS="0" VPOS="0" WIDTH="1114" HEIGHT="1770">
				<ComposedBlock ID="cblock_0" HPOS="79" VPOS="522" WIDTH="117" HEIGHT="46">
					<TextBlock ID="block_0" HPOS="79" VPOS="522" WIDTH="117" HEIGHT="46">
						<TextLine ID="line_0" HPOS="79" VPOS="522" WIDTH="117" HEIGHT="17">
							<String ID="string_0" HPOS="79" VPOS="522" WIDTH="117" HEIGHT="17" WC="0.90" CONTENT="Pluralitetens"/>
						</TextLine>
						<TextLine ID="line_1" HPOS="85" VPOS="550" WIDTH="103" HEIGHT="18">
							<String ID="string_1" HPOS="85" VPOS="550" WIDTH="103" HEIGHT="18" WC="0.95" CONTENT="bemötande."/>
						</TextLine>
					</TextBlock>
				</ComposedBlock>
				<ComposedBlock ID="cblock_1" HPOS="249" VPOS="146" WIDTH="24" HEIGHT="19">
					<TextBlock ID="block_1" HPOS="249" VPOS="146" WIDTH="24" HEIGHT="19">
						<TextLine ID="line_2" HPOS="249" VPOS="146" WIDTH="24" HEIGHT="19">
							<String ID="string_2" HPOS="249" VPOS="146" WIDTH="24" HEIGHT="19" WC="0.96" CONTENT="14"/>
						</TextLine>
					</TextBlock>
				</ComposedBlock>
				<ComposedBlock ID="cblock_2" HPOS="217" VPOS="213" WIDTH="764" HEIGHT="1265">
					<TextBlock ID="block_2" HPOS="217" VPOS="213" WIDTH="759" HEIGHT="165">
						<TextLine ID="line_3" HPOS="217" VPOS="213" WIDTH="759" HEIGHT="28">
							<String ID="string_3" HPOS="217" VPOS="213" WIDTH="113" HEIGHT="27" WC="0.92" CONTENT="utskylder"/><SP WIDTH="24" VPOS="213" HPOS="330"/>
							<String ID="string_4" HPOS="354" VPOS="213" WIDTH="38" HEIGHT="22" WC="0.96" CONTENT="och"/><SP WIDTH="23" VPOS="213" HPOS="392"/>
							<String ID="string_5" HPOS="415" VPOS="213" WIDTH="83" HEIGHT="27" WC="0.96" CONTENT="besvär,"/><SP WIDTH="24" VPOS="213" HPOS="498"/>
							<String ID="string_6" HPOS="522" VPOS="220" WIDTH="46" HEIGHT="15" WC="0.96" CONTENT="som"/><SP WIDTH="16" VPOS="220" HPOS="568"/>
							<String ID="string_7" HPOS="584" VPOS="214" WIDTH="6" HEIGHT="21" WC="0.96" CONTENT="i"/><SP WIDTH="15" VPOS="214" HPOS="590"/>
							<String ID="string_8" HPOS="605" VPOS="213" WIDTH="91" HEIGHT="22" WC="0.96" CONTENT="Finland"/><SP WIDTH="16" VPOS="213" HPOS="696"/>
							<String ID="string_9" HPOS="712" VPOS="215" WIDTH="90" HEIGHT="26" WC="0.96" CONTENT="utgöras"/><SP WIDTH="16" VPOS="215" HPOS="802"/>
							<String ID="string_10" HPOS="818" VPOS="214" WIDTH="46" HEIGHT="21" WC="0.95" CONTENT="icke"/><SP WIDTH="15" VPOS="214" HPOS="864"/>
							<String ID="string_11" HPOS="879" VPOS="214" WIDTH="32" HEIGHT="21" WC="0.93" CONTENT="till"/><SP WIDTH="16" VPOS="214" HPOS="911"/>
							<String ID="string_12" HPOS="927" VPOS="215" WIDTH="49" HEIGHT="21" WC="0.92" CONTENT="kro-"/>
						</TextLine>
						<TextLine ID="line_4" HPOS="218" VPOS="247" WIDTH="758" HEIGHT="28">
							<String ID="string_13" HPOS="218" VPOS="254" WIDTH="49" HEIGHT="16" WC="0.96" CONTENT="nan,"/><SP WIDTH="18" VPOS="254" HPOS="267"/>
							<String ID="string_14" HPOS="285" VPOS="249" WIDTH="53" HEIGHT="20" WC="0.96" CONTENT="utan"/><SP WIDTH="16" VPOS="249" HPOS="338"/>
							<String ID="string_15" HPOS="354" VPOS="248" WIDTH="33" HEIGHT="21" WC="0.96" CONTENT="för"/><SP WIDTH="10" VPOS="248" HPOS="387"/>
							<String ID="string_16" HPOS="397" VPOS="248" WIDTH="108" HEIGHT="21" WC="0.93" CONTENT="särskilda"/><SP WIDTH="14" VPOS="248" HPOS="505"/>
							<String ID="string_17" HPOS="519" VPOS="248" WIDTH="93" HEIGHT="27" WC="0.92" CONTENT="speciela"/><SP WIDTH="11" VPOS="248" HPOS="612"/>
							<String ID="string_18" HPOS="623" VPOS="247" WIDTH="106" HEIGHT="27" WC="0.96" CONTENT="ändamål,"/><SP WIDTH="11" VPOS="247" HPOS="729"/>
							<String ID="string_19" HPOS="740" VPOS="249" WIDTH="72" HEIGHT="20" WC="0.96" CONTENT="såsom"/><SP WIDTH="11" VPOS="249" HPOS="812"/>
							<String ID="string_20" HPOS="823" VPOS="248" WIDTH="31" HEIGHT="21" WC="0.96" CONTENT="till"/><SP WIDTH="11" VPOS="248" HPOS="854"/>
							<String ID="string_21" HPOS="865" VPOS="248" WIDTH="111" HEIGHT="27" WC="0.96" CONTENT="byggande"/>
						</TextLine>
						<TextLine ID="line_5" HPOS="218" VPOS="281" WIDTH="758" HEIGHT="29">
							<String ID="string_22" HPOS="218" VPOS="281" WIDTH="39" HEIGHT="22" WC="0.96" CONTENT="och"/><SP WIDTH="16" VPOS="281" HPOS="257"/>
							<String ID="string_23" HPOS="273" VPOS="282" WIDTH="113" HEIGHT="21" WC="0.96" CONTENT="underhåll"/><SP WIDTH="16" VPOS="282" HPOS="386"/>
							<String ID="string_24" HPOS="402" VPOS="282" WIDTH="23" HEIGHT="21" WC="0.95" CONTENT="af"/><SP WIDTH="13" VPOS="282" HPOS="425"/>
							<String ID="string_25" HPOS="438" VPOS="283" WIDTH="100" HEIGHT="26" WC="0.96" CONTENT="samtliga"/><SP WIDTH="17" VPOS="283" HPOS="538"/>
							<String ID="string_26" HPOS="555" VPOS="284" WIDTH="68" HEIGHT="25" WC="0.96" CONTENT="vägar"/><SP WIDTH="15" VPOS="284" HPOS="623"/>
							<String ID="string_27" HPOS="638" VPOS="283" WIDTH="69" HEIGHT="27" WC="0.92" CONTENT="(utom"/><SP WIDTH="13" VPOS="283" HPOS="707"/>
							<String ID="string_28" HPOS="720" VPOS="283" WIDTH="132" HEIGHT="27" WC="0.91" CONTENT="jernvägar),"/><SP WIDTH="12" VPOS="283" HPOS="852"/>
							<String ID="string_29" HPOS="864" VPOS="283" WIDTH="112" HEIGHT="21" WC="0.96" CONTENT="underhåll"/>
						</TextLine>
						<TextLine ID="line_6" HPOS="218" VPOS="315" WIDTH="758" HEIGHT="29">
							<String ID="string_30" HPOS="218" VPOS="315" WIDTH="23" HEIGHT="22" WC="0.93" CONTENT="af"/><SP WIDTH="13" VPOS="315" HPOS="241"/>
							<String ID="string_31" HPOS="254" VPOS="317" WIDTH="170" HEIGHT="26" WC="0.92" CONTENT="presterskapet,"/><SP WIDTH="16" VPOS="317" HPOS="424"/>
							<String ID="string_32" HPOS="440" VPOS="317" WIDTH="59" HEIGHT="27" WC="0.96" CONTENT="lägre"/><SP WIDTH="24" VPOS="317" HPOS="499"/>
							<String ID="string_33" HPOS="523" VPOS="317" WIDTH="124" HEIGHT="26" WC="0.96" CONTENT="domstolar,"/><SP WIDTH="16" VPOS="317" HPOS="647"/>
							<String ID="string_34" HPOS="663" VPOS="317" WIDTH="124" HEIGHT="26" WC="0.93" CONTENT="folkskolor,"/><SP WIDTH="16" VPOS="317" HPOS="787"/>
							<String ID="string_35" HPOS="803" VPOS="317" WIDTH="173" HEIGHT="27" WC="0.91" CONTENT="skjutshållning,"/>
						</TextLine>
						<TextLine ID="line_7" HPOS="217" VPOS="350" WIDTH="452" HEIGHT="28">
							<String ID="string_36" HPOS="217" VPOS="350" WIDTH="118" HEIGHT="27" WC="0.96" CONTENT="fattigvård"/><SP WIDTH="17" VPOS="350" HPOS="335"/>
							<String ID="string_37" HPOS="352" VPOS="351" WIDTH="39" HEIGHT="21" WC="0.93" CONTENT="och"/><SP WIDTH="15" VPOS="351" HPOS="391"/>
							<String ID="string_38" HPOS="406" VPOS="351" WIDTH="263" HEIGHT="27" WC="0.90" CONTENT="kommunalförvaltning."/>
						</TextLine>
					</TextBlock>
					<TextBlock ID="block_3" HPOS="218" VPOS="385" WIDTH="759" HEIGHT="130">
						<TextLine ID="line_8" HPOS="287" VPOS="385" WIDTH="689" HEIGHT="22">
							<String ID="string_39" HPOS="287" VPOS="385" WIDTH="49" HEIGHT="21" WC="0.95" CONTENT="Med"/><SP WIDTH="25" VPOS="385" HPOS="336"/>
							<String ID="string_40" HPOS="361" VPOS="385" WIDTH="99" HEIGHT="22" WC="0.93" CONTENT="afseende"/><SP WIDTH="17" VPOS="385" HPOS="460"/>
							<String ID="string_41" HPOS="477" VPOS="385" WIDTH="12" HEIGHT="21" WC="0.91" CONTENT="å"/><SP WIDTH="15" VPOS="385" HPOS="489"/>
							<String ID="string_42" HPOS="504" VPOS="385" WIDTH="37" HEIGHT="22" WC="0.93" CONTENT="det"/><SP WIDTH="23" VPOS="385" HPOS="541"/>
							<String ID="string_43" HPOS="564" VPOS="385" WIDTH="155" HEIGHT="22" WC="0.91" CONTENT="ofvanstående"/><SP WIDTH="22" VPOS="385" HPOS="719"/>
							<String ID="string_44" HPOS="741" VPOS="385" WIDTH="63" HEIGHT="22" WC="0.96" CONTENT="hafva"/><SP WIDTH="16" VPOS="385" HPOS="804"/>
							<String ID="string_45" HPOS="820" VPOS="385" WIDTH="26" HEIGHT="22" WC="0.96" CONTENT="de"/><SP WIDTH="15" VPOS="385" HPOS="846"/>
							<String ID="string_46" HPOS="861" VPOS="385" WIDTH="67" HEIGHT="22" WC="0.93" CONTENT="finske"/><SP WIDTH="16" VPOS="385" HPOS="928"/>
							<String ID="string_47" HPOS="944" VPOS="392" WIDTH="32" HEIGHT="15" WC="0.90" CONTENT="re-"/>
						</TextLine>
						<TextLine ID="line_9" HPOS="218" VPOS="419" WIDTH="758" HEIGHT="28">
							<String ID="string_48" HPOS="218" VPOS="421" WIDTH="181" HEIGHT="25" WC="0.92" CONTENT="presentanterne"/><SP WIDTH="17" VPOS="421" HPOS="399"/>
							<String ID="string_49" HPOS="416" VPOS="422" WIDTH="71" HEIGHT="19" WC="0.96" CONTENT="ansett"/><SP WIDTH="17" VPOS="422" HPOS="487"/>
							<String ID="string_50" HPOS="504" VPOS="421" WIDTH="33" HEIGHT="20" WC="0.96" CONTENT="att"/><SP WIDTH="17" VPOS="421" HPOS="537"/>
							<String ID="string_51" HPOS="554" VPOS="420" WIDTH="107" HEIGHT="27" WC="0.96" CONTENT="ökningen"/><SP WIDTH="18" VPOS="420" HPOS="661"/>
							<String ID="string_52" HPOS="679" VPOS="420" WIDTH="22" HEIGHT="21" WC="0.96" CONTENT="af"/><SP WIDTH="14" VPOS="420" HPOS="701"/>
							<String ID="string_53" HPOS="715" VPOS="420" WIDTH="103" HEIGHT="21" WC="0.95" CONTENT="Finlands"/><SP WIDTH="15" VPOS="420" HPOS="818"/>
							<String ID="string_54" HPOS="833" VPOS="419" WIDTH="93" HEIGHT="22" WC="0.92" CONTENT="militära"/><SP WIDTH="16" VPOS="419" HPOS="926"/>
							<String ID="string_55" HPOS="942" VPOS="421" WIDTH="34" HEIGHT="20" WC="0.92" CONTENT="ut-"/>
						</TextLine>
						<TextLine ID="line_10" HPOS="218" VPOS="453" WIDTH="759" HEIGHT="28">
							<String ID="string_56" HPOS="218" VPOS="453" WIDTH="64" HEIGHT="27" WC="0.96" CONTENT="gifter"/><SP WIDTH="16" VPOS="453" HPOS="282"/>
							<String ID="string_57" HPOS="298" VPOS="454" WIDTH="46" HEIGHT="21" WC="0.96" CONTENT="icke"/><SP WIDTH="15" VPOS="454" HPOS="344"/>
							<String ID="string_58" HPOS="359" VPOS="453" WIDTH="67" HEIGHT="22" WC="0.93" CONTENT="borde"/><SP WIDTH="16" VPOS="453" HPOS="426"/>
							<String ID="string_59" HPOS="442" VPOS="454" WIDTH="117" HEIGHT="27" WC="0.91" CONTENT="öfverstiga"/><SP WIDTH="10" VPOS="454" HPOS="559"/>
							<String ID="string_60" HPOS="569" VPOS="455" WIDTH="28" HEIGHT="20" WC="0.93" CONTENT="50"/><SP WIDTH="8" VPOS="455" HPOS="597"/>
							<String ID="string_61" HPOS="605" VPOS="455" WIDTH="28" HEIGHT="25" WC="0.92" CONTENT="9/,"/><SP WIDTH="12" VPOS="455" HPOS="633"/>
							<String ID="string_62" HPOS="645" VPOS="454" WIDTH="23" HEIGHT="21" WC="0.93" CONTENT="af"/><SP WIDTH="8" VPOS="454" HPOS="668"/>
							<String ID="string_63" HPOS="676" VPOS="454" WIDTH="166" HEIGHT="21" WC="0.91" CONTENT="militiefondens"/><SP WIDTH="10" VPOS="454" HPOS="842"/>
							<String ID="string_64" HPOS="852" VPOS="454" WIDTH="125" HEIGHT="21" WC="0.96" CONTENT="nuvarande"/>
						</TextLine>
						<TextLine ID="line_11" HPOS="218" VPOS="488" WIDTH="88" HEIGHT="27">
							<String ID="string_65" HPOS="218" VPOS="488" WIDTH="88" HEIGHT="27" WC="0.96" CONTENT="budget."/>
						</TextLine>
					</TextBlock>
					<TextBlock ID="block_4" HPOS="219" VPOS="522" WIDTH="762" HEIGHT="956">
						<TextLine ID="line_12" HPOS="289" VPOS="522" WIDTH="688" HEIGHT="28">
							<String ID="string_66" HPOS="289" VPOS="522" WIDTH="170" HEIGHT="22" WC="0.91" CONTENT="Vidkommande"/><SP WIDTH="16" VPOS="522" HPOS="459"/>
							<String ID="string_67" HPOS="475" VPOS="523" WIDTH="26" HEIGHT="21" WC="0.96" CONTENT="de"/><SP WIDTH="16" VPOS="523" HPOS="501"/>
							<String ID="string_68" HPOS="517" VPOS="522" WIDTH="69" HEIGHT="22" WC="0.93" CONTENT="finske"/><SP WIDTH="15" VPOS="522" HPOS="586"/>
							<String ID="string_69" HPOS="601" VPOS="524" WIDTH="215" HEIGHT="26" WC="0.92" CONTENT="representanternes"/><SP WIDTH="16" VPOS="524" HPOS="816"/>
							<String ID="string_70" HPOS="832" VPOS="522" WIDTH="145" HEIGHT="22" WC="0.91" CONTENT="förstanförda"/>
						</TextLine>
						<TextLine ID="line_13" HPOS="219" VPOS="557" WIDTH="758" HEIGHT="27">
							<String ID="string_71" HPOS="219" VPOS="557" WIDTH="132" HEIGHT="27" WC="0.96" CONTENT="invändning"/><SP WIDTH="23" VPOS="557" HPOS="351"/>
							<String ID="string_72" HPOS="374" VPOS="557" WIDTH="39" HEIGHT="21" WC="0.90" CONTENT="har"/><SP WIDTH="23" VPOS="557" HPOS="413"/>
							<String ID="string_73" HPOS="436" VPOS="557" WIDTH="98" HEIGHT="22" WC="0.90" CONTENT="Komitén"/><SP WIDTH="22" VPOS="557" HPOS="534"/>
							<String ID="string_74" HPOS="556" VPOS="559" WIDTH="55" HEIGHT="19" WC="0.96" CONTENT="trott"/><SP WIDTH="16" VPOS="559" HPOS="611"/>
							<String ID="string_75" HPOS="627" VPOS="558" WIDTH="32" HEIGHT="26" WC="0.96" CONTENT="sig"/><SP WIDTH="15" VPOS="558" HPOS="659"/>
							<String ID="string_76" HPOS="674" VPOS="558" WIDTH="54" HEIGHT="20" WC="0.96" CONTENT="böra"/><SP WIDTH="22" VPOS="558" HPOS="728"/>
							<String ID="string_77" HPOS="750" VPOS="558" WIDTH="86" HEIGHT="26" WC="0.96" CONTENT="påpeka"/><SP WIDTH="15" VPOS="558" HPOS="836"/>
							<String ID="string_78" HPOS="851" VPOS="558" WIDTH="33" HEIGHT="20" WC="0.93" CONTENT="att"/><SP WIDTH="16" VPOS="558" HPOS="884"/>
							<String ID="string_79" HPOS="900" VPOS="557" WIDTH="77" HEIGHT="21" WC="0.90" CONTENT="under-"/>
						</TextLine>
						<TextLine ID="line_14" HPOS="219" VPOS="591" WIDTH="757" HEIGHT="28">
							<String ID="string_80" HPOS="219" VPOS="591" WIDTH="203" HEIGHT="22" WC="0.92" CONTENT="hållskostnaderna"/><SP WIDTH="15" VPOS="591" HPOS="422"/>
							<String ID="string_81" HPOS="437" VPOS="592" WIDTH="34" HEIGHT="21" WC="0.93" CONTENT="för"/><SP WIDTH="16" VPOS="592" HPOS="471"/>
							<String ID="string_82" HPOS="487" VPOS="592" WIDTH="82" HEIGHT="22" WC="0.91" CONTENT="afdelta"/><SP WIDTH="23" VPOS="592" HPOS="569"/>
							<String ID="string_83" HPOS="592" VPOS="592" WIDTH="272" HEIGHT="27" WC="0.92" CONTENT="Gränsbevakningskåren"/><SP WIDTH="15" VPOS="592" HPOS="864"/>
							<String ID="string_84" HPOS="879" VPOS="591" WIDTH="97" HEIGHT="22" WC="0.92" CONTENT="hänförts"/>
						</TextLine>
						<TextLine ID="line_15" HPOS="220" VPOS="626" WIDTH="757" HEIGHT="28">
							<String ID="string_85" HPOS="220" VPOS="626" WIDTH="32" HEIGHT="21" WC="0.95" CONTENT="till"/><SP WIDTH="15" VPOS="626" HPOS="252"/>
							<String ID="string_86" HPOS="267" VPOS="626" WIDTH="95" HEIGHT="22" WC="0.95" CONTENT="militära"/><SP WIDTH="23" VPOS="626" HPOS="362"/>
							<String ID="string_87" HPOS="385" VPOS="626" WIDTH="118" HEIGHT="28" WC="0.93" CONTENT="utgifterna"/><SP WIDTH="22" VPOS="626" HPOS="503"/>
							<String ID="string_88" HPOS="525" VPOS="626" WIDTH="188" HEIGHT="28" WC="0.90" CONTENT="hufvudsakligast"/><SP WIDTH="21" VPOS="626" HPOS="713"/>
							<String ID="string_89" HPOS="734" VPOS="627" WIDTH="30" HEIGHT="27" WC="0.96" CONTENT="på"/><SP WIDTH="22" VPOS="627" HPOS="764"/>
							<String ID="string_90" HPOS="786" VPOS="626" WIDTH="39" HEIGHT="22" WC="0.96" CONTENT="den"/><SP WIDTH="24" VPOS="626" HPOS="825"/>
							<String ID="string_91" HPOS="849" VPOS="626" WIDTH="76" HEIGHT="27" WC="0.96" CONTENT="grund,"/><SP WIDTH="20" VPOS="626" HPOS="925"/>
							<String ID="string_92" HPOS="945" VPOS="627" WIDTH="32" HEIGHT="20" WC="0.96" CONTENT="att"/>
						</TextLine>
						<TextLine ID="line_16" HPOS="221" VPOS="661" WIDTH="755" HEIGHT="28">
							<String ID="string_93" HPOS="221" VPOS="661" WIDTH="71" HEIGHT="21" WC="0.96" CONTENT="denna"/><SP WIDTH="22" VPOS="661" HPOS="292"/>
							<String ID="string_94" HPOS="314" VPOS="661" WIDTH="46" HEIGHT="27" WC="0.95" CONTENT="kår,"/><SP WIDTH="24" VPOS="661" HPOS="360"/>
							<String ID="string_95" HPOS="384" VPOS="667" WIDTH="45" HEIGHT="16" WC="0.96" CONTENT="som"/><SP WIDTH="17" VPOS="667" HPOS="429"/>
							<String ID="string_96" HPOS="446" VPOS="661" WIDTH="40" HEIGHT="22" WC="0.96" CONTENT="har"/><SP WIDTH="16" VPOS="661" HPOS="486"/>
							<String ID="string_97" HPOS="502" VPOS="668" WIDTH="25" HEIGHT="15" WC="0.96" CONTENT="en"/><SP WIDTH="16" VPOS="668" HPOS="527"/>
							<String ID="string_98" HPOS="543" VPOS="661" WIDTH="129" HEIGHT="28" WC="0.92" CONTENT="fullkomligt"/><SP WIDTH="23" VPOS="661" HPOS="672"/>
							<String ID="string_99" HPOS="695" VPOS="661" WIDTH="113" HEIGHT="22" WC="0.92" CONTENT="militärisk"/><SP WIDTH="16" VPOS="661" HPOS="808"/>
							<String ID="string_100" HPOS="824" VPOS="661" WIDTH="152" HEIGHT="27" WC="0.96" CONTENT="organisation,"/>
						</TextLine>
						<TextLine ID="line_17" HPOS="220" VPOS="695" WIDTH="758" HEIGHT="28">
							<String ID="string_101" HPOS="220" VPOS="697" WIDTH="66" HEIGHT="25" WC="0.96" CONTENT="utgör"/><SP WIDTH="15" VPOS="697" HPOS="286"/>
							<String ID="string_102" HPOS="301" VPOS="701" WIDTH="26" HEIGHT="16" WC="0.96" CONTENT="en"/><SP WIDTH="17" VPOS="701" HPOS="327"/>
							<String ID="string_103" HPOS="344" VPOS="696" WIDTH="33" HEIGHT="21" WC="0.96" CONTENT="del"/><SP WIDTH="19" VPOS="696" HPOS="377"/>
							<String ID="string_104" HPOS="396" VPOS="695" WIDTH="22" HEIGHT="22" WC="0.93" CONTENT="af"/><SP WIDTH="19" VPOS="695" HPOS="418"/>
							<String ID="string_105" HPOS="437" VPOS="696" WIDTH="173" HEIGHT="27" WC="0.92" CONTENT="Kejsaredömets"/><SP WIDTH="23" VPOS="696" HPOS="610"/>
							<String ID="string_106" HPOS="633" VPOS="696" WIDTH="126" HEIGHT="27" WC="0.95" CONTENT="krigsmakt,"/><SP WIDTH="23" VPOS="696" HPOS="759"/>
							<String ID="string_107" HPOS="782" VPOS="695" WIDTH="154" HEIGHT="28" WC="0.95" CONTENT="kompletteras"/><SP WIDTH="16" VPOS="695" HPOS="936"/>
							<String ID="string_108" HPOS="952" VPOS="701" WIDTH="26" HEIGHT="15" WC="0.96" CONTENT="ur"/>
						</TextLine>
						<TextLine ID="line_18" HPOS="221" VPOS="729" WIDTH="756" HEIGHT="28">
							<String ID="string_109" HPOS="221" VPOS="730" WIDTH="40" HEIGHT="21" WC="0.96" CONTENT="den"/><SP WIDTH="17" VPOS="730" HPOS="261"/>
							<String ID="string_110" HPOS="278" VPOS="729" WIDTH="110" HEIGHT="22" WC="0.93" CONTENT="allmänna"/><SP WIDTH="22" VPOS="729" HPOS="388"/>
							<String ID="string_111" HPOS="410" VPOS="731" WIDTH="230" HEIGHT="26" WC="0.91" CONTENT="rekrytkontingenten"/><SP WIDTH="23" VPOS="731" HPOS="640"/>
							<String ID="string_112" HPOS="663" VPOS="731" WIDTH="57" HEIGHT="21" WC="0.96" CONTENT="samt"/><SP WIDTH="22" VPOS="731" HPOS="720"/>
							<String ID="string_113" HPOS="742" VPOS="730" WIDTH="122" HEIGHT="21" WC="0.96" CONTENT="tillochmed"/><SP WIDTH="14" VPOS="730" HPOS="864"/>
							<String ID="string_114" HPOS="878" VPOS="729" WIDTH="78" HEIGHT="27" WC="0.96" CONTENT="fullgör"/><SP WIDTH="15" VPOS="729" HPOS="956"/>
							<String ID="string_115" HPOS="971" VPOS="729" WIDTH="6" HEIGHT="20" WC="0.96" CONTENT="i"/>
						</TextLine>
						<TextLine ID="line_19" HPOS="220" VPOS="763" WIDTH="757" HEIGHT="29">
							<String ID="string_116" HPOS="220" VPOS="764" WIDTH="92" HEIGHT="21" WC="0.96" CONTENT="fredstid"/><SP WIDTH="22" VPOS="764" HPOS="312"/>
							<String ID="string_117" HPOS="334" VPOS="765" WIDTH="94" HEIGHT="21" WC="0.95" CONTENT="militära"/><SP WIDTH="24" VPOS="765" HPOS="428"/>
							<String ID="string_118" HPOS="452" VPOS="765" WIDTH="127" HEIGHT="27" WC="0.95" CONTENT="åligganden"/><SP WIDTH="24" VPOS="765" HPOS="579"/>
							<String ID="string_119" HPOS="603" VPOS="771" WIDTH="76" HEIGHT="20" WC="0.96" CONTENT="genom"/><SP WIDTH="20" VPOS="771" HPOS="679"/>
							<String ID="string_120" HPOS="699" VPOS="766" WIDTH="33" HEIGHT="20" WC="0.93" CONTENT="att"/><SP WIDTH="15" VPOS="766" HPOS="732"/>
							<String ID="string_121" HPOS="747" VPOS="764" WIDTH="121" HEIGHT="21" WC="0.91" CONTENT="handhafva"/><SP WIDTH="16" VPOS="764" HPOS="868"/>
							<String ID="string_122" HPOS="884" VPOS="764" WIDTH="40" HEIGHT="21" WC="0.93" CONTENT="den"/><SP WIDTH="16" VPOS="764" HPOS="924"/>
							<String ID="string_123" HPOS="940" VPOS="763" WIDTH="37" HEIGHT="21" WC="0.92" CONTENT="all-"/>
						</TextLine>
						<TextLine ID="line_20" HPOS="220" VPOS="797" WIDTH="758" HEIGHT="29">
							<String ID="string_124" HPOS="220" VPOS="801" WIDTH="80" HEIGHT="19" WC="0.55" CONTENT="männä"/><SP WIDTH="22" VPOS="801" HPOS="300"/>
							<String ID="string_125" HPOS="322" VPOS="799" WIDTH="149" HEIGHT="27" WC="0.96" CONTENT="bevakningen"/><SP WIDTH="20" VPOS="799" HPOS="471"/>
							<String ID="string_126" HPOS="491" VPOS="799" WIDTH="23" HEIGHT="22" WC="0.93" CONTENT="af"/><SP WIDTH="16" VPOS="799" HPOS="514"/>
							<String ID="string_127" HPOS="530" VPOS="801" WIDTH="125" HEIGHT="25" WC="0.96" CONTENT="gränserna,"/><SP WIDTH="24" VPOS="801" HPOS="655"/>
							<String ID="string_128" HPOS="679" VPOS="799" WIDTH="86" HEIGHT="27" WC="0.96" CONTENT="deltaga"/><SP WIDTH="15" VPOS="799" HPOS="765"/>
							<String ID="string_129" HPOS="780" VPOS="799" WIDTH="7" HEIGHT="21" WC="0.93" CONTENT="i"/><SP WIDTH="15" VPOS="799" HPOS="787"/>
							<String ID="string_130" HPOS="802" VPOS="800" WIDTH="114" HEIGHT="20" WC="0.96" CONTENT="manövrar"/><SP WIDTH="23" VPOS="800" HPOS="916"/>
							<String ID="string_131" HPOS="939" VPOS="797" WIDTH="39" HEIGHT="22" WC="0.96" CONTENT="och"/>
						</TextLine>
						<TextLine ID="line_21" HPOS="220" VPOS="832" WIDTH="758" HEIGHT="29">
							<String ID="string_132" HPOS="220" VPOS="833" WIDTH="148" HEIGHT="27" WC="0.92" CONTENT="mönstringar"/><SP WIDTH="15" VPOS="833" HPOS="368"/>
							<String ID="string_133" HPOS="383" VPOS="840" WIDTH="19" HEIGHT="15" WC="0.94" CONTENT="o."/><SP WIDTH="16" VPOS="840" HPOS="402"/>
							<String ID="string_134" HPOS="418" VPOS="839" WIDTH="17" HEIGHT="16" WC="0.96" CONTENT="s."/><SP WIDTH="17" VPOS="839" HPOS="435"/>
							<String ID="string_135" HPOS="452" VPOS="840" WIDTH="18" HEIGHT="15" WC="0.95" CONTENT="v."/><SP WIDTH="31" VPOS="840" HPOS="470"/>
							<String ID="string_136" HPOS="501" VPOS="833" WIDTH="39" HEIGHT="22" WC="0.93" CONTENT="Om"/><SP WIDTH="16" VPOS="833" HPOS="540"/>
							<String ID="string_137" HPOS="556" VPOS="834" WIDTH="67" HEIGHT="21" WC="0.90" CONTENT="kären"/><SP WIDTH="21" VPOS="834" HPOS="623"/>
							<String ID="string_138" HPOS="644" VPOS="834" WIDTH="103" HEIGHT="27" WC="0.92" CONTENT="derjemte"/><SP WIDTH="15" VPOS="834" HPOS="747"/>
							<String ID="string_139" HPOS="762" VPOS="833" WIDTH="6" HEIGHT="22" WC="0.93" CONTENT="i"/><SP WIDTH="16" VPOS="833" HPOS="768"/>
							<String ID="string_140" HPOS="784" VPOS="833" WIDTH="90" HEIGHT="21" WC="0.93" CONTENT="fredstid"/><SP WIDTH="18" VPOS="833" HPOS="874"/>
							<String ID="string_141" HPOS="892" VPOS="832" WIDTH="39" HEIGHT="21" WC="0.96" CONTENT="har"/><SP WIDTH="14" VPOS="832" HPOS="931"/>
							<String ID="string_142" HPOS="945" VPOS="832" WIDTH="33" HEIGHT="27" WC="0.96" CONTENT="sig"/>
						</TextLine>
						<TextLine ID="line_22" HPOS="220" VPOS="866" WIDTH="758" HEIGHT="29">
							<String ID="string_143" HPOS="220" VPOS="867" WIDTH="108" HEIGHT="27" WC="0.87" CONTENT="förelagdt"/><SP WIDTH="23" VPOS="867" HPOS="328"/>
							<String ID="string_144" HPOS="351" VPOS="868" WIDTH="60" HEIGHT="20" WC="0.87" CONTENT="äfven"/><SP WIDTH="25" VPOS="868" HPOS="411"/>
							<String ID="string_145" HPOS="436" VPOS="868" WIDTH="68" HEIGHT="21" WC="0.96" CONTENT="andra"/><SP WIDTH="24" VPOS="868" HPOS="504"/>
							<String ID="string_146" HPOS="528" VPOS="868" WIDTH="116" HEIGHT="27" WC="0.96" CONTENT="uppgifter,"/><SP WIDTH="16" VPOS="868" HPOS="644"/>
							<String ID="string_147" HPOS="660" VPOS="868" WIDTH="43" HEIGHT="21" WC="0.96" CONTENT="kan"/><SP WIDTH="24" VPOS="868" HPOS="703"/>
							<String ID="string_148" HPOS="727" VPOS="868" WIDTH="71" HEIGHT="21" WC="0.93" CONTENT="denna"/><SP WIDTH="22" VPOS="868" HPOS="798"/>
							<String ID="string_149" HPOS="820" VPOS="866" WIDTH="158" HEIGHT="27" WC="0.92" CONTENT="omständighet"/>
						</TextLine>
						<TextLine ID="line_23" HPOS="220" VPOS="900" WIDTH="758" HEIGHT="29">
							<String ID="string_150" HPOS="220" VPOS="902" WIDTH="47" HEIGHT="20" WC="0.91" CONTENT="icke"/><SP WIDTH="23" VPOS="902" HPOS="267"/>
							<String ID="string_151" HPOS="290" VPOS="902" WIDTH="104" HEIGHT="21" WC="0.91" CONTENT="tillmätas"/><SP WIDTH="24" VPOS="902" HPOS="394"/>
							<String ID="string_152" HPOS="418" VPOS="902" WIDTH="117" HEIGHT="27" WC="0.91" CONTENT="afgörande"/><SP WIDTH="23" VPOS="902" HPOS="535"/>
							<String ID="string_153" HPOS="558" VPOS="902" WIDTH="109" HEIGHT="26" WC="0.96" CONTENT="betydelse"/><SP WIDTH="23" VPOS="902" HPOS="667"/>
							<String ID="string_154" HPOS="690" VPOS="902" WIDTH="34" HEIGHT="20" WC="0.93" CONTENT="vid"/><SP WIDTH="20" VPOS="902" HPOS="724"/>
							<String ID="string_155" HPOS="744" VPOS="901" WIDTH="127" HEIGHT="27" WC="0.93" CONTENT="pröfningen"/><SP WIDTH="17" VPOS="901" HPOS="871"/>
							<String ID="string_156" HPOS="888" VPOS="900" WIDTH="23" HEIGHT="22" WC="0.93" CONTENT="af"/><SP WIDTH="12" VPOS="900" HPOS="911"/>
							<String ID="string_157" HPOS="923" VPOS="900" WIDTH="55" HEIGHT="21" WC="0.92" CONTENT="före-"/>
						</TextLine>
						<TextLine ID="line_24" HPOS="221" VPOS="934" WIDTH="757" HEIGHT="29">
							<String ID="string_158" HPOS="221" VPOS="936" WIDTH="96" HEIGHT="21" WC="0.95" CONTENT="varande"/><SP WIDTH="22" VPOS="936" HPOS="317"/>
							<String ID="string_159" HPOS="339" VPOS="936" WIDTH="68" HEIGHT="27" WC="0.94" CONTENT="fråga."/><SP WIDTH="35" VPOS="936" HPOS="407"/>
							<String ID="string_160" HPOS="442" VPOS="936" WIDTH="32" HEIGHT="22" WC="0.88" CONTENT="En"/><SP WIDTH="23" VPOS="936" HPOS="474"/>
							<String ID="string_161" HPOS="497" VPOS="936" WIDTH="197" HEIGHT="27" WC="0.96" CONTENT="sammanslagning"/><SP WIDTH="23" VPOS="936" HPOS="694"/>
							<String ID="string_162" HPOS="717" VPOS="936" WIDTH="22" HEIGHT="21" WC="0.91" CONTENT="af"/><SP WIDTH="20" VPOS="936" HPOS="739"/>
							<String ID="string_163" HPOS="759" VPOS="936" WIDTH="69" HEIGHT="26" WC="0.91" CONTENT="krigs-"/><SP WIDTH="23" VPOS="936" HPOS="828"/>
							<String ID="string_164" HPOS="851" VPOS="935" WIDTH="38" HEIGHT="21" WC="0.93" CONTENT="och"/><SP WIDTH="23" VPOS="935" HPOS="889"/>
							<String ID="string_165" HPOS="912" VPOS="934" WIDTH="66" HEIGHT="22" WC="0.92" CONTENT="freds-"/>
						</TextLine>
						<TextLine ID="line_25" HPOS="220" VPOS="969" WIDTH="759" HEIGHT="29">
							<String ID="string_166" HPOS="220" VPOS="970" WIDTH="126" HEIGHT="22" WC="0.93" CONTENT="funktioner"/><SP WIDTH="16" VPOS="970" HPOS="346"/>
							<String ID="string_167" HPOS="362" VPOS="971" WIDTH="107" HEIGHT="21" WC="0.93" CONTENT="utesluter"/><SP WIDTH="15" VPOS="971" HPOS="469"/>
							<String ID="string_168" HPOS="484" VPOS="971" WIDTH="46" HEIGHT="21" WC="0.91" CONTENT="icke"/><SP WIDTH="15" VPOS="971" HPOS="530"/>
							<String ID="string_169" HPOS="545" VPOS="970" WIDTH="188" HEIGHT="28" WC="0.92" CONTENT="nödvändigheten"/><SP WIDTH="16" VPOS="970" HPOS="733"/>
							<String ID="string_170" HPOS="749" VPOS="970" WIDTH="23" HEIGHT="21" WC="0.96" CONTENT="af"/><SP WIDTH="13" VPOS="970" HPOS="772"/>
							<String ID="string_171" HPOS="785" VPOS="971" WIDTH="34" HEIGHT="20" WC="0.96" CONTENT="att"/><SP WIDTH="15" VPOS="971" HPOS="819"/>
							<String ID="string_172" HPOS="834" VPOS="969" WIDTH="145" HEIGHT="22" WC="0.96" CONTENT="kostnaderna"/>
						</TextLine>
						<TextLine ID="line_26" HPOS="220" VPOS="1003" WIDTH="758" HEIGHT="29">
							<String ID="string_173" HPOS="220" VPOS="1004" WIDTH="34" HEIGHT="22" WC="0.93" CONTENT="för"/><SP WIDTH="16" VPOS="1004" HPOS="254"/>
							<String ID="string_174" HPOS="270" VPOS="1004" WIDTH="273" HEIGHT="28" WC="0.89" CONTENT="Gränsbevakningskären"/><SP WIDTH="23" VPOS="1004" HPOS="543"/>
							<String ID="string_175" HPOS="566" VPOS="1007" WIDTH="109" HEIGHT="25" WC="0.89" CONTENT="upptagas"/><SP WIDTH="18" VPOS="1007" HPOS="675"/>
							<String ID="string_176" HPOS="693" VPOS="1004" WIDTH="66" HEIGHT="22" WC="0.92" CONTENT="bland"/><SP WIDTH="16" VPOS="1004" HPOS="759"/>
							<String ID="string_177" HPOS="775" VPOS="1004" WIDTH="93" HEIGHT="21" WC="0.92" CONTENT="militära"/><SP WIDTH="16" VPOS="1004" HPOS="868"/>
							<String ID="string_178" HPOS="884" VPOS="1003" WIDTH="94" HEIGHT="27" WC="0.96" CONTENT="utgifter,"/>
						</TextLine>
						<TextLine ID="line_27" HPOS="221" VPOS="1038" WIDTH="757" HEIGHT="28">
							<String ID="string_179" HPOS="221" VPOS="1039" WIDTH="89" HEIGHT="21" WC="0.92" CONTENT="emedan"/><SP WIDTH="25" VPOS="1039" HPOS="310"/>
							<String ID="string_180" HPOS="335" VPOS="1039" WIDTH="36" HEIGHT="21" WC="0.93" CONTENT="det"/><SP WIDTH="22" VPOS="1039" HPOS="371"/>
							<String ID="string_181" HPOS="393" VPOS="1040" WIDTH="47" HEIGHT="20" WC="0.90" CONTENT="icke"/><SP WIDTH="23" VPOS="1040" HPOS="440"/>
							<String ID="string_182" HPOS="463" VPOS="1039" WIDTH="136" HEIGHT="27" WC="0.90" CONTENT="underligger"/><SP WIDTH="23" VPOS="1039" HPOS="599"/>
							<String ID="string_183" HPOS="622" VPOS="1040" WIDTH="65" HEIGHT="26" WC="0.91" CONTENT="nägot"/><SP WIDTH="24" VPOS="1040" HPOS="687"/>
							<String ID="string_184" HPOS="711" VPOS="1038" WIDTH="71" HEIGHT="22" WC="0.92" CONTENT="tvifvel"/><SP WIDTH="23" VPOS="1038" HPOS="782"/>
							<String ID="string_185" HPOS="805" VPOS="1040" WIDTH="33" HEIGHT="20" WC="0.96" CONTENT="att"/><SP WIDTH="22" VPOS="1040" HPOS="838"/>
							<String ID="string_186" HPOS="860" VPOS="1044" WIDTH="34" HEIGHT="15" WC="0.93" CONTENT="om"/><SP WIDTH="19" VPOS="1044" HPOS="894"/>
							<String ID="string_187" HPOS="913" VPOS="1038" WIDTH="65" HEIGHT="20" WC="0.90" CONTENT="kären"/>
						</TextLine>
						<TextLine ID="line_28" HPOS="221" VPOS="1072" WIDTH="758" HEIGHT="28">
							<String ID="string_188" HPOS="221" VPOS="1073" WIDTH="127" HEIGHT="21" WC="0.92" CONTENT="beröfvades"/><SP WIDTH="16" VPOS="1073" HPOS="348"/>
							<String ID="string_189" HPOS="364" VPOS="1074" WIDTH="48" HEIGHT="21" WC="0.93" CONTENT="dess"/><SP WIDTH="18" VPOS="1074" HPOS="412"/>
							<String ID="string_190" HPOS="430" VPOS="1074" WIDTH="95" HEIGHT="21" WC="0.92" CONTENT="militära"/><SP WIDTH="21" VPOS="1074" HPOS="525"/>
							<String ID="string_191" HPOS="546" VPOS="1074" WIDTH="117" HEIGHT="26" WC="0.96" CONTENT="betydelse,"/><SP WIDTH="19" VPOS="1074" HPOS="663"/>
							<String ID="string_192" HPOS="682" VPOS="1073" WIDTH="83" HEIGHT="21" WC="0.93" CONTENT="antalet"/><SP WIDTH="15" VPOS="1073" HPOS="765"/>
							<String ID="string_193" HPOS="780" VPOS="1072" WIDTH="199" HEIGHT="28" WC="0.92" CONTENT="truppafdelningar"/>
						</TextLine>
						<TextLine ID="line_29" HPOS="220" VPOS="1106" WIDTH="759" HEIGHT="23">
							<String ID="string_194" HPOS="220" VPOS="1107" WIDTH="68" HEIGHT="22" WC="0.96" CONTENT="borde"/><SP WIDTH="16" VPOS="1107" HPOS="288"/>
							<String ID="string_195" HPOS="304" VPOS="1108" WIDTH="33" HEIGHT="21" WC="0.93" CONTENT="för"/><SP WIDTH="16" VPOS="1108" HPOS="337"/>
							<String ID="string_196" HPOS="353" VPOS="1108" WIDTH="149" HEIGHT="21" WC="0.96" CONTENT="bibehållande"/><SP WIDTH="16" VPOS="1108" HPOS="502"/>
							<String ID="string_197" HPOS="518" VPOS="1108" WIDTH="23" HEIGHT="21" WC="0.93" CONTENT="af"/><SP WIDTH="12" VPOS="1108" HPOS="541"/>
							<String ID="string_198" HPOS="553" VPOS="1108" WIDTH="86" HEIGHT="21" WC="0.93" CONTENT="arméns"/><SP WIDTH="18" VPOS="1108" HPOS="639"/>
							<String ID="string_199" HPOS="657" VPOS="1107" WIDTH="115" HEIGHT="22" WC="0.92" CONTENT="faststälda"/><SP WIDTH="16" VPOS="1107" HPOS="772"/>
							<String ID="string_200" HPOS="788" VPOS="1108" WIDTH="100" HEIGHT="20" WC="0.96" CONTENT="numerär"/><SP WIDTH="15" VPOS="1108" HPOS="888"/>
							<String ID="string_201" HPOS="903" VPOS="1106" WIDTH="6" HEIGHT="21" WC="0.93" CONTENT="i"/><SP WIDTH="15" VPOS="1106" HPOS="909"/>
							<String ID="string_202" HPOS="924" VPOS="1108" WIDTH="55" HEIGHT="19" WC="0.93" CONTENT="mot-"/>
						</TextLine>
						<TextLine ID="line_30" HPOS="220" VPOS="1136" WIDTH="760" HEIGHT="30">
							<String ID="string_203" HPOS="220" VPOS="1142" WIDTH="108" HEIGHT="21" WC="0.96" CONTENT="svarande"/><SP WIDTH="16" VPOS="1142" HPOS="328"/>
							<String ID="string_204" HPOS="344" VPOS="1142" WIDTH="50" HEIGHT="21" WC="0.93" CONTENT="män"/><SP WIDTH="16" VPOS="1142" HPOS="394"/>
							<String ID="string_205" HPOS="410" VPOS="1142" WIDTH="59" HEIGHT="22" WC="0.91" CONTENT="ökas."/><SP WIDTH="31" VPOS="1142" HPOS="469"/>
							<String ID="string_206" HPOS="500" VPOS="1136" WIDTH="17" HEIGHT="27" WC="0.92" CONTENT="Ä"/><SP WIDTH="16" VPOS="1136" HPOS="517"/>
							<String ID="string_207" HPOS="533" VPOS="1142" WIDTH="69" HEIGHT="22" WC="0.96" CONTENT="andra"/><SP WIDTH="16" VPOS="1142" HPOS="602"/>
							<String ID="string_208" HPOS="618" VPOS="1142" WIDTH="60" HEIGHT="21" WC="0.96" CONTENT="sidan"/><SP WIDTH="17" VPOS="1142" HPOS="678"/>
							<String ID="string_209" HPOS="695" VPOS="1142" WIDTH="39" HEIGHT="21" WC="0.93" CONTENT="har"/><SP WIDTH="15" VPOS="1142" HPOS="734"/>
							<String ID="string_210" HPOS="749" VPOS="1141" WIDTH="100" HEIGHT="22" WC="0.72" CONTENT="Komiten"/><SP WIDTH="17" VPOS="1141" HPOS="849"/>
							<String ID="string_211" HPOS="866" VPOS="1142" WIDTH="71" HEIGHT="20" WC="0.96" CONTENT="ansett"/><SP WIDTH="11" VPOS="1142" HPOS="937"/>
							<String ID="string_212" HPOS="948" VPOS="1140" WIDTH="32" HEIGHT="26" WC="0.96" CONTENT="sig"/>
						</TextLine>
						<TextLine ID="line_31" HPOS="221" VPOS="1175" WIDTH="759" HEIGHT="28">
							<String ID="string_213" HPOS="221" VPOS="1176" WIDTH="76" HEIGHT="22" WC="0.91" CONTENT="kunna"/><SP WIDTH="23" VPOS="1176" HPOS="297"/>
							<String ID="string_214" HPOS="320" VPOS="1178" WIDTH="82" HEIGHT="25" WC="0.91" CONTENT="antaga"/><SP WIDTH="22" VPOS="1178" HPOS="402"/>
							<String ID="string_215" HPOS="424" VPOS="1176" WIDTH="26" HEIGHT="22" WC="0.93" CONTENT="de"/><SP WIDTH="19" VPOS="1176" HPOS="450"/>
							<String ID="string_216" HPOS="469" VPOS="1176" WIDTH="68" HEIGHT="22" WC="0.92" CONTENT="finske"/><SP WIDTH="15" VPOS="1176" HPOS="537"/>
							<String ID="string_217" HPOS="552" VPOS="1178" WIDTH="215" HEIGHT="25" WC="0.92" CONTENT="representanternes"/><SP WIDTH="16" VPOS="1178" HPOS="767"/>
							<String ID="string_218" HPOS="783" VPOS="1175" WIDTH="80" HEIGHT="27" WC="0.96" CONTENT="förslag"/><SP WIDTH="15" VPOS="1175" HPOS="863"/>
							<String ID="string_219" HPOS="878" VPOS="1181" WIDTH="33" HEIGHT="15" WC="0.93" CONTENT="om"/><SP WIDTH="17" VPOS="1181" HPOS="911"/>
							<String ID="string_220" HPOS="928" VPOS="1175" WIDTH="52" HEIGHT="20" WC="0.92" CONTENT="hän-"/>
						</TextLine>
						<TextLine ID="line_32" HPOS="220" VPOS="1209" WIDTH="760" HEIGHT="29">
							<String ID="string_221" HPOS="220" VPOS="1210" WIDTH="91" HEIGHT="22" WC="0.92" CONTENT="förande"/><SP WIDTH="16" VPOS="1210" HPOS="311"/>
							<String ID="string_222" HPOS="327" VPOS="1210" WIDTH="23" HEIGHT="22" WC="0.93" CONTENT="af"/><SP WIDTH="17" VPOS="1210" HPOS="350"/>
							<String ID="string_223" HPOS="367" VPOS="1210" WIDTH="119" HEIGHT="28" WC="0.92" CONTENT="utgifterna"/><SP WIDTH="18" VPOS="1210" HPOS="486"/>
							<String ID="string_224" HPOS="504" VPOS="1210" WIDTH="33" HEIGHT="21" WC="0.93" CONTENT="för"/><SP WIDTH="14" VPOS="1210" HPOS="537"/>
							<String ID="string_225" HPOS="551" VPOS="1210" WIDTH="147" HEIGHT="22" WC="0.93" CONTENT="lotsväsendet"/><SP WIDTH="16" VPOS="1210" HPOS="698"/>
							<String ID="string_226" HPOS="714" VPOS="1210" WIDTH="31" HEIGHT="21" WC="0.93" CONTENT="till"/><SP WIDTH="16" VPOS="1210" HPOS="745"/>
							<String ID="string_227" HPOS="761" VPOS="1209" WIDTH="219" HEIGHT="22" WC="0.92" CONTENT="Storfurstendömets"/>
						</TextLine>
						<TextLine ID="line_33" HPOS="221" VPOS="1243" WIDTH="759" HEIGHT="29">
							<String ID="string_228" HPOS="221" VPOS="1245" WIDTH="96" HEIGHT="21" WC="0.93" CONTENT="militära"/><SP WIDTH="22" VPOS="1245" HPOS="317"/>
							<String ID="string_229" HPOS="339" VPOS="1244" WIDTH="90" HEIGHT="28" WC="0.95" CONTENT="utgifter"/><SP WIDTH="23" VPOS="1244" HPOS="429"/>
							<String ID="string_230" HPOS="452" VPOS="1245" WIDTH="77" HEIGHT="21" WC="0.95" CONTENT="endast"/><SP WIDTH="21" VPOS="1245" HPOS="529"/>
							<String ID="string_231" HPOS="550" VPOS="1245" WIDTH="70" HEIGHT="21" WC="0.93" CONTENT="under"/><SP WIDTH="21" VPOS="1245" HPOS="620"/>
							<String ID="string_232" HPOS="641" VPOS="1245" WIDTH="69" HEIGHT="21" WC="0.92" CONTENT="vilkor"/><SP WIDTH="23" VPOS="1245" HPOS="710"/>
							<String ID="string_233" HPOS="733" VPOS="1246" WIDTH="34" HEIGHT="19" WC="0.96" CONTENT="att"/><SP WIDTH="18" VPOS="1246" HPOS="767"/>
							<String ID="string_234" HPOS="785" VPOS="1244" WIDTH="147" HEIGHT="21" WC="0.96" CONTENT="kostnaderna"/><SP WIDTH="16" VPOS="1244" HPOS="932"/>
							<String ID="string_235" HPOS="948" VPOS="1243" WIDTH="32" HEIGHT="21" WC="0.96" CONTENT="för"/>
						</TextLine>
						<TextLine ID="line_34" HPOS="221" VPOS="1278" WIDTH="759" HEIGHT="28">
							<String ID="string_236" HPOS="221" VPOS="1278" WIDTH="274" HEIGHT="28" WC="0.92" CONTENT="Gränsbevakningskären"/><SP WIDTH="21" VPOS="1278" HPOS="495"/>
							<String ID="string_237" HPOS="516" VPOS="1280" WIDTH="6" HEIGHT="20" WC="0.95" CONTENT="i"/><SP WIDTH="16" VPOS="1280" HPOS="522"/>
							<String ID="string_238" HPOS="538" VPOS="1279" WIDTH="93" HEIGHT="27" WC="0.93" CONTENT="enlighet"/><SP WIDTH="22" VPOS="1279" HPOS="631"/>
							<String ID="string_239" HPOS="653" VPOS="1278" WIDTH="89" HEIGHT="22" WC="0.93" CONTENT="härmed"/><SP WIDTH="22" VPOS="1278" HPOS="742"/>
							<String ID="string_240" HPOS="764" VPOS="1278" WIDTH="131" HEIGHT="21" WC="0.92" CONTENT="inberäknas"/><SP WIDTH="22" VPOS="1278" HPOS="895"/>
							<String ID="string_241" HPOS="917" VPOS="1278" WIDTH="6" HEIGHT="20" WC="0.93" CONTENT="i"/><SP WIDTH="23" VPOS="1278" HPOS="923"/>
							<String ID="string_242" HPOS="946" VPOS="1279" WIDTH="34" HEIGHT="19" WC="0.76" CONTENT="ut-"/>
						</TextLine>
						<TextLine ID="line_35" HPOS="220" VPOS="1312" WIDTH="760" HEIGHT="29">
							<String ID="string_243" HPOS="220" VPOS="1312" WIDTH="95" HEIGHT="27" WC="0.93" CONTENT="gifterna"/><SP WIDTH="15" VPOS="1312" HPOS="315"/>
							<String ID="string_244" HPOS="330" VPOS="1313" WIDTH="34" HEIGHT="21" WC="0.93" CONTENT="för"/><SP WIDTH="14" VPOS="1313" HPOS="364"/>
							<String ID="string_245" HPOS="378" VPOS="1313" WIDTH="175" HEIGHT="28" WC="0.91" CONTENT="Kejsaredömets"/><SP WIDTH="22" VPOS="1313" HPOS="553"/>
							<String ID="string_246" HPOS="575" VPOS="1314" WIDTH="90" HEIGHT="20" WC="0.92" CONTENT="försvar."/><SP WIDTH="31" VPOS="1314" HPOS="665"/>
							<String ID="string_247" HPOS="696" VPOS="1313" WIDTH="32" HEIGHT="20" WC="0.93" CONTENT="De"/><SP WIDTH="18" VPOS="1313" HPOS="728"/>
							<String ID="string_248" HPOS="746" VPOS="1312" WIDTH="68" HEIGHT="21" WC="0.93" CONTENT="finske"/><SP WIDTH="16" VPOS="1312" HPOS="814"/>
							<String ID="string_249" HPOS="830" VPOS="1313" WIDTH="150" HEIGHT="26" WC="0.91" CONTENT="representan-"/>
						</TextLine>
						<TextLine ID="line_36" HPOS="221" VPOS="1345" WIDTH="759" HEIGHT="29">
							<String ID="string_250" HPOS="221" VPOS="1349" WIDTH="62" HEIGHT="20" WC="0.92" CONTENT="terne"/><SP WIDTH="24" VPOS="1349" HPOS="283"/>
							<String ID="string_251" HPOS="307" VPOS="1347" WIDTH="64" HEIGHT="22" WC="0.87" CONTENT="hafva"/><SP WIDTH="22" VPOS="1347" HPOS="371"/>
							<String ID="string_252" HPOS="393" VPOS="1347" WIDTH="34" HEIGHT="22" WC="0.93" CONTENT="väl"/><SP WIDTH="24" VPOS="1347" HPOS="427"/>
							<String ID="string_253" HPOS="451" VPOS="1347" WIDTH="117" HEIGHT="22" WC="0.90" CONTENT="framhällit"/><SP WIDTH="23" VPOS="1347" HPOS="568"/>
							<String ID="string_254" HPOS="591" VPOS="1349" WIDTH="34" HEIGHT="20" WC="0.96" CONTENT="att"/><SP WIDTH="15" VPOS="1349" HPOS="625"/>
							<String ID="string_255" HPOS="640" VPOS="1347" WIDTH="25" HEIGHT="22" WC="0.93" CONTENT="de"/><SP WIDTH="17" VPOS="1347" HPOS="665"/>
							<String ID="string_256" HPOS="682" VPOS="1347" WIDTH="81" HEIGHT="27" WC="0.93" CONTENT="anslag,"/><SP WIDTH="23" VPOS="1347" HPOS="763"/>
							<String ID="string_257" HPOS="786" VPOS="1353" WIDTH="46" HEIGHT="15" WC="0.96" CONTENT="som"/><SP WIDTH="16" VPOS="1353" HPOS="832"/>
							<String ID="string_258" HPOS="848" VPOS="1345" WIDTH="32" HEIGHT="22" WC="0.95" CONTENT="till"/><SP WIDTH="16" VPOS="1345" HPOS="880"/>
							<String ID="string_259" HPOS="896" VPOS="1346" WIDTH="32" HEIGHT="21" WC="0.93" CONTENT="sin"/><SP WIDTH="16" VPOS="1346" HPOS="928"/>
							<String ID="string_260" HPOS="944" VPOS="1345" WIDTH="36" HEIGHT="21" WC="0.92" CONTENT="be-"/>
						</TextLine>
						<TextLine ID="line_37" HPOS="220" VPOS="1379" WIDTH="761" HEIGHT="30">
							<String ID="string_261" HPOS="220" VPOS="1381" WIDTH="124" HEIGHT="22" WC="0.93" CONTENT="stämmelse"/><SP WIDTH="23" VPOS="1381" HPOS="344"/>
							<String ID="string_262" HPOS="367" VPOS="1383" WIDTH="110" HEIGHT="21" WC="0.93" CONTENT="motsvara"/><SP WIDTH="23" VPOS="1383" HPOS="477"/>
							<String ID="string_263" HPOS="500" VPOS="1381" WIDTH="119" HEIGHT="28" WC="0.93" CONTENT="utgifterna"/><SP WIDTH="15" VPOS="1381" HPOS="619"/>
							<String ID="string_264" HPOS="634" VPOS="1381" WIDTH="33" HEIGHT="22" WC="0.93" CONTENT="för"/><SP WIDTH="15" VPOS="1381" HPOS="667"/>
							<String ID="string_265" HPOS="682" VPOS="1381" WIDTH="152" HEIGHT="26" WC="0.93" CONTENT="lotsväsendet,"/><SP WIDTH="16" VPOS="1381" HPOS="834"/>
							<String ID="string_266" HPOS="850" VPOS="1381" WIDTH="109" HEIGHT="26" WC="0.92" CONTENT="upptagas"/><SP WIDTH="16" VPOS="1381" HPOS="959"/>
							<String ID="string_267" HPOS="975" VPOS="1379" WIDTH="6" HEIGHT="21" WC="0.96" CONTENT="i"/>
						</TextLine>
						<TextLine ID="line_38" HPOS="220" VPOS="1414" WIDTH="761" HEIGHT="29">
							<String ID="string_268" HPOS="220" VPOS="1416" WIDTH="190" HEIGHT="22" WC="0.84" CONTENT="Marinministerii"/><SP WIDTH="16" VPOS="1416" HPOS="410"/>
							<String ID="string_269" HPOS="426" VPOS="1418" WIDTH="76" HEIGHT="25" WC="0.96" CONTENT="stater,"/><SP WIDTH="17" VPOS="1418" HPOS="502"/>
							<String ID="string_270" HPOS="519" VPOS="1423" WIDTH="48" HEIGHT="15" WC="0.96" CONTENT="men"/><SP WIDTH="16" VPOS="1423" HPOS="567"/>
							<String ID="string_271" HPOS="583" VPOS="1417" WIDTH="71" HEIGHT="21" WC="0.93" CONTENT="denna"/><SP WIDTH="14" VPOS="1417" HPOS="654"/>
							<String ID="string_272" HPOS="668" VPOS="1415" WIDTH="156" HEIGHT="27" WC="0.95" CONTENT="motsvarighet"/><SP WIDTH="15" VPOS="1415" HPOS="824"/>
							<String ID="string_273" HPOS="839" VPOS="1416" WIDTH="24" HEIGHT="20" WC="0.96" CONTENT="är"/><SP WIDTH="15" VPOS="1416" HPOS="863"/>
							<String ID="string_274" HPOS="878" VPOS="1415" WIDTH="28" HEIGHT="27" WC="0.93" CONTENT="pä"/><SP WIDTH="15" VPOS="1415" HPOS="906"/>
							<String ID="string_275" HPOS="921" VPOS="1414" WIDTH="60" HEIGHT="27" WC="0.96" CONTENT="långt"/>
						</TextLine>
						<TextLine ID="line_39" HPOS="222" VPOS="1450" WIDTH="759" HEIGHT="28">
							<String ID="string_276" HPOS="222" VPOS="1452" WIDTH="40" HEIGHT="19" WC="0.93" CONTENT="när"/><SP WIDTH="16" VPOS="1452" HPOS="262"/>
							<String ID="string_277" HPOS="278" VPOS="1451" WIDTH="47" HEIGHT="21" WC="0.92" CONTENT="icke"/><SP WIDTH="23" VPOS="1451" HPOS="325"/>
							<String ID="string_278" HPOS="348" VPOS="1450" WIDTH="127" HEIGHT="28" WC="0.96" CONTENT="fullständig"/><SP WIDTH="16" VPOS="1450" HPOS="475"/>
							<String ID="string_279" HPOS="491" VPOS="1451" WIDTH="38" HEIGHT="21" WC="0.96" CONTENT="och"/><SP WIDTH="16" VPOS="1451" HPOS="529"/>
							<String ID="string_280" HPOS="545" VPOS="1452" WIDTH="109" HEIGHT="20" WC="0.93" CONTENT="dessutom"/><SP WIDTH="23" VPOS="1452" HPOS="654"/>
							<String ID="string_281" HPOS="677" VPOS="1450" WIDTH="79" HEIGHT="22" WC="0.89" CONTENT="anlitas"/><SP WIDTH="19" VPOS="1450" HPOS="756"/>
							<String ID="string_282" HPOS="775" VPOS="1450" WIDTH="26" HEIGHT="21" WC="0.96" CONTENT="de"/><SP WIDTH="15" VPOS="1450" HPOS="801"/>
							<String ID="string_283" HPOS="816" VPOS="1450" WIDTH="33" HEIGHT="21" WC="0.93" CONTENT="för"/><SP WIDTH="15" VPOS="1450" HPOS="849"/>
							<String ID="string_284" HPOS="864" VPOS="1450" WIDTH="117" HEIGHT="20" WC="0.92" CONTENT="lotsverket"/>
						</TextLine>
					</TextBlock>
				</ComposedBlock>
			</PrintSpace>
		</Page>
	</Layout>
</alto>
