1114 1775
832 140 12 20 5

184 208 104 21 Flertalet
311 208 119 21 ledamöter
445 208 6 20 i
467 207 108 27 Komitén,
594 213 45 15 som
659 207 65 21 alltså
738 208 72 20 funnit
825 207 49 21 Fin-

117 243 63 21 lands
196 242 125 22 nuvarande
337 242 104 27 ställning
455 242 128 27 fullkomligt
599 242 105 27 medgifva
719 248 26 15 en
756 242 119 28 utjemning

117 277 22 22 af
154 277 40 21 den
211 276 124 28 personliga
350 276 217 27 värnepligtstungan
583 277 6 21 i
605 276 74 22 landet
697 276 33 22 till
744 276 68 22 likhet
827 276 48 21 med

115 318 83 15 samma
221 313 68 25 tunga
308 311 6 21 i
333 310 171 28 Kejsaredömet,
527 316 64 16 anser
613 310 123 28 billigheten
751 310 76 22 kräfva
842 312 34 19 att

116 346 94 21 berörda
233 347 67 25 tunga
320 346 62 26 göres
405 344 45 22 lika
465 344 69 22 under
549 345 170 26 tioårsperioden
735 344 92 22 sålunda
843 345 33 20 att

117 380 22 22 af
161 380 40 21 den
224 379 72 22 finska
318 378 151 28 befolkningen
493 380 86 26 uttages
602 379 99 27 rekryter
723 378 54 22 efter
794 384 82 16 samma

117 416 160 26 procentnorm,
298 420 44 15 som
363 414 98 20 kommer
475 415 34 19 att
524 413 57 27 gälla
595 414 7 20 i
617 413 169 27 Kejsaredömet,
803 412 73 22 dervid

118 449 145 21 öfverskottet
286 448 23 21 af
330 448 98 27 rekryter
444 448 85 21 utöfver
545 448 40 21 den
601 448 126 21 nuvarande
741 447 71 22 finska
827 453 49 15 nor-

119 490 55 19 men,
192 489 45 15 som
254 482 108 22 erfordras
377 482 33 21 för
426 482 26 21 de
469 482 106 27 egentliga
589 482 70 21 finska
674 484 132 25 truppernas
817 482 59 21 kom-

118 518 124 26 plettering,
258 517 55 21 skall
328 516 93 22 fördelas
437 517 13 20 å
467 516 68 28 öfriga
550 517 6 21 i
567 516 92 22 Finland
674 516 51 22 eller
741 516 71 22 dertill
827 518 49 19 när-

118 554 57 19 mast
193 552 91 26 belägna
300 553 154 25 guvernement
470 551 22 21 af
505 551 171 27 Petersburgska
687 550 190 22 militärdistriktet

119 586 101 27 förlagda
235 586 65 27 ryska
315 585 208 28 truppafdelningar.

186 621 11 21 I
218 621 92 26 enligbet
329 621 89 20 härmed
437 620 40 21 har
495 620 99 22 Komitén
609 620 72 21 funnit
696 620 75 27 nödigt
787 621 33 20 att
836 622 40 19 art.

121 657 10 20 7
148 656 7 21 i
171 656 36 21 det
223 655 32 22 till
271 655 79 21 urtima
365 655 144 26 landtdagens
525 654 132 27 granskning
668 654 157 21 öfverlemnade
835 653 43 22 för-

120 690 69 27 slaget
212 690 32 21 till
269 689 167 27 värnepligtslag
459 689 33 21 för
514 689 91 21 Finland
625 689 78 21 ändras
719 689 39 21 och
773 688 105 27 komplet-

120 726 60 20 teras
196 724 48 22 med
261 731 25 14 en
303 724 149 27 anmärkning,
469 723 66 27 enligt
549 723 93 27 följande
657 723 89 26 lydelse:

191 771 45 20 Art.
253 772 20 19 7.
304 771 89 20 Antalet
414 770 114 27 manskap,
547 777 44 14 som
610 769 113 26 erfordras
734 769 42 27 för
790 768 89 28 uppbåd

123 806 35 20 till
173 805 131 28 krigstjenst,
322 805 124 20 bestämmes
462 805 90 27 årligen,
562 804 110 27 samtidigt
681 803 49 21 med
735 803 144 27 fastställan-

122 839 35 21 det
176 840 28 27 af
218 840 83 20 antalet
316 839 105 27 manskap
434 839 43 27 för
495 839 48 20 hela
559 839 84 20 arméns
658 838 169 27 komplettering,
844 844 35 13 en-

121 874 39 28 ligt
180 873 192 29 Krigsministerns
391 873 114 21 allmänna
519 873 89 27 förslag
619 872 111 28 angående
740 872 58 21 detta
809 871 69 27 behof.

123 908 74 28 Sagda
208 908 92 28 förslag
315 908 126 27 stadfästes,
456 909 33 26 på
504 908 193 27 Krigsministerns
702 906 177 28 framställning,

121 944 8 20 i
145 943 41 21 den
200 943 42 27 för
267 943 166 27 lagstiftningen
452 943 33 27 på
509 943 58 20 detta
590 942 86 21 område
695 942 8 19 i
716 940 164 28 Kejsaredömet

120 978 106 28 gällande
245 978 93 27 ordning
353 978 37 20 och
410 977 111 21 meddelas
538 976 146 28 Dirigerande
700 975 92 21 Senaten
805 982 75 20 genom

123 1012 75 27 Nådig
217 1012 64 21 Ukas.

196 1046 42 20 Vid
256 1046 149 27 uppgörandet
423 1045 30 27 af
461 1046 92 27 förslag
568 1045 110 27 angående
694 1044 25 20 de
729 1044 76 27 finska
820 1046 60 24 trup-

120 1087 82 21 pernas
218 1080 72 28 årliga
305 1080 162 28 komplettering
483 1086 47 21 eger
545 1079 181 27 Krigsministern
737 1080 49 26 taga
797 1078 84 27 hänsyn

123 1115 35 20 till
177 1114 25 20 de
218 1114 59 27 från
294 1114 227 27 Generalguvernören
537 1114 38 20 och
590 1112 216 22 Kommenderanden
822 1114 59 25 trup-

122 1155 72 21 perna
210 1149 7 19 i
233 1148 57 21 detta
306 1148 102 26 afseende
423 1148 104 20 inkomna
543 1148 117 27 uppgifter.

262 1194 157 27 Anmärkning.
460 1194 35 21 De
525 1194 56 27 efter
606 1194 25 20 de
651 1193 76 27 finska
751 1195 131 25 truppernas

194 1228 162 28 komplettering
367 1228 128 27 kvarblifna
505 1227 96 28 rekryter
608 1228 107 20 anställas
721 1234 75 21 genom
804 1226 79 27 Krigs-

194 1263 125 20 ministerns
341 1263 79 27 åtgärd
435 1263 8 20 i
458 1263 66 27 tjenst
547 1263 34 20 vid
604 1263 25 20 de
647 1262 65 27 ryska
727 1264 97 25 trupper,
839 1267 44 14 som

193 1299 38 19 äro
243 1297 109 28 förlagda
367 1298 8 20 i
391 1297 102 21 Finland
507 1298 52 20 eller
573 1297 9 20 i
597 1297 74 20 dertill
685 1298 97 19 närmast
793 1295 91 28 belägna

192 1335 148 24 guvernement
356 1332 30 27 af
397 1331 172 28 Petersburgska
583 1326 197 26 militärdistriktet.

193 1377 113 22 Komiténs
329 1377 156 21 ofvananförda
507 1377 72 21 beslut
602 1376 129 21 omfattades
753 1376 46 21 icke
822 1375 22 21 af
858 1375 26 21 de

124 1412 70 21 finske
218 1413 211 25 representanterne,
453 1411 73 21 hvilka
541 1411 7 20 i
563 1410 93 22 särskild
671 1409 133 22 reservation
820 1409 64 28 (Bila-

126 1453 42 20 gan
184 1445 40 22 N:o
240 1447 22 23 2)
278 1445 122 22 framhöllo:

897 1375 58 18 Finske
967 1378 57 18 repre-

903 1404 116 17 sentanternes

909 1431 108 19 reservation.
