1111 1759
247 122 26 20 24

217 189 52 21 eller
285 189 111 28 uthängda
410 191 8 21 i
433 190 204 22 distriktsnämdens
654 190 147 26 embetslokal,
817 190 117 27 hvarjemte
944 190 31 21 af-

217 223 64 22 skrift
304 224 23 21 af
347 224 47 21 dem
412 224 33 22 för
461 231 82 15 samma
558 224 100 22 ändamål
674 224 137 22 öfversändes
826 224 33 22 till
874 224 102 22 Kommu-

219 258 162 28 nalnämderna,
403 259 109 21 rådhusen
535 259 51 21 eller
601 259 69 21 andra
684 258 74 22 härför
773 259 103 21 anvisade
891 259 84 26 ställen,

218 293 40 21 och
280 292 61 22 skola
356 293 26 22 de
397 294 110 21 dessutom
522 294 37 20 två
574 294 108 26 söndagar
698 294 12 20 å
726 294 39 21 rad
780 294 110 26 kungöras
905 294 7 20 i
927 294 49 27 kyr-

218 327 76 21 korna.
317 327 249 22 Kommunalnämderna
581 328 61 22 skola
657 328 117 22 återsända
789 328 93 21 berörda
893 328 83 22 afskrif-

219 364 34 18 ter
266 362 67 26 jemte
346 362 26 22 de
382 362 149 28 anmälningar
542 362 39 22 och
591 362 175 27 anmärkningar,
777 368 47 16 som
834 362 142 26 tilläfventyrs

219 396 85 21 kunnat
326 396 73 28 inlöpa
422 399 58 20 emot
502 397 124 27 längderna,
650 397 33 21 till
698 397 219 21 distriktsnämderna
931 396 46 21 före

220 430 41 22 den
279 432 8 19 1
306 431 46 27 (13)
367 431 50 28 Maj.

290 491 50 18 Art.
357 490 39 19 78.
427 489 75 21 Under
517 489 107 27 förloppet
640 489 24 21 af
677 490 41 20 den
734 489 7 21 i
756 489 129 27 föregående
901 488 77 22 artikel

221 522 106 28 stadgade
349 523 31 21 tid
403 523 23 21 af
446 524 37 21 två
504 524 78 21 veckor
605 526 25 19 är
653 524 81 21 enhvar
747 523 128 22 förbehållet
891 525 34 19 att
939 523 39 21 hos

222 557 134 21 kommunal-
373 558 38 21 och
431 558 192 22 distriktsnämden
639 558 86 22 anmäla
740 564 35 15 om
789 558 76 21 luckor
880 558 51 21 eller
940 557 38 22 fel-

223 592 121 27 aktigheter
362 592 7 21 i
388 593 224 27 uppbädslängderna.
650 593 112 26 Anmälan,
786 599 47 15 som
855 594 62 26 göres
940 592 38 22 hos

221 626 199 28 distriktsnämden,
436 628 40 21 bör
490 628 81 22 införas
587 628 7 21 i
609 634 26 16 en
650 628 93 22 särskild
754 628 43 21 bok
808 629 56 20 samt
874 628 105 26 granskas

223 661 48 21 med
293 661 87 27 ledning
399 662 22 21 af
434 662 129 28 förefintliga
577 662 136 28 handlingar,
729 668 76 22 genom
821 662 159 27 förfrågningar

223 695 52 22 eller
289 696 29 26 på
333 699 67 18 annat
416 698 50 25 sätt,
482 697 108 21 hvarefter
601 697 25 21 de
637 698 7 20 i
654 697 119 27 längderna
783 696 131 28 uppdagade
924 696 56 22 felen

222 730 61 22 skola
298 733 76 19 rättas.

293 785 51 19 Art.
355 786 41 18 79.
419 783 38 27 De,
469 784 72 21 hvilka
550 784 128 22 försummat
689 784 41 21 den
741 784 6 20 i
761 786 40 18 art.
814 784 26 20 78
852 782 128 22 föreskrifna

223 817 85 27 termin,
326 818 35 21 må
375 818 85 22 anmäla
472 824 34 15 om
516 818 150 27 felaktigheter
676 818 7 21 i
693 818 120 27 längderna
822 818 39 20 hos
873 818 107 21 distrikts-

224 852 118 21 nämderna
364 852 56 22 blott
434 854 7 20 i
458 853 36 21 det
516 853 42 26 fall,
583 855 32 19 att
636 854 25 21 de
676 854 75 20 kunna
765 853 69 21 förete
849 852 58 21 bevis
923 852 59 21 öfver

225 888 34 20 att
280 887 162 22 försummelsen
465 888 118 22 föranledts
599 888 23 22 af
635 888 93 22 särskild
743 888 40 21 och
798 887 97 27 laggiltig
911 887 69 21 orsak.

223 921 130 28 Pröfningen
369 922 63 22 häraf
445 923 128 21 tillkommer
589 922 160 22 vederbörande
765 922 71 21 nämd.

494 1037 70 12 TREDJE
577 1036 135 12 AFDELNINGEN,.

283 1094 36 18 Om
332 1095 129 22 öfverföring
473 1094 47 18 från
532 1096 31 16 ett
574 1094 177 22 uppbådsområde
764 1094 32 17 till
809 1095 31 16 ett
852 1094 71 16 annat.

296 1160 51 18 Art.
363 1160 44 18 80.
430 1158 79 28 Hvarje
524 1158 143 27 värnepligtig
683 1160 51 24 äger
749 1158 46 20 rätt
811 1158 33 20 att
855 1156 86 21 inställa
952 1156 32 26 sig

227 1192 32 21 till
282 1192 88 27 uppbåd
394 1193 102 27 antingen
512 1192 6 22 i
534 1193 37 21 det
593 1192 93 26 område,
707 1192 39 21 där
761 1191 44 21 han
821 1193 24 19 är
860 1189 124 27 inskrifven,

227 1226 52 22 eller
294 1226 39 22 där
348 1227 42 21 han
408 1226 50 22 eller
473 1227 53 21 hans
542 1227 106 21 föräldrar
663 1226 80 22 besitta
758 1225 103 27 fastighet
877 1224 50 22 eller
938 1224 47 21 haft

227 1261 33 21 sin
282 1261 79 21 bostad
384 1262 69 20 under
471 1262 63 20 minst
552 1263 34 19 tre
601 1261 103 21 månader
718 1260 45 21 före
779 1260 42 21 den
837 1259 48 27 dag,
901 1259 27 21 då
944 1258 41 22 den

227 1295 157 27 värnepligtige
404 1296 82 21 anmält
501 1302 33 15 om
550 1296 57 21 valet
622 1295 23 21 af
658 1294 189 28 uppbådsområde
862 1293 33 21 för
910 1292 76 22 instäl-

227 1330 52 21 lelse
295 1330 35 21 vid
346 1330 92 21 skeende
454 1330 93 27 uppbåd.
579 1330 55 28 (Art.
650 1330 44 26 81).

297 1382 49 16 Anm.
370 1382 40 18 Den
427 1382 6 17 i
450 1382 119 18 förevarande
586 1381 68 18 artikel
672 1381 40 23 (80)
724 1380 94 22 medgifna
830 1378 114 23 rättigheten
955 1378 31 17 till

227 1410 114 23 öfverföring
353 1410 41 18 från
406 1413 28 15 ett
445 1410 157 24 uppbådsområde
615 1410 28 18 till
655 1412 28 16 ett
695 1411 56 17 annat
765 1408 104 19 utsträckes
882 1408 17 22 ej
908 1407 29 17 till
946 1412 40 18 per-

228 1443 60 18 soner,
299 1439 64 19 hvilka
375 1440 75 18 erhållit
462 1439 81 23 uppskof
554 1440 29 16 till
595 1439 55 23 något
662 1438 82 24 följande
757 1437 80 23 uppbåd.
