1114 1739
266 120 13 21 8

237 188 100 27 gällande
359 188 173 28 bestämningar;
556 189 26 21 de
598 189 48 21 åter
660 189 67 21 bland
743 190 55 26 dem,
814 189 71 22 hvilka
900 189 96 23 befinnas

237 229 54 15 vara
305 222 7 22 i
327 222 66 22 behof
407 222 23 22 af
442 223 81 21 andras
540 223 139 27 omvårdnad,
696 230 40 20 ega
750 225 46 20 rätt
812 224 32 21 till
859 223 137 29 försörjning.

237 257 113 27 Rättighet
366 257 32 21 till
414 258 94 21 nämnda
523 258 121 22 understöd
660 258 39 21 och
713 258 132 28 försörjning
857 258 139 22 tillerkännes

234 291 80 28 jemväl
332 291 128 23 underbefäl
475 292 39 21 och
529 292 113 27 manskap,
658 298 46 16 som
719 292 69 22 blifvit
804 292 32 22 till
852 292 73 22 arbete
941 292 55 22 oför-

237 328 74 26 möget
333 326 55 22 efter
410 326 158 28 öfverföringen
588 327 31 21 till
636 333 106 21 reserven,
758 328 8 21 i
780 327 52 28 följd
848 328 23 21 af
883 328 113 27 blessyrer,

237 361 127 28 kroppslyte
387 362 51 22 eller
461 362 104 28 sjukdom,
589 369 46 15 som
658 362 96 28 ådragits
770 363 69 21 under
855 363 59 21 aktiv
928 363 68 27 krigs-

237 396 74 27 tjenst,
335 396 109 22 äfvensom
463 399 115 20 värnemän
595 396 23 22 af
631 397 60 21 såväl
706 397 69 21 första
792 403 45 15 som
853 397 68 21 andra
935 397 61 21 kate-

237 431 107 27 gorierna,
367 431 72 21 hvilka
463 432 69 21 under
554 432 140 27 tjenstetiden
717 431 68 21 blifvit
804 431 32 21 till
852 431 73 22 arbete
940 430 56 22 oför-

237 467 78 25 mögne
330 465 7 21 i
352 465 53 28 följd
420 466 23 21 af
456 466 107 27 blessyrer
578 466 52 21 eller
645 466 158 27 kroppsskada.

307 520 51 18 Art.
382 520 41 18 28.
454 518 99 27 Familjer
576 517 54 22 efter
652 518 117 26 krigsmän,
793 524 45 15 som
854 519 76 25 stupat
946 517 50 22 eller

237 551 124 22 försvunnit
376 552 7 21 i
398 552 54 28 krig,
476 552 51 22 eller
550 552 48 21 dött
621 552 32 22 till
668 552 52 27 följd
736 552 22 22 af
771 552 113 27 blessyrer,
901 552 95 21 erhållna

237 586 7 21 i
260 586 61 26 strid,
338 586 103 28 försörjas
457 587 29 27 på
501 588 45 20 sätt
562 593 33 15 om
612 587 47 21 dem
675 586 103 22 särskildt
794 588 24 20 är
834 586 108 28 stadgadt.

307 641 51 18 Art.
379 641 42 18 29.
452 639 34 21 Då
505 639 125 21 underbefäl
646 639 52 21 eller
712 639 105 27 manskap
833 639 88 27 uttågat
935 638 7 21 i
957 638 39 22 fält

238 672 51 22 eller
304 675 123 19 reservmän
444 673 50 22 eller
509 675 117 19 värnemän
643 673 68 21 under
726 673 92 27 krigstid
829 672 101 22 inkallats
941 673 7 21 i
959 673 37 21 ak-

237 707 32 21 tiv
291 707 73 27 tjenst,
387 707 103 28 försörjas
513 708 63 21 deras
591 707 91 28 familjer
698 707 22 22 af
734 708 70 21 stads-
820 707 38 21 och
873 707 123 21 landskom-

237 748 83 20 muner,
345 741 66 28 enligt
433 741 79 22 härhos
531 742 99 27 bifogade
645 742 107 21 särskilda
767 742 167 27 bestämningar.
964 742 32 20 De

237 776 134 27 kommuner,
387 776 73 21 hvilka
474 777 46 21 icke
536 777 74 21 mäkta
625 777 48 21 med
686 783 54 21 egna
750 777 70 21 medel
830 777 58 26 sörja
898 776 33 22 för
942 776 54 21 slika

237 811 193 27 hjelpbehöfvande
452 811 96 28 familjer,
569 811 81 22 erhålla
670 811 22 22 af
706 812 84 21 kronan
807 811 134 27 erforderligt
957 817 39 15 un-

238 845 95 22 derstöd.

498 955 85 21 FEMTE
599 955 136 21 KAPITLET.

311 1023 35 21 Om
362 1023 104 27 befrielse,
483 1024 86 26 uppskof
584 1024 38 21 och
639 1023 115 27 eftergifter
770 1023 5 21 i
792 1023 98 21 afseende
907 1023 12 21 å

462 1058 120 27 utgörandet
598 1059 21 20 af
634 1058 146 27 värnepligten.

508 1140 70 15 FÖRSTA
589 1143 136 12 AFDELNINGEN.

296 1194 36 18 Om
344 1195 99 18 befrielse
456 1196 38 17 och
506 1196 92 21 uppskof
608 1197 6 16 i
626 1196 53 21 följd
691 1196 23 17 af
724 1195 122 22 kroppsliga
857 1195 82 17 brister.

307 1260 51 19 Art.
375 1261 45 18 30.
450 1258 30 21 Af
494 1259 25 20 de
534 1265 110 20 personer,
660 1259 72 20 hvilka
746 1259 30 26 pä
791 1258 70 27 grund
872 1257 24 22 af
904 1258 94 27 lottning

237 1292 55 21 böra
313 1292 89 21 inträda
417 1293 7 20 i
440 1293 66 27 tjenst
528 1294 50 27 (art.
602 1294 30 26 8),
648 1293 96 22 frikallas
759 1293 49 21 frän
825 1293 123 20 densamma
964 1292 32 26 de,

238 1333 47 15 som
300 1327 7 20 i
322 1326 52 28 följd
390 1327 23 21 af
426 1327 126 28 kroppsliga
566 1327 80 22 brister
662 1328 51 21 eller
728 1327 93 28 sjukliga
836 1327 109 26 störingar
960 1328 37 20 äro

237 1361 131 27 fullkomligt
392 1361 124 28 oförmögna
539 1362 32 21 till
594 1363 138 26 krigstjenst;
748 1362 96 21 härifrån
860 1361 137 27 undantagas

237 1395 66 22 likväl
314 1395 32 28 de,
358 1396 72 22 hvilka
441 1397 137 27 uppsåtligen
589 1397 109 21 lemlästat
709 1397 32 27 sig
752 1397 52 28 (art.
815 1397 51 26 272)
878 1396 39 22 och
926 1395 72 22 hvilka

237 1430 7 21 i
261 1430 42 22 alla
318 1430 37 22 fall
371 1431 62 21 skola
448 1432 104 21 anställas
567 1432 35 21 vid
618 1434 128 25 trupperna.
