1109 1764
791 155 30 21 T7

166 224 47 21 Art.
235 225 36 20 88.
294 219 10 37 —
308 223 137 22 Artiklarne
464 224 32 21 88
516 223 44 22 och
579 224 32 20 89
631 223 70 22 hafva
715 224 50 21 icke
779 224 79 28 någon

97 257 169 29 motsvarighet
289 258 8 20 i
321 265 32 14 nu
371 258 110 28 gällande
499 258 76 21 finska
594 258 192 28 värnepligtslag,
805 266 53 14 men

98 292 42 22 har
162 292 113 22 Komitön
297 294 78 19 ansett
393 292 52 21 dem
463 292 58 22 böra
538 292 57 28 ingå
614 292 8 22 i
640 292 112 29 förslaget
770 292 38 22 till
825 300 34 20 ny

97 326 186 30 värnepligtslag
305 326 37 22 för
369 326 108 28 Finland,
506 326 98 22 emedan
629 326 28 22 de
675 329 84 26 utgöra
778 335 29 13 en
825 326 33 22 lo-

98 362 52 27 gisk
177 361 58 28 följd
263 361 23 21 af
313 360 28 22 de
368 361 101 28 tidigare
493 363 104 27 antagna
616 361 127 22 artiklarne
764 362 30 21 77
815 360 43 22 och

98 396 109 21 83—87.

169 483 45 20 Art.
236 483 35 20 90.
307 481 62 21 Dei
389 481 54 27 $57
459 481 22 21 af
494 488 32 14 nu
538 481 109 29 gällande
660 481 76 22 finska
748 481 39 29 lag
799 482 59 22 före-

99 516 90 22 skrifna
212 515 232 29 fyllnadslängderna
469 515 21 22 A
516 516 43 21 och
577 516 20 22 B
617 518 116 20 motsvara
751 516 52 22 icke
821 516 38 22 till

100 551 42 21 sitt
159 550 104 22 innehåll
282 550 28 21 de
329 550 183 28 förteckningar,
531 550 81 22 hvilka
631 554 134 18 omnämnas
781 551 9 21 i
802 551 57 29 Kej-

100 585 127 22 sardömets
246 584 147 29 författning,
412 584 160 22 hvarförutom
591 585 78 28 någon
688 584 72 22 sådan
778 585 80 29 längd,

100 627 48 13 som
167 619 45 21 den
237 619 8 21 i
263 619 174 29 Kejsardömets
456 619 40 29 lag
514 619 100 29 intagna
632 619 179 29 förteckningen
830 619 28 27 A,

100 654 42 21 alls
161 654 52 21 icke
231 654 80 21 finnes.
336 654 34 21 På
387 653 77 29 grund
482 654 67 21 häraf
567 653 43 22 har
627 653 112 22 Komitén
752 656 58 20 trott
823 654 36 28 sig

100 688 56 22 böra
175 688 35 22 för
228 688 118 22 vinnande
369 688 22 21 af
409 688 162 28 likformighet
588 688 9 21 i
615 688 64 21 detta
698 688 107 22 afseende
824 689 35 21 in-

100 723 51 21 föra
169 722 111 22 liknande
304 722 104 29 längder,
431 730 49 14 som
499 722 28 22 de
546 723 9 21 i
573 722 175 29 Kejsardömets
767 723 92 21 författ-

100 757 58 28 ning
169 756 118 29 stadgade,
298 760 59 18 samt
367 757 64 28 gifva
441 756 53 22 dem
506 764 87 14 samma
604 756 254 30 bokstafsbeteckning.

100 791 144 21 Vidstående
263 791 84 21 artikel
366 795 25 17 är
409 791 99 22 affattad
527 792 8 20 i
553 791 106 29 enlighet
677 790 52 22 med
747 794 42 19 art.
811 792 47 21 129

101 826 8 20 1
127 826 176 28 Kejsardömets
321 826 148 28 författning.

171 913 46 20 Art.
239 914 30 19 91.
306 912 122 28 Förslaget
441 911 37 21 till
491 911 138 22 vidstående
643 911 84 22 artikel
740 915 25 17 är
774 911 86 21 formu-

102 946 75 21 leradt
195 946 7 21 i
221 946 237 21 öfverensstämmelse
477 946 53 22 med
546 948 43 20 art.
605 946 47 21 130
665 946 8 20 i
685 945 175 29 Kejsardömets

102 981 46 28 lag,
164 980 61 22 dock
243 980 52 22 med
313 981 74 27 några
405 980 134 29 ändringar,
548 980 138 22 föranledda
704 980 23 21 af
745 979 115 22 särskilda

104 1014 125 29 egenheter
247 1015 7 21 i
272 1014 113 22 Finlands
405 1015 103 27 styrelse.
536 1014 83 29 Enligt
631 1014 174 29 Kejsardömets
815 1014 45 21 för-

103 1050 104 28 fattning
235 1049 89 29 åligger
351 1049 40 21 det
417 1049 214 28 Krigsministeriet
655 1051 34 19 att
708 1048 88 22 fördela
815 1048 45 21 den

104 1084 74 28 årliga
197 1084 170 28 kontingenten
386 1084 23 20 af
427 1083 140 29 uppbådade
577 1084 85 21 mellan
672 1084 80 26 länen;
772 1083 27 21 de
818 1082 43 22 fin-

104 1118 42 21 ska
164 1120 127 26 trupperna
309 1120 84 26 utgöra
411 1126 29 13 en
459 1118 38 21 del
511 1118 23 21 af
547 1118 70 28 ryska
631 1118 103 27 armén,
726 1112 11 38 i
747 1116 114 23 anseende

104 1152 96 22 hvartill
217 1152 164 29 fördelningen
399 1152 23 22 al
440 1152 46 22 den
499 1152 74 29 ärliga
586 1152 170 29 kontingenten
769 1152 22 21 af
804 1159 58 21 upp-

105 1186 90 22 bädade
222 1186 75 22 finnar
324 1186 118 29 sjelffallet
465 1187 71 21 också
554 1187 60 21 skall
633 1187 129 21 tillkomma
779 1186 83 28 Krigs-

104 1221 145 28 ministeriet,
263 1221 42 22 och
323 1221 53 22 icke
397 1220 110 29 Senaten,
518 1222 75 21 såsom
611 1221 8 22 i
638 1222 13 25 $
671 1222 30 21 76
721 1221 23 22 af
762 1220 45 22 den
820 1220 42 21 fin-

105 1256 42 21 ska
165 1256 69 28 lagen
253 1256 100 28 stadgas.
381 1256 31 21 Af
431 1255 77 22 denna
527 1256 68 22 orsak
607 1255 42 22 har
661 1255 112 22 Komiten
785 1257 77 20 ansett

105 1290 84 29 nödigt
213 1290 90 28 föreslä,
327 1292 36 20 att
380 1290 153 29 uppgifterna
551 1298 37 13 om
607 1290 40 21 det
664 1290 9 21 i
690 1289 173 30 uppbädsläng-

106 1324 71 22 derna
205 1325 92 21 införda
324 1325 89 21 antalet
439 1325 84 27 finnar,
542 1324 81 22 hvilka
641 1325 120 28 uppgifter
778 1327 85 25 utgöra

105 1359 146 28 grundvalen
270 1359 35 21 för
323 1359 180 28 ifrägavarande
515 1359 140 28 fördelning,
667 1359 66 21 skola
745 1358 118 21 tillställas

105 1393 195 28 Krigsministern
329 1393 120 28 samtidigt
476 1393 53 22 med
557 1393 40 21 det
614 1393 112 21 liknande
744 1393 120 28 uppgifter

106 1427 117 22 inkomma
251 1435 36 14 om
314 1427 45 22 den
387 1428 74 28 öfriga
480 1427 169 28 befolkningen
668 1427 8 21 i
693 1427 170 28 Kejsardömet.
