1111 1767
255 132 24 20 16

223 206 39 20 gen
286 199 68 22 finnes
375 200 46 22 icke
444 201 71 27 någon
538 200 115 27 tillräcklig
675 200 71 27 grund
764 199 33 21 för
815 201 33 19 att
864 199 63 21 ställa
943 200 37 20 det

222 234 71 22 finska
308 234 76 22 folkets
400 235 100 21 välstånd
515 235 6 21 i
538 235 24 21 så
578 234 133 22 omedelbart
726 234 106 22 beroende
847 233 23 22 af
883 234 97 21 klimatet

224 268 38 22 och
275 269 134 27 jordmånen,
421 276 45 14 som
477 269 26 21 de
513 268 69 22 finske
593 271 202 25 representanterne
805 268 57 22 velat
873 270 53 25 göra
936 268 43 22 det.

295 303 115 21 Dessutom
432 303 40 22 bör
489 304 7 20 i
511 303 144 21 betraktande
678 305 63 25 tagas
756 304 33 20 att
804 303 41 21 den
861 302 118 22 förnämsta

223 338 72 21 källan
310 338 34 21 för
363 338 116 27 Rysslands
503 338 95 21 rikedom
622 339 88 26 utgöres
726 337 23 21 af
762 337 113 27 spannmål
891 336 38 22 och
944 336 35 21 vid

223 372 130 22 inträftande
374 373 102 21 missväxt
495 373 39 27 går
553 372 83 22 bonden
653 372 100 27 förlustig
767 372 55 21 både
837 372 33 21 sin
885 371 94 21 inkomst

223 406 39 22 och
279 406 82 22 medlen
383 406 33 22 för
431 407 40 21 sitt
493 406 120 28 uppehälle,
630 406 28 22 då
673 406 96 22 deremot
784 406 83 21 finnens
883 406 96 20 utkomst

223 441 5 20 i
245 441 82 21 mindre
342 441 54 26 grad
413 443 23 19 är
456 441 107 22 beroende
580 441 22 21 af
616 441 100 26 skörden,
734 442 51 19 enär
800 440 32 21 för
847 440 77 21 honom
941 439 38 21 all-

222 475 32 21 tid
270 476 83 21 återstå
375 475 68 22 andra
466 477 90 26 utvägar
571 475 33 22 till
625 475 174 27 arbetsförtjenst
814 475 39 21 och
868 475 64 20 säkra
947 474 32 21 in-

222 509 147 22 komstkällor.

291 538 19 27 Å
325 545 68 21 andra
408 545 61 21 sidan
485 545 40 21 har
540 544 108 27 Komitén,
659 544 48 21 med
718 544 114 27 anledning
844 543 22 22 af
875 543 25 22 de
911 543 68 22 finske

222 580 214 25 representanternes
459 579 101 27 yttrande
583 579 79 26 derom,
688 580 32 19 att
743 579 82 20 kronan
849 578 7 21 i
879 578 98 27 Kejsare-

223 613 73 22 dömet
312 614 81 27 åtnjöte
409 616 71 19 större
495 614 119 21 inkomster
630 613 6 21 i
652 613 133 22 förhållande
801 613 31 21 till
848 613 131 21 statsverket

222 648 6 20 i
244 647 91 22 Finland
351 647 22 22 af
386 648 185 26 riksdomänerna,
588 650 74 19 ansett
677 648 32 27 sig
724 647 53 22 böra
792 647 50 27 ingå
856 647 6 20 i
879 649 98 19 närmare

222 682 100 27 pröfning
338 682 22 21 af
373 682 75 27 frågan
473 689 33 15 om
522 683 40 20 den
579 683 91 20 relativa
692 682 123 27 betydelsen
831 681 33 22 för
880 681 98 27 Kejsare-

222 717 83 21 dömets
324 714 43 24 'och
390 717 220 21 Storfurstendömets
634 717 106 27 budgeter
755 716 23 21 af
794 717 26 20 de
838 717 117 20 inkomster
971 716 7 21 i

222 751 122 25 allmänhet,
368 757 45 15 som
436 752 45 21 icke
501 754 89 25 utgöras
606 751 23 22 af
643 752 91 25 skatter,
750 751 38 21 och
804 751 45 21 icke
865 751 77 21 endast
957 750 22 21 af

222 785 183 21 riksdomänerna.
429 785 72 27 Enligt
512 785 174 28 Kejsaredömets
697 785 176 26 inkomstbudget
881 787 15 18 t.
905 791 31 15 ex.
945 784 33 21 för

222 819 24 21 år
264 820 87 26 1897,1)
367 819 54 22 hade
437 820 121 21 inkomsten
575 819 23 22 af
611 820 96 21 kronans
724 819 128 28 egendomar
867 819 38 21 och
917 819 60 27 kapi-

221 853 56 22 taler
299 855 55 20 samt
370 853 23 22 af
406 854 160 27 expropriation
590 853 48 22 utaf
659 854 148 21 riksdomäner
830 853 35 28 ($$
884 854 93 26 21—27)

220 888 118 22 beräknats
362 889 31 20 till
417 889 142 26 330,077,704
582 889 68 26 rubel,
674 888 80 22 hvilket
769 888 6 21 i
790 887 133 22 förhållande
946 888 32 21 till

221 922 48 21 hela
284 923 107 26 budgeten
413 923 172 26 (1,413,971,058
602 923 58 26 rub.)
676 924 64 25 utgör
756 923 44 25 23,3
809 923 34 26 9/,.
874 922 39 21 Om
928 922 50 21 här-

220 957 33 20 till
270 957 61 21 äfven
347 957 72 27 lägges
434 957 148 22 inkomsterna
598 957 23 21 af
638 957 230 27 regeringsregalierna
884 956 46 21 med
946 958 32 19 ett

221 991 77 27 belopp
316 991 22 22 af
357 993 140 26 110,282,680
520 992 60 21 rubel
604 991 35 28 ($$
666 993 98 24 16—20),
788 991 125 26 öfverstiger
932 991 46 20 icke

220 1031 98 16 summan
335 1026 23 21 af
371 1026 148 21 inkomsterna
534 1026 7 21 i
556 1026 69 27 bägge
640 1026 151 26 kategorierna
807 1027 45 24 31,1
861 1025 27 26 /,
899 1024 23 21 af
929 1025 48 21 hela

220 1060 107 27 budgeten
352 1060 38 21 och
413 1062 121 20 motsvarar
556 1061 83 21 således
663 1061 47 20 icke
733 1066 37 15 ens
793 1066 25 15 en
838 1059 102 28 tredjedel
955 1059 22 21 af

221 1095 77 21 denna.
328 1095 125 22 Emellertid
475 1096 85 27 uppgår
582 1095 122 22 inkomsten
724 1095 23 21 af
767 1096 83 19 statens
873 1094 103 27 egendom

220 1129 67 27 enligt
303 1129 208 22 Storfurstendömet
529 1129 103 22 Finlands
653 1129 137 26 statsförslag
808 1128 34 21 för
857 1134 81 15 samma
953 1129 24 20 år

220 1163 58 22 ända
293 1163 32 22 till
341 1165 125 26 23,634,841
487 1164 61 21 mark
564 1165 22 26 (å
601 1163 135 22 statsfonden
754 1175 23 3 —
795 1163 94 21 inkomst
904 1162 23 21 af
941 1163 36 20 do-

219 1199 76 20 mäner
310 1198 39 21 och
365 1204 71 15 annan
460 1200 83 19 statens
567 1198 103 27 egendom
686 1210 27 3 —
730 1198 112 26 3,592,000
862 1197 61 20 mark
938 1197 39 21 och

219 1231 95 22 tillskott
336 1231 48 22 från
407 1232 102 21 Finlands
532 1231 62 22 Bank
613 1244 27 3 —
658 1233 91 25 249,541
773 1231 67 26 mark,
860 1231 13 20 &
892 1231 84 20 militie-

219 1265 80 22 fonden
315 1279 27 2 —
358 1267 91 26 441,320
465 1267 67 24 mark,
544 1266 197 27 bevillningsmedel
753 1278 27 3 —
793 1266 111 26 1,101,980
915 1266 61 20 mark

220 1300 39 21 och
276 1301 12 20 &
303 1300 276 21 kommunikationsfonden
600 1312 26 3 —
648 1301 126 25 18,250,000
797 1299 77 27 mark),
896 1299 81 21 hvilket

289 1386 15 22 1)
322 1385 130 23 Beräkningen
464 1386 81 22 grundar
558 1385 28 23 sig
597 1386 25 22 pä
634 1385 97 23 uppgifter
742 1385 29 18 för
783 1385 22 17 är
818 1385 49 20 1897,
880 1384 32 18 det
924 1384 51 22 sista,

218 1413 30 18 för
260 1414 74 17 hvilket
351 1414 178 18 Storfurstendömet
547 1414 89 18 Finlands
655 1414 86 17 inkomst-
761 1413 33 18 och
812 1412 128 23 utgiftsstater
957 1412 20 18 af

218 1442 87 18 Komitön
318 1442 59 23 tagits
390 1442 6 18 i
408 1443 131 18 betraktande.
