1109 1781
262 163 31 21 36

295 233 45 21 Art.
362 234 37 20 20.
436 232 47 22 Vid
501 232 129 30 jemförelse
650 233 23 21 af
691 235 41 19 art.
754 233 24 21 26
790 233 7 21 i
807 233 175 29 Kejsardömets

225 266 40 28 lag
289 266 52 22 med
366 268 12 25 8
406 267 30 21 15
456 267 9 21 i
483 267 45 21 den
546 267 82 27 finska,
647 267 42 21 har
706 267 111 21 Komitén
837 268 145 20 konstaterat

224 300 104 29 följande
347 301 92 22 skilnad
457 302 98 21 emellan
573 301 63 22 dem:

294 336 21 26 a)
336 336 92 28 jemlikt
446 338 42 19 art.
508 336 31 21 26
559 336 8 21 i
579 335 175 29 Kejsardömets
763 336 40 28 lag
812 336 86 21 befrias
909 336 73 28 krigs-

225 373 55 17 män
298 370 36 21 för
352 370 50 21 sina
412 378 108 20 personer
528 370 61 22 ifrån
600 370 46 22 alla
655 370 122 28 utskylder
786 370 44 22 och
840 370 82 22 besvär
932 370 50 22 icke

225 404 62 21 blott
305 404 73 22 under
396 404 45 22 den
460 404 34 22 tid
513 404 28 22 de
561 408 38 18 äro
618 405 8 21 i
645 404 66 22 aktiv
730 405 78 28 tjenst,
821 407 57 19 utan
888 405 44 21 ock
941 412 41 14 un-

226 438 41 21 der
294 440 34 20 ett
356 439 36 21 års
419 438 35 22 tid
480 439 58 21 efter
564 439 40 21 det
622 438 29 22 de
670 439 124 21 öfverförts
812 439 38 21 till
868 446 113 14 reserven.

226 473 92 21 Hittills
343 473 41 21 har
406 472 45 22 den
469 473 75 22 finska
562 474 69 28 lagen
650 474 20 28 ej
690 474 123 28 medgifvit
832 473 87 22 sådana
937 473 45 22 för-

225 508 86 26 måner,
330 515 52 13 men
406 508 115 21 rättvisan
539 508 90 21 fordrar
648 510 34 19 att
700 508 28 21 de
747 508 132 21 utsträckas
897 508 84 28 jemväl

226 542 37 20 till
281 542 141 21 invånarene
441 542 9 21 i
468 542 27 21 de
514 542 75 22 finska
607 542 81 26 länen;

296 577 19 26 0)
337 577 13 26 8
371 577 29 20 15
420 577 8 21 i
446 576 45 22 den
509 576 75 22 finska
598 577 69 28 lagen
677 580 133 18 omnämner
820 576 112 22 särskildt
941 583 40 14 un-

226 610 159 22 derofficerare
404 611 39 21 vid
462 618 113 20 reserven,
593 611 88 27 hvilka,
700 618 84 21 genom
802 613 36 19 att
856 610 28 22 de
897 610 85 22 hittills

226 644 107 29 ständigt
351 645 62 21 varit
432 645 107 22 anstälda
557 645 40 21 vid
616 645 115 22 kadrarne
750 645 24 21 af
792 644 44 21 den
855 645 75 21 finska
948 652 33 13 re-

226 686 88 20 serven,
334 679 144 29 fullkomligt
495 679 85 29 riktigt
597 680 105 21 likstälts
715 679 52 21 med
777 679 28 21 de
816 679 8 21 i
834 679 66 21 aktiv
911 679 70 28 tjenst

225 713 109 22 varande.
371 713 54 22 Men
452 714 96 21 emedan
576 714 76 21 denna
678 721 78 14 reserv
781 713 122 22 framdeles
922 713 60 21 skall

226 748 145 27 organiseras
398 749 30 28 på
455 748 121 22 enahanda
602 748 103 29 grunder
732 755 48 14 som
807 747 174 30 Kejsardömets

226 789 84 20 reserv,
335 782 103 22 kommer
465 783 20 28 ej
514 783 72 28 något
612 783 70 21 behof
704 783 23 21 af
746 783 66 20 dessa
831 782 151 21 underoffice-

225 823 52 14 rare
296 819 35 18 att
349 817 80 21 vidare
454 817 131 27 förefinnas,
604 817 107 22 hvarföre
730 817 70 21 också
818 819 35 18 ett
871 816 109 21 särskildt

226 851 170 22 omnämnande
423 851 23 22 af
474 851 51 22 dem
549 852 8 21 i
580 851 70 29 lagen
677 851 52 22 icke
748 851 42 22 bör
808 851 173 28 ifrågakomma.

225 885 123 22 Dessutom
366 885 43 22 har
426 885 112 22 Komitén
557 889 76 18 ansett
650 886 120 28 uttrycket
782 885 148 29 ,underbefäl
940 885 41 21 och

225 919 113 29 manskap
357 919 41 22 vid
417 920 79 22 aktiva
514 920 140 29 trupperna"
669 920 51 21 icke
734 920 54 21 fullt
798 920 114 28 lämpligt,
924 927 58 14 eme-

226 953 47 22 dan
291 953 40 22 det
349 954 47 21 kan
415 954 75 22 finnas
500 962 115 21 personer,
626 955 82 21 hvilka
716 955 86 20 räknas
815 955 8 20 i
833 954 66 21 aktiv
910 954 70 28 tjenst

226 988 73 21 ehuru
318 988 28 21 de
365 989 51 20 icke
436 993 38 17 äro
493 989 107 22 anstälda
618 989 40 21 vid
678 989 28 21 de
726 989 94 27 ,aktiva
833 987 147 30 trupperna".

225 1022 11 21 I
255 1022 154 22 betraktande
428 1023 66 22 häraf
512 1023 42 22 har
572 1023 110 22 Komitén
702 1023 6 21 i
722 1023 42 21 sitt
776 1023 88 28 förslag
875 1023 37 20 till
921 1022 60 21 finsk

225 1057 41 28 lag
293 1057 72 21 infört
393 1060 41 19 art.
464 1058 29 21 26
513 1058 8 21 i
539 1058 176 28 Kejsardömets
733 1057 39 28 lag
791 1057 8 21 i
817 1057 80 21 stället
915 1057 35 21 för
968 1057 13 26 $

228 1091 30 21 15
277 1091 8 21 i
304 1091 43 21 den
366 1091 81 22 finska.

295 1125 51 22 Den
363 1125 74 22 finske
456 1126 129 21 ledamoten
604 1127 8 20 i
630 1125 112 22 Komitén
751 1126 43 21 har
803 1125 39 22 väl
852 1125 84 27 anfört,
948 1128 34 18 att

225 1159 48 21 han
291 1159 51 22 icke
360 1160 79 21 kunde
456 1161 126 28 godkänna
599 1160 224 28 Krigsministeriets
842 1159 138 27 förfarande,

225 1193 8 21 i
252 1193 40 22 det
310 1194 140 21 Ministeriet
468 1195 60 28 tagit
547 1195 128 21 initiativet
693 1194 37 21 till
743 1193 138 29 förändring
893 1193 23 22 af
926 1195 12 25 $
952 1194 28 20 15

224 1228 8 20 i
251 1228 109 28 gällande
379 1229 77 21 finska
473 1229 45 28 lag,
539 1229 96 21 emedan
654 1228 72 29 sagda
740 1230 12 25 $
764 1228 96 21 berörde
870 1230 52 19 rent
932 1228 49 21 inre

225 1261 151 23 ekonomiska
397 1263 79 28 frågor
494 1264 8 20 i
520 1263 107 27 Finland,
647 1271 52 13 men
718 1263 30 28 på
766 1262 77 29 grund
862 1262 23 21 af
903 1262 79 21 ofvan-

226 1296 98 22 anförda
342 1297 50 21 skäl
410 1297 43 22 har
470 1297 176 29 invändningen
664 1297 9 21 i
690 1297 67 28 fråga
774 1297 98 21 lemnats
883 1299 57 19 utan
951 1296 32 21 af-

225 1331 90 21 seende.
351 1331 124 22 Dessutom
493 1332 69 29 skilja
581 1332 36 28 sig
636 1335 42 18 art.
692 1332 32 21 20
734 1331 66 26 och
787 1327 14 38 $
814 1331 28 21 15
853 1331 52 21 från
915 1331 67 20 hvar-

226 1365 74 22 andra
318 1365 82 22 endast
419 1366 82 27 deruti,
521 1369 34 18 att
573 1367 8 20 i
600 1366 45 21 den
663 1366 72 21 första
747 1365 83 22 införts
840 1365 142 22 bestämnin-

224 1406 47 20 gen
290 1401 35 19 att
342 1400 137 22 underbefäl
497 1400 44 21 och
559 1400 113 28 manskap
691 1400 86 21 befrias
796 1399 52 21 från
867 1398 48 22 alla
933 1406 49 21 per-

225 1434 79 21 sonela
323 1434 122 28 utskylder
463 1434 42 22 och
524 1434 83 22 besvär
625 1434 74 21 under
717 1436 34 19 ett
770 1434 36 20 års
826 1433 41 27 tid,
881 1432 100 22 räknadt

224 1467 53 22 från
304 1468 171 29 öfverföringen
503 1468 37 22 till
566 1476 113 14 reserven.
715 1468 112 21 Komitén
850 1468 43 21 har
911 1467 71 21 infört
