1111 1781
791 178 29 21 81

103 246 98 22 affattad
210 247 10 20 i
228 246 140 29 fullständig
382 246 236 22 öfverensstämmelse
629 246 52 21 med
691 246 166 22 ofvanstående

103 281 103 27 artiklar,
225 280 49 28 och,
292 281 37 21 för
347 281 40 21 det
405 280 79 28 andra,
503 281 85 21 saknas
605 280 49 21 deri
663 281 149 28 bestämning
821 287 37 14 om

102 315 65 22 tiden
186 315 35 22 för
238 315 149 21 inlämnande
406 315 23 21 af
441 315 125 28 utredning
580 322 34 14 om
626 315 125 28 uppbådad
763 322 94 21 persons

102 349 114 29 rättighet
244 351 34 20 att
304 349 92 22 komma
419 350 9 21 i
446 349 138 29 åtnjutande
612 349 23 21 af
662 349 129 28 eftergifter
817 348 41 23 vid

103 384 173 28 värnepligtens
294 383 153 28 fullgörande.
483 383 71 22 Hvad
572 384 49 21 åter
637 383 111 22 beträffar
760 385 13 25 $
785 384 38 27 70,
832 383 26 22 så

103 419 42 21 bör
166 418 46 21 den
232 418 112 21 uteslutas
363 419 75 20 såsom
455 418 144 28 fullkomligt
617 418 114 28 oförenlig
749 418 52 21 med
820 417 38 22 det

104 453 8 20 i
130 453 173 28 Kejsardömets
321 453 40 28 lag
380 452 113 28 stadgade
511 453 193 27 lottningssättet.
735 453 33 20 På
781 452 77 28 grund

104 487 67 21 häraf
188 487 42 21 har
247 487 112 21 Komitén
376 487 9 21 i
403 487 78 21 stället
499 487 37 21 för
553 487 102 21 nämnda
668 488 28 25 $$
709 487 8 20 i
727 487 44 21 den
784 486 74 21 finska

104 522 69 28 lagen
190 521 72 22 infört
281 524 41 19 art.
344 521 47 22 140
409 521 9 21 i
435 521 174 29 Kejsardömets
627 521 144 29 författning.

173 556 199 28 Representanten
389 556 37 21 för
444 556 45 21 den
501 556 75 21 finska
588 556 216 21 administrationen
816 555 43 21 har

105 590 74 22 likväl
198 591 20 27 ej
237 590 90 22 kunnat
346 590 80 22 förena
444 590 36 28 sig
498 598 36 14 om
552 590 182 28 formuleringen
747 590 22 22 af
783 590 77 21 denna

107 625 89 27 artikel,
224 624 96 22 emedan
347 625 49 21 deri
419 625 94 29 stadgas
532 632 28 14 en
578 625 108 28 ordning,
704 632 47 14 som
770 624 90 22 afviker

108 660 48 20 från
175 659 44 21 den
238 659 73 28 enligt
328 659 110 28 gällande
456 659 76 21 finska
551 659 39 28 lag
608 659 130 27 faststälda,
748 659 41 21 vid
800 658 59 22 hvil-

106 694 43 20 ken
170 694 166 28 befolkningen
354 696 57 19 vant
430 694 36 27 sig
485 693 43 22 och
540 693 96 22 hvilken
648 694 103 20 minskar
763 694 96 25 arbetet,

107 728 96 21 emedan
221 728 8 20 1
247 728 216 28 lottningslängden
481 728 51 22 icke
551 728 86 21 införes
656 728 52 21 hela
724 728 136 21 åldersklas-

107 770 46 19 sen,
171 765 57 19 utan
247 762 60 22 blott
325 762 27 21 de
371 762 37 21 till
426 763 73 28 tjenst
517 762 95 28 duglige
625 762 56 21 eller
694 762 67 21 alltså
771 761 88 22 mindre

108 800 28 18 än
155 796 95 22 hälften.
286 796 171 29 Föreliggande
479 797 130 21 statistiska
627 797 118 28 uppgifter
762 795 98 23 rörande

106 831 174 28 värnepligtens
307 831 146 29 fullgörande
472 832 8 20 i
498 831 102 21 Finland
628 831 82 27 utvisa,
729 833 34 20 att
776 830 23 22 af
808 830 53 21 hela

107 866 88 21 antalet
213 865 138 29 uppbådade
369 866 170 28 värnepligtige
558 865 107 28 omkring
685 866 31 20 60
728 868 28 27 ;,
771 865 88 27 årligen

106 900 104 21 befinnas
233 900 132 28 oförmögne
384 900 37 21 till
439 900 147 28 krigstjenst;
607 900 137 27 återstoden,
763 899 20 21 d.
803 907 21 13 v.
844 906 16 14 s.

107 934 45 21 den
170 934 37 21 till
224 934 136 29 krigstjenst
372 934 97 28 dugliga
482 934 170 28 kontingenten
664 934 99 21 fördelas
775 933 86 22 medels

106 969 103 28 lottning
227 969 85 21 mellan
331 968 27 22 de
376 969 77 21 finska
465 969 80 22 aktiva
557 971 127 26 trupperna
697 968 43 22 och
748 975 112 14 reserven.

109 1003 103 22 Sålunda
230 1003 89 28 afgöres
337 1003 176 28 hufvudfrågan
526 1016 27 2 —
565 1003 70 22 hvem
653 1011 48 13 som
720 1003 58 21 skall
797 1003 65 28 tjena

108 1037 43 22 och
168 1038 69 21 hvem
254 1038 51 21 icke
324 1051 32 2 —
375 1038 74 27 enligt
467 1037 109 28 gällande
594 1037 76 22 finska
688 1037 40 28 lag
746 1037 22 21 af
780 1041 81 17 värne-

108 1072 189 28 pligtsnämnden
316 1073 55 20 eller
389 1072 69 21 alltså
477 1073 23 20 af
519 1079 28 14 en
566 1072 172 21 administrativ
755 1071 107 28 myndig-

107 1106 46 21 het.
176 1106 137 21 Emellertid
326 1107 90 28 afgöres
430 1106 75 22 denna
516 1107 65 27 fråga
591 1107 8 20 i
608 1106 162 29 Kejsardömet
779 1113 83 21 genom

108 1141 110 28 lottning,
237 1141 38 21 till
293 1141 96 21 hvilken
407 1141 109 28 samtliga
533 1141 139 28 uppbådade
691 1140 64 21 skola
773 1140 89 21 infinna

109 1175 41 28 sig.
177 1175 55 21 Alla
254 1175 87 22 arméer
359 1176 8 21 i
384 1175 93 28 Europa
495 1175 71 22 hafva
584 1175 73 21 infört
675 1174 121 22 enahanda
812 1174 50 21 ord-

107 1209 63 28 ning.
207 1209 36 21 Då
261 1209 39 22 det
317 1209 73 22 finnes
409 1217 28 14 en
456 1209 93 28 allmän,
567 1209 35 22 för
620 1209 81 29 hvarje
720 1208 143 23 undersåte
851 1204 15 39 i

107 1243 62 22 riket
186 1243 153 29 obligatorisk
357 1245 39 27 lag
410 1251 36 14 om
458 1244 118 28 personlig
588 1244 139 28 värnepligt,
740 1243 41 22 bör
793 1243 69 21 också

109 1278 123 29 lösningen
257 1278 22 22 af
302 1278 152 22 förevarande
473 1278 67 29 fråga
558 1278 125 21 öfverlåtas
702 1279 24 20 åt
744 1277 57 22 hvar
819 1277 44 21 och

109 1319 29 14 en
155 1313 153 28 personligen.

177 1381 47 21 Art.
245 1383 49 19 102.
332 1382 12 25 8
365 1381 37 27 72,
422 1388 49 14 som
488 1383 129 19 motsvarar
633 1383 41 18 art.
690 1381 46 20 141
750 1380 8 21 i
770 1380 94 29 Kejsar-

110 1416 88 21 dömets
217 1416 46 28 lag,
282 1415 129 21 innehäller
429 1415 129 28 stadgande
578 1423 37 13 om
627 1415 107 21 befrielse
747 1415 51 21 frän
810 1414 54 22 lott-

111 1449 116 29 dragning
245 1450 36 22 för
298 1450 58 27 dem,
375 1457 48 14 som
442 1450 189 27 tillkännagifvit
649 1450 37 20 sin
701 1449 116 21 ästundan
829 1450 35 20 att

178 1505 15 17 I
298 1508 4 2 N
785 1504 10 17 6
