<?xml version="1.0" encoding="UTF-8"?>
<alto xmlns="http://www.loc.gov/standards/alto/ns-v3#" xmlns:xlink="http://www.w3.org/1999/xlink" xmlns:xsi="http://www.w3.org/2001/XMLSchema-instance" xsi:schemaLocation="http://www.loc.gov/standards/alto/ns-v3# http://www.loc.gov/alto/v3/alto-3-0.xsd">
	<Description>
		<MeasurementUnit>pixel</MeasurementUnit>
		<sourceImageInformation>
			<fileName>/tmp/tess_kq0f9nb__input.PNG</fileName>
		</sourceImageInformation>
		<OCRProcessing ID="OCR_0">
			<ocrProcessingStep>
				<processingSoftware>
					<softwareName>tesseract 5.3.4</softwareName>
				</processingSoftware>
			</ocrProcessingStep>
		</OCRProcessing>
	</Description>
	<Layout>
		<Page WIDTH="1109" HEIGHT="1770" PHYSICAL_IMG_NR="0" ID="page_0">
			<PrintSpace HPOS="0" VPOS="0" WIDTH="1109" HEIGHT="1770">
				<ComposedBlock ID="cblock_0" HPOS="805" VPOS="157" WIDTH="33" HEIGHT="21">
					<TextBlock ID="block_0" HPOS="805" VPOS="157" WIDTH="33" HEIGHT="21">
						<TextLine ID="line_0" HPOS="805" VPOS="157" WIDTH="33" HEIGHT="21">
							<String ID="string_0" HPOS="805" VPOS="157" WIDTH="33" HEIGHT="21" WC="0.95" CONTENT="47"/>
						</TextLine>
					</TextBlock>
				</ComposedBlock>
				<ComposedBlock ID="cblock_1" HPOS="117" VPOS="225" WIDTH="770" HEIGHT="1267">
					<TextBlock ID="block_1" HPOS="117" VPOS="225" WIDTH="758" HEIGHT="97">
						<TextLine ID="line_1" HPOS="117" VPOS="225" WIDTH="758" HEIGHT="30">
							<String ID="string_1" HPOS="117" VPOS="227" WIDTH="70" HEIGHT="21" WC="0.96" CONTENT="oäkta"/><SP WIDTH="19" VPOS="227" HPOS="187"/>
							<String ID="string_2" HPOS="206" VPOS="230" WIDTH="67" HEIGHT="18" WC="0.96" CONTENT="söner"/><SP WIDTH="18" VPOS="230" HPOS="273"/>
							<String ID="string_3" HPOS="291" VPOS="226" WIDTH="43" HEIGHT="22" WC="0.96" CONTENT="och"/><SP WIDTH="19" VPOS="226" HPOS="334"/>
							<String ID="string_4" HPOS="353" VPOS="227" WIDTH="72" HEIGHT="28" WC="0.96" CONTENT="sörjer"/><SP WIDTH="18" VPOS="227" HPOS="425"/>
							<String ID="string_5" HPOS="443" VPOS="226" WIDTH="36" HEIGHT="22" WC="0.96" CONTENT="för"/><SP WIDTH="18" VPOS="226" HPOS="479"/>
							<String ID="string_6" HPOS="497" VPOS="226" WIDTH="67" HEIGHT="22" WC="0.96" CONTENT="deras"/><SP WIDTH="19" VPOS="226" HPOS="564"/>
							<String ID="string_7" HPOS="583" VPOS="226" WIDTH="118" HEIGHT="28" WC="0.95" CONTENT="ställning,"/><SP WIDTH="12" VPOS="226" HPOS="701"/>
							<String ID="string_8" HPOS="713" VPOS="226" WIDTH="70" HEIGHT="21" WC="0.96" CONTENT="ehuru"/><SP WIDTH="12" VPOS="226" HPOS="783"/>
							<String ID="string_9" HPOS="795" VPOS="226" WIDTH="46" HEIGHT="21" WC="0.96" CONTENT="den"/><SP WIDTH="11" VPOS="226" HPOS="841"/>
							<String ID="string_10" HPOS="852" VPOS="225" WIDTH="23" HEIGHT="22" WC="0.96" CONTENT="af"/>
						</TextLine>
						<TextLine ID="line_2" HPOS="117" VPOS="260" WIDTH="758" HEIGHT="29">
							<String ID="string_11" HPOS="117" VPOS="269" WIDTH="28" HEIGHT="13" WC="0.95" CONTENT="en"/><SP WIDTH="18" VPOS="269" HPOS="145"/>
							<String ID="string_12" HPOS="163" VPOS="261" WIDTH="57" HEIGHT="21" WC="0.95" CONTENT="eller"/><SP WIDTH="18" VPOS="261" HPOS="220"/>
							<String ID="string_13" HPOS="238" VPOS="268" WIDTH="76" HEIGHT="14" WC="0.96" CONTENT="annan"/><SP WIDTH="20" VPOS="268" HPOS="314"/>
							<String ID="string_14" HPOS="334" VPOS="261" WIDTH="68" HEIGHT="21" WC="0.96" CONTENT="orsak"/><SP WIDTH="19" VPOS="261" HPOS="402"/>
							<String ID="string_15" HPOS="421" VPOS="261" WIDTH="51" HEIGHT="21" WC="0.96" CONTENT="icke"/><SP WIDTH="19" VPOS="261" HPOS="472"/>
							<String ID="string_16" HPOS="491" VPOS="260" WIDTH="78" HEIGHT="22" WC="0.93" CONTENT="funnit"/><SP WIDTH="18" VPOS="260" HPOS="569"/>
							<String ID="string_17" HPOS="587" VPOS="260" WIDTH="83" HEIGHT="29" WC="0.92" CONTENT="nödigt"/><SP WIDTH="19" VPOS="260" HPOS="670"/>
							<String ID="string_18" HPOS="689" VPOS="264" WIDTH="122" HEIGHT="18" WC="0.96" CONTENT="omnämna"/><SP WIDTH="11" VPOS="264" HPOS="811"/>
							<String ID="string_19" HPOS="822" VPOS="260" WIDTH="53" HEIGHT="21" WC="0.95" CONTENT="dem"/>
						</TextLine>
						<TextLine ID="line_3" HPOS="117" VPOS="295" WIDTH="238" HEIGHT="27">
							<String ID="string_20" HPOS="117" VPOS="296" WIDTH="6" HEIGHT="20" WC="0.93" CONTENT="i"/><SP WIDTH="20" VPOS="296" HPOS="123"/>
							<String ID="string_21" HPOS="143" VPOS="295" WIDTH="124" HEIGHT="22" WC="0.91" CONTENT="omordade"/><SP WIDTH="18" VPOS="295" HPOS="267"/>
							<String ID="string_22" HPOS="285" VPOS="297" WIDTH="12" HEIGHT="25" WC="0.75" CONTENT="$"/><SP WIDTH="20" VPOS="297" HPOS="297"/>
							<String ID="string_23" HPOS="317" VPOS="296" WIDTH="38" HEIGHT="20" WC="0.96" CONTENT="26."/>
						</TextLine>
					</TextBlock>
					<TextBlock ID="block_2" HPOS="118" VPOS="328" WIDTH="758" HEIGHT="374">
						<TextLine ID="line_4" HPOS="186" VPOS="328" WIDTH="688" HEIGHT="29">
							<String ID="string_24" HPOS="186" VPOS="329" WIDTH="54" HEIGHT="22" WC="0.87" CONTENT="Med"/><SP WIDTH="27" VPOS="329" HPOS="240"/>
							<String ID="string_25" HPOS="267" VPOS="329" WIDTH="106" HEIGHT="22" WC="0.87" CONTENT="afseende"/><SP WIDTH="20" VPOS="329" HPOS="373"/>
							<String ID="string_26" HPOS="393" VPOS="330" WIDTH="13" HEIGHT="20" WC="0.89" CONTENT="&amp;"/><SP WIDTH="18" VPOS="330" HPOS="406"/>
							<String ID="string_27" HPOS="424" VPOS="329" WIDTH="28" HEIGHT="21" WC="0.93" CONTENT="de"/><SP WIDTH="19" VPOS="329" HPOS="452"/>
							<String ID="string_28" HPOS="471" VPOS="328" WIDTH="121" HEIGHT="29" WC="0.91" CONTENT="päpekade"/><SP WIDTH="19" VPOS="328" HPOS="592"/>
							<String ID="string_29" HPOS="611" VPOS="328" WIDTH="145" HEIGHT="22" WC="0.92" CONTENT="olikheterna"/><SP WIDTH="19" VPOS="328" HPOS="756"/>
							<String ID="string_30" HPOS="775" VPOS="328" WIDTH="99" HEIGHT="22" WC="0.92" CONTENT="emellan"/>
						</TextLine>
						<TextLine ID="line_5" HPOS="118" VPOS="362" WIDTH="756" HEIGHT="30">
							<String ID="string_31" HPOS="118" VPOS="364" WIDTH="44" HEIGHT="22" WC="0.95" CONTENT="den"/><SP WIDTH="25" VPOS="364" HPOS="162"/>
							<String ID="string_32" HPOS="187" VPOS="364" WIDTH="76" HEIGHT="22" WC="0.93" CONTENT="finska"/><SP WIDTH="17" VPOS="364" HPOS="263"/>
							<String ID="string_33" HPOS="280" VPOS="364" WIDTH="217" HEIGHT="28" WC="0.92" CONTENT="värnepligtslagen"/><SP WIDTH="20" VPOS="364" HPOS="497"/>
							<String ID="string_34" HPOS="517" VPOS="363" WIDTH="43" HEIGHT="22" WC="0.93" CONTENT="och"/><SP WIDTH="18" VPOS="363" HPOS="560"/>
							<String ID="string_35" HPOS="578" VPOS="362" WIDTH="175" HEIGHT="30" WC="0.92" CONTENT="Kejsardömets"/><SP WIDTH="18" VPOS="362" HPOS="753"/>
							<String ID="string_36" HPOS="771" VPOS="364" WIDTH="41" HEIGHT="28" WC="0.96" CONTENT="lag"/><SP WIDTH="19" VPOS="364" HPOS="812"/>
							<String ID="string_37" HPOS="831" VPOS="362" WIDTH="43" HEIGHT="22" WC="0.96" CONTENT="och"/>
						</TextLine>
						<TextLine ID="line_6" HPOS="118" VPOS="397" WIDTH="756" HEIGHT="29">
							<String ID="string_38" HPOS="118" VPOS="398" WIDTH="28" HEIGHT="22" WC="0.95" CONTENT="dä"/><SP WIDTH="19" VPOS="398" HPOS="146"/>
							<String ID="string_39" HPOS="165" VPOS="399" WIDTH="8" HEIGHT="21" WC="0.94" CONTENT="i"/><SP WIDTH="19" VPOS="399" HPOS="173"/>
							<String ID="string_40" HPOS="192" VPOS="398" WIDTH="44" HEIGHT="22" WC="0.89" CONTENT="den"/><SP WIDTH="22" VPOS="398" HPOS="236"/>
							<String ID="string_41" HPOS="258" VPOS="398" WIDTH="159" HEIGHT="22" WC="0.96" CONTENT="förstnämnda"/><SP WIDTH="18" VPOS="398" HPOS="417"/>
							<String ID="string_42" HPOS="435" VPOS="398" WIDTH="85" HEIGHT="22" WC="0.93" CONTENT="saknas"/><SP WIDTH="20" VPOS="398" HPOS="520"/>
							<String ID="string_43" HPOS="540" VPOS="397" WIDTH="66" HEIGHT="22" WC="0.91" CONTENT="2:dra"/><SP WIDTH="17" VPOS="397" HPOS="606"/>
							<String ID="string_44" HPOS="623" VPOS="398" WIDTH="124" HEIGHT="28" WC="0.96" CONTENT="kategorin"/><SP WIDTH="18" VPOS="398" HPOS="747"/>
							<String ID="string_45" HPOS="765" VPOS="398" WIDTH="24" HEIGHT="21" WC="0.93" CONTENT="af"/><SP WIDTH="18" VPOS="398" HPOS="789"/>
							<String ID="string_46" HPOS="807" VPOS="398" WIDTH="67" HEIGHT="21" WC="0.93" CONTENT="efter-"/>
						</TextLine>
						<TextLine ID="line_7" HPOS="118" VPOS="432" WIDTH="757" HEIGHT="29">
							<String ID="string_47" HPOS="118" VPOS="434" WIDTH="70" HEIGHT="27" WC="0.92" CONTENT="gifter"/><SP WIDTH="19" VPOS="434" HPOS="188"/>
							<String ID="string_48" HPOS="207" VPOS="432" WIDTH="66" HEIGHT="27" WC="0.92" CONTENT="(ende"/><SP WIDTH="19" VPOS="432" HPOS="273"/>
							<String ID="string_49" HPOS="292" VPOS="432" WIDTH="125" HEIGHT="22" WC="0.92" CONTENT="arbetsföre"/><SP WIDTH="19" VPOS="432" HPOS="417"/>
							<String ID="string_50" HPOS="436" VPOS="440" WIDTH="72" HEIGHT="13" WC="0.92" CONTENT="sonen"/><SP WIDTH="19" VPOS="440" HPOS="508"/>
							<String ID="string_51" HPOS="527" VPOS="432" WIDTH="42" HEIGHT="21" WC="0.96" CONTENT="hos"/><SP WIDTH="19" VPOS="432" HPOS="569"/>
							<String ID="string_52" HPOS="588" VPOS="440" WIDTH="29" HEIGHT="13" WC="0.93" CONTENT="en"/><SP WIDTH="19" VPOS="440" HPOS="617"/>
							<String ID="string_53" HPOS="636" VPOS="432" WIDTH="132" HEIGHT="21" WC="0.92" CONTENT="äfvenledes"/><SP WIDTH="20" VPOS="432" HPOS="768"/>
							<String ID="string_54" HPOS="788" VPOS="432" WIDTH="87" HEIGHT="21" WC="0.92" CONTENT="arbets-"/>
						</TextLine>
						<TextLine ID="line_8" HPOS="120" VPOS="465" WIDTH="756" HEIGHT="28">
							<String ID="string_55" HPOS="120" VPOS="467" WIDTH="33" HEIGHT="22" WC="0.93" CONTENT="för"/><SP WIDTH="18" VPOS="467" HPOS="153"/>
							<String ID="string_56" HPOS="171" VPOS="467" WIDTH="66" HEIGHT="21" WC="0.92" CONTENT="fader"/><SP WIDTH="18" VPOS="467" HPOS="237"/>
							<String ID="string_57" HPOS="255" VPOS="466" WIDTH="43" HEIGHT="23" WC="0.96" CONTENT="och"/><SP WIDTH="18" VPOS="466" HPOS="298"/>
							<String ID="string_58" HPOS="316" VPOS="475" WIDTH="29" HEIGHT="13" WC="0.96" CONTENT="en"/><SP WIDTH="18" VPOS="475" HPOS="345"/>
							<String ID="string_59" HPOS="363" VPOS="467" WIDTH="57" HEIGHT="21" WC="0.93" CONTENT="eller"/><SP WIDTH="18" VPOS="467" HPOS="420"/>
							<String ID="string_60" HPOS="438" VPOS="466" WIDTH="55" HEIGHT="22" WC="0.89" CONTENT="flere"/><SP WIDTH="18" VPOS="466" HPOS="493"/>
							<String ID="string_61" HPOS="511" VPOS="466" WIDTH="52" HEIGHT="21" WC="0.90" CONTENT="icke"/><SP WIDTH="19" VPOS="466" HPOS="563"/>
							<String ID="string_62" HPOS="582" VPOS="466" WIDTH="123" HEIGHT="21" WC="0.92" CONTENT="fullvuxna"/><SP WIDTH="18" VPOS="466" HPOS="705"/>
							<String ID="string_63" HPOS="723" VPOS="466" WIDTH="98" HEIGHT="27" WC="0.92" CONTENT="bröder),"/><SP WIDTH="12" VPOS="466" HPOS="821"/>
							<String ID="string_64" HPOS="833" VPOS="465" WIDTH="43" HEIGHT="22" WC="0.96" CONTENT="har"/>
						</TextLine>
						<TextLine ID="line_9" HPOS="118" VPOS="500" WIDTH="758" HEIGHT="29">
							<String ID="string_65" HPOS="118" VPOS="501" WIDTH="111" HEIGHT="22" WC="0.51" CONTENT="Komitön"/><SP WIDTH="20" VPOS="501" HPOS="229"/>
							<String ID="string_66" HPOS="249" VPOS="504" WIDTH="76" HEIGHT="19" WC="0.93" CONTENT="ansett"/><SP WIDTH="17" VPOS="504" HPOS="325"/>
							<String ID="string_67" HPOS="342" VPOS="501" WIDTH="83" HEIGHT="28" WC="0.92" CONTENT="nödigt"/><SP WIDTH="18" VPOS="501" HPOS="425"/>
							<String ID="string_68" HPOS="443" VPOS="500" WIDTH="85" HEIGHT="29" WC="0.96" CONTENT="utbyta"/><SP WIDTH="18" VPOS="500" HPOS="528"/>
							<String ID="string_69" HPOS="546" VPOS="502" WIDTH="13" HEIGHT="25" WC="0.38" CONTENT="8"/><SP WIDTH="20" VPOS="502" HPOS="559"/>
							<String ID="string_70" HPOS="579" VPOS="501" WIDTH="31" HEIGHT="21" WC="0.96" CONTENT="26"/><SP WIDTH="21" VPOS="501" HPOS="610"/>
							<String ID="string_71" HPOS="631" VPOS="503" WIDTH="62" HEIGHT="19" WC="0.96" CONTENT="emot"/><SP WIDTH="10" VPOS="503" HPOS="693"/>
							<String ID="string_72" HPOS="703" VPOS="504" WIDTH="42" HEIGHT="18" WC="0.96" CONTENT="art."/><SP WIDTH="14" VPOS="504" HPOS="745"/>
							<String ID="string_73" HPOS="759" VPOS="501" WIDTH="31" HEIGHT="21" WC="0.95" CONTENT="45"/><SP WIDTH="12" VPOS="501" HPOS="790"/>
							<String ID="string_74" HPOS="802" VPOS="501" WIDTH="7" HEIGHT="21" WC="0.93" CONTENT="i"/><SP WIDTH="9" VPOS="501" HPOS="809"/>
							<String ID="string_75" HPOS="818" VPOS="501" WIDTH="58" HEIGHT="28" WC="0.93" CONTENT="Kej-"/>
						</TextLine>
						<TextLine ID="line_10" HPOS="118" VPOS="535" WIDTH="756" HEIGHT="29">
							<String ID="string_76" HPOS="118" VPOS="536" WIDTH="126" HEIGHT="21" WC="0.91" CONTENT="sardömets"/><SP WIDTH="27" VPOS="536" HPOS="244"/>
							<String ID="string_77" HPOS="271" VPOS="536" WIDTH="45" HEIGHT="28" WC="0.96" CONTENT="lag,"/><SP WIDTH="28" VPOS="536" HPOS="316"/>
							<String ID="string_78" HPOS="344" VPOS="535" WIDTH="52" HEIGHT="22" WC="0.93" CONTENT="med"/><SP WIDTH="21" VPOS="535" HPOS="396"/>
							<String ID="string_79" HPOS="417" VPOS="535" WIDTH="85" HEIGHT="29" WC="0.88" CONTENT="tillägg"/><SP WIDTH="19" VPOS="535" HPOS="502"/>
							<String ID="string_80" HPOS="521" VPOS="535" WIDTH="23" HEIGHT="22" WC="0.96" CONTENT="af"/><SP WIDTH="18" VPOS="535" HPOS="544"/>
							<String ID="string_81" HPOS="562" VPOS="535" WIDTH="103" HEIGHT="29" WC="0.93" CONTENT="följande"/><SP WIDTH="19" VPOS="535" HPOS="665"/>
							<String ID="string_82" HPOS="684" VPOS="535" WIDTH="190" HEIGHT="28" WC="0.92" CONTENT="anmärkningar:"/>
						</TextLine>
						<TextLine ID="line_11" HPOS="123" VPOS="569" WIDTH="753" HEIGHT="29">
							<String ID="string_83" HPOS="123" VPOS="571" WIDTH="19" HEIGHT="25" WC="0.96" CONTENT="1)"/><SP WIDTH="29" VPOS="571" HPOS="142"/>
							<String ID="string_84" HPOS="171" VPOS="578" WIDTH="36" HEIGHT="13" WC="0.92" CONTENT="om"/><SP WIDTH="28" VPOS="578" HPOS="207"/>
							<String ID="string_85" HPOS="235" VPOS="570" WIDTH="161" HEIGHT="21" WC="0.93" CONTENT="bibehållande"/><SP WIDTH="25" VPOS="570" HPOS="396"/>
							<String ID="string_86" HPOS="421" VPOS="570" WIDTH="23" HEIGHT="21" WC="0.93" CONTENT="af"/><SP WIDTH="18" VPOS="570" HPOS="444"/>
							<String ID="string_87" HPOS="462" VPOS="569" WIDTH="115" HEIGHT="28" WC="0.96" CONTENT="rättighet"/><SP WIDTH="18" VPOS="569" HPOS="577"/>
							<String ID="string_88" HPOS="595" VPOS="569" WIDTH="37" HEIGHT="21" WC="0.92" CONTENT="till"/><SP WIDTH="20" VPOS="569" HPOS="632"/>
							<String ID="string_89" HPOS="652" VPOS="569" WIDTH="103" HEIGHT="29" WC="0.96" CONTENT="eftergift"/><SP WIDTH="18" VPOS="569" HPOS="755"/>
							<String ID="string_90" HPOS="773" VPOS="570" WIDTH="24" HEIGHT="20" WC="0.93" CONTENT="af"/><SP WIDTH="20" VPOS="570" HPOS="797"/>
							<String ID="string_91" HPOS="817" VPOS="570" WIDTH="59" HEIGHT="20" WC="0.91" CONTENT="1:sta"/>
						</TextLine>
						<TextLine ID="line_12" HPOS="118" VPOS="603" WIDTH="758" HEIGHT="29">
							<String ID="string_92" HPOS="118" VPOS="604" WIDTH="124" HEIGHT="28" WC="0.92" CONTENT="kategorin"/><SP WIDTH="19" VPOS="604" HPOS="242"/>
							<String ID="string_93" HPOS="261" VPOS="604" WIDTH="57" HEIGHT="21" WC="0.96" CONTENT="efter"/><SP WIDTH="19" VPOS="604" HPOS="318"/>
							<String ID="string_94" HPOS="337" VPOS="604" WIDTH="28" HEIGHT="21" WC="0.90" CONTENT="de"/><SP WIDTH="18" VPOS="604" HPOS="365"/>
							<String ID="string_95" HPOS="383" VPOS="611" WIDTH="121" HEIGHT="21" WC="0.90" CONTENT="personers"/><SP WIDTH="19" VPOS="611" HPOS="504"/>
							<String ID="string_96" HPOS="523" VPOS="603" WIDTH="52" HEIGHT="28" WC="0.96" CONTENT="död,"/><SP WIDTH="20" VPOS="603" HPOS="575"/>
							<String ID="string_97" HPOS="595" VPOS="604" WIDTH="36" HEIGHT="22" WC="0.93" CONTENT="för"/><SP WIDTH="9" VPOS="604" HPOS="631"/>
							<String ID="string_98" HPOS="640" VPOS="604" WIDTH="81" HEIGHT="22" WC="0.93" CONTENT="hvilka"/><SP WIDTH="10" VPOS="604" HPOS="721"/>
							<String ID="string_99" HPOS="731" VPOS="603" WIDTH="66" HEIGHT="22" WC="0.93" CONTENT="dessa"/><SP WIDTH="11" VPOS="603" HPOS="797"/>
							<String ID="string_100" HPOS="808" VPOS="604" WIDTH="68" HEIGHT="20" WC="0.92" CONTENT="efter-"/>
						</TextLine>
						<TextLine ID="line_13" HPOS="119" VPOS="638" WIDTH="757" HEIGHT="30">
							<String ID="string_101" HPOS="119" VPOS="638" WIDTH="70" HEIGHT="29" WC="0.92" CONTENT="gifter"/><SP WIDTH="18" VPOS="638" HPOS="189"/>
							<String ID="string_102" HPOS="207" VPOS="638" WIDTH="79" HEIGHT="22" WC="0.90" CONTENT="blifvit"/><SP WIDTH="12" VPOS="638" HPOS="286"/>
							<String ID="string_103" HPOS="298" VPOS="638" WIDTH="122" HEIGHT="29" WC="0.92" CONTENT="beviljade,"/><SP WIDTH="15" VPOS="638" HPOS="420"/>
							<String ID="string_104" HPOS="435" VPOS="639" WIDTH="22" HEIGHT="26" WC="0.93" CONTENT="2)"/><SP WIDTH="16" VPOS="639" HPOS="457"/>
							<String ID="string_105" HPOS="473" VPOS="638" WIDTH="122" HEIGHT="28" WC="0.92" CONTENT="angäende"/><SP WIDTH="10" VPOS="638" HPOS="595"/>
							<String ID="string_106" HPOS="605" VPOS="639" WIDTH="131" HEIGHT="29" WC="0.92" CONTENT="stjufsöner,"/><SP WIDTH="11" VPOS="639" HPOS="736"/>
							<String ID="string_107" HPOS="747" VPOS="638" WIDTH="44" HEIGHT="22" WC="0.96" CONTENT="och"/><SP WIDTH="10" VPOS="638" HPOS="791"/>
							<String ID="string_108" HPOS="801" VPOS="639" WIDTH="23" HEIGHT="25" WC="0.93" CONTENT="3)"/><SP WIDTH="12" VPOS="639" HPOS="824"/>
							<String ID="string_109" HPOS="836" VPOS="645" WIDTH="40" HEIGHT="14" WC="0.92" CONTENT="an-"/>
						</TextLine>
						<TextLine ID="line_14" HPOS="118" VPOS="672" WIDTH="655" HEIGHT="30">
							<String ID="string_110" HPOS="118" VPOS="673" WIDTH="89" HEIGHT="28" WC="0.91" CONTENT="gäende"/><SP WIDTH="19" VPOS="673" HPOS="207"/>
							<String ID="string_111" HPOS="226" VPOS="680" WIDTH="114" HEIGHT="22" WC="0.96" CONTENT="personer,"/><SP WIDTH="20" VPOS="680" HPOS="340"/>
							<String ID="string_112" HPOS="360" VPOS="680" WIDTH="47" HEIGHT="14" WC="0.91" CONTENT="som"/><SP WIDTH="20" VPOS="680" HPOS="407"/>
							<String ID="string_113" HPOS="427" VPOS="672" WIDTH="79" HEIGHT="22" WC="0.91" CONTENT="blifvit"/><SP WIDTH="18" VPOS="672" HPOS="506"/>
							<String ID="string_114" HPOS="524" VPOS="672" WIDTH="71" HEIGHT="29" WC="0.91" CONTENT="vigda"/><SP WIDTH="18" VPOS="672" HPOS="595"/>
							<String ID="string_115" HPOS="613" VPOS="673" WIDTH="38" HEIGHT="21" WC="0.93" CONTENT="till"/><SP WIDTH="18" VPOS="673" HPOS="651"/>
							<String ID="string_116" HPOS="669" VPOS="672" WIDTH="104" HEIGHT="22" WC="0.92" CONTENT="munkar."/>
						</TextLine>
					</TextBlock>
					<TextBlock ID="block_3" HPOS="118" VPOS="706" WIDTH="761" HEIGHT="305">
						<TextLine ID="line_15" HPOS="189" VPOS="706" WIDTH="687" HEIGHT="30">
							<String ID="string_117" HPOS="189" VPOS="707" WIDTH="176" HEIGHT="22" WC="0.91" CONTENT="Godkännande"/><SP WIDTH="20" VPOS="707" HPOS="365"/>
							<String ID="string_118" HPOS="385" VPOS="707" WIDTH="157" HEIGHT="29" WC="0.81" CONTENT="affattningen"/><SP WIDTH="20" VPOS="707" HPOS="542"/>
							<String ID="string_119" HPOS="562" VPOS="708" WIDTH="22" HEIGHT="20" WC="0.96" CONTENT="af"/><SP WIDTH="19" VPOS="708" HPOS="584"/>
							<String ID="string_120" HPOS="603" VPOS="711" WIDTH="42" HEIGHT="18" WC="0.96" CONTENT="art."/><SP WIDTH="18" VPOS="711" HPOS="645"/>
							<String ID="string_121" HPOS="663" VPOS="708" WIDTH="38" HEIGHT="26" WC="0.93" CONTENT="33,"/><SP WIDTH="11" VPOS="708" HPOS="701"/>
							<String ID="string_122" HPOS="712" VPOS="706" WIDTH="107" HEIGHT="22" WC="0.93" CONTENT="framhöll"/><SP WIDTH="8" VPOS="706" HPOS="819"/>
							<String ID="string_123" HPOS="827" VPOS="706" WIDTH="49" HEIGHT="22" WC="0.93" CONTENT="Ko-"/>
						</TextLine>
						<TextLine ID="line_16" HPOS="119" VPOS="741" WIDTH="757" HEIGHT="29">
							<String ID="string_124" HPOS="119" VPOS="741" WIDTH="84" HEIGHT="21" WC="0.93" CONTENT="mitens"/><SP WIDTH="19" VPOS="741" HPOS="203"/>
							<String ID="string_125" HPOS="222" VPOS="742" WIDTH="74" HEIGHT="21" WC="0.92" CONTENT="finsko"/><SP WIDTH="18" VPOS="742" HPOS="296"/>
							<String ID="string_126" HPOS="314" VPOS="742" WIDTH="104" HEIGHT="27" WC="0.96" CONTENT="medlem,"/><SP WIDTH="20" VPOS="742" HPOS="418"/>
							<String ID="string_127" HPOS="438" VPOS="744" WIDTH="34" HEIGHT="18" WC="0.96" CONTENT="att"/><SP WIDTH="18" VPOS="744" HPOS="472"/>
							<String ID="string_128" HPOS="490" VPOS="741" WIDTH="47" HEIGHT="22" WC="0.93" CONTENT="han"/><SP WIDTH="19" VPOS="741" HPOS="537"/>
							<String ID="string_129" HPOS="556" VPOS="742" WIDTH="20" HEIGHT="28" WC="0.91" CONTENT="ej"/><SP WIDTH="20" VPOS="742" HPOS="576"/>
							<String ID="string_130" HPOS="596" VPOS="742" WIDTH="78" HEIGHT="21" WC="0.93" CONTENT="kunde"/><SP WIDTH="18" VPOS="742" HPOS="674"/>
							<String ID="string_131" HPOS="692" VPOS="742" WIDTH="79" HEIGHT="21" WC="0.92" CONTENT="förena"/><SP WIDTH="19" VPOS="742" HPOS="771"/>
							<String ID="string_132" HPOS="790" VPOS="741" WIDTH="36" HEIGHT="29" WC="0.96" CONTENT="sig"/><SP WIDTH="13" VPOS="741" HPOS="826"/>
							<String ID="string_133" HPOS="839" VPOS="748" WIDTH="37" HEIGHT="14" WC="0.96" CONTENT="om"/>
						</TextLine>
						<TextLine ID="line_17" HPOS="118" VPOS="775" WIDTH="758" HEIGHT="29">
							<String ID="string_134" HPOS="118" VPOS="776" WIDTH="123" HEIGHT="22" WC="0.91" CONTENT="Komitens"/><SP WIDTH="19" VPOS="776" HPOS="241"/>
							<String ID="string_135" HPOS="260" VPOS="776" WIDTH="61" HEIGHT="28" WC="0.92" CONTENT="äsigt"/><SP WIDTH="19" VPOS="776" HPOS="321"/>
							<String ID="string_136" HPOS="340" VPOS="776" WIDTH="119" HEIGHT="28" WC="0.91" CONTENT="angäende"/><SP WIDTH="18" VPOS="776" HPOS="459"/>
							<String ID="string_137" HPOS="477" VPOS="776" WIDTH="105" HEIGHT="28" WC="0.92" CONTENT="lydelsen"/><SP WIDTH="19" VPOS="776" HPOS="582"/>
							<String ID="string_138" HPOS="601" VPOS="777" WIDTH="23" HEIGHT="21" WC="0.96" CONTENT="af"/><SP WIDTH="18" VPOS="777" HPOS="624"/>
							<String ID="string_139" HPOS="642" VPOS="776" WIDTH="45" HEIGHT="22" WC="0.96" CONTENT="den"/><SP WIDTH="19" VPOS="776" HPOS="687"/>
							<String ID="string_140" HPOS="706" VPOS="776" WIDTH="7" HEIGHT="21" WC="0.93" CONTENT="i"/><SP WIDTH="19" VPOS="776" HPOS="713"/>
							<String ID="string_141" HPOS="732" VPOS="776" WIDTH="100" HEIGHT="21" WC="0.92" CONTENT="artikeln"/><SP WIDTH="10" VPOS="776" HPOS="832"/>
							<String ID="string_142" HPOS="842" VPOS="775" WIDTH="34" HEIGHT="21" WC="0.92" CONTENT="in-"/>
						</TextLine>
						<TextLine ID="line_18" HPOS="118" VPOS="809" WIDTH="758" HEIGHT="30">
							<String ID="string_143" HPOS="118" VPOS="810" WIDTH="90" HEIGHT="28" WC="0.92" CONTENT="gäende"/><SP WIDTH="19" VPOS="810" HPOS="208"/>
							<String ID="string_144" HPOS="227" VPOS="810" WIDTH="65" HEIGHT="22" WC="0.91" CONTENT="2:dra"/><SP WIDTH="19" VPOS="810" HPOS="292"/>
							<String ID="string_145" HPOS="311" VPOS="810" WIDTH="190" HEIGHT="28" WC="0.92" CONTENT="anmärkningen,"/><SP WIDTH="11" VPOS="810" HPOS="501"/>
							<String ID="string_146" HPOS="512" VPOS="810" WIDTH="97" HEIGHT="22" WC="0.92" CONTENT="emedan"/><SP WIDTH="10" VPOS="810" HPOS="609"/>
							<String ID="string_147" HPOS="619" VPOS="811" WIDTH="74" HEIGHT="28" WC="0.96" CONTENT="enligt"/><SP WIDTH="10" VPOS="811" HPOS="693"/>
							<String ID="string_148" HPOS="703" VPOS="810" WIDTH="75" HEIGHT="22" WC="0.93" CONTENT="denna"/><SP WIDTH="9" VPOS="810" HPOS="778"/>
							<String ID="string_149" HPOS="787" VPOS="809" WIDTH="89" HEIGHT="29" WC="0.92" CONTENT="lydelse"/>
						</TextLine>
						<TextLine ID="line_19" HPOS="119" VPOS="844" WIDTH="759" HEIGHT="30">
							<String ID="string_150" HPOS="119" VPOS="845" WIDTH="131" HEIGHT="29" WC="0.91" CONTENT="stjufsöner,"/><SP WIDTH="19" VPOS="845" HPOS="250"/>
							<String ID="string_151" HPOS="269" VPOS="844" WIDTH="82" HEIGHT="22" WC="0.92" CONTENT="hvilka"/><SP WIDTH="17" VPOS="844" HPOS="351"/>
							<String ID="string_152" HPOS="368" VPOS="845" WIDTH="75" HEIGHT="28" WC="0.93" CONTENT="enligt"/><SP WIDTH="17" VPOS="845" HPOS="443"/>
							<String ID="string_153" HPOS="460" VPOS="845" WIDTH="95" HEIGHT="28" WC="0.92" CONTENT="uppgift"/><SP WIDTH="15" VPOS="845" HPOS="555"/>
							<String ID="string_154" HPOS="570" VPOS="845" WIDTH="23" HEIGHT="21" WC="0.93" CONTENT="af"/><SP WIDTH="18" VPOS="845" HPOS="593"/>
							<String ID="string_155" HPOS="611" VPOS="844" WIDTH="123" HEIGHT="30" WC="0.92" CONTENT="stjuffader"/><SP WIDTH="10" VPOS="844" HPOS="734"/>
							<String ID="string_156" HPOS="744" VPOS="844" WIDTH="57" HEIGHT="22" WC="0.93" CONTENT="eller"/><SP WIDTH="9" VPOS="844" HPOS="801"/>
							<String ID="string_157" HPOS="810" VPOS="844" WIDTH="68" HEIGHT="29" WC="0.89" CONTENT="stjuf-"/>
						</TextLine>
						<TextLine ID="line_20" HPOS="119" VPOS="878" WIDTH="759" HEIGHT="30">
							<String ID="string_158" HPOS="119" VPOS="879" WIDTH="79" HEIGHT="21" WC="0.90" CONTENT="moder"/><SP WIDTH="18" VPOS="879" HPOS="198"/>
							<String ID="string_159" HPOS="216" VPOS="879" WIDTH="51" HEIGHT="21" WC="0.90" CONTENT="icke"/><SP WIDTH="19" VPOS="879" HPOS="267"/>
							<String ID="string_160" HPOS="286" VPOS="882" WIDTH="83" HEIGHT="25" WC="0.93" CONTENT="utgöra"/><SP WIDTH="18" VPOS="882" HPOS="369"/>
							<String ID="string_161" HPOS="387" VPOS="879" WIDTH="117" HEIGHT="28" WC="0.91" CONTENT="familjens"/><SP WIDTH="19" VPOS="879" HPOS="504"/>
							<String ID="string_162" HPOS="523" VPOS="879" WIDTH="58" HEIGHT="27" WC="0.93" CONTENT="stöd,"/><SP WIDTH="21" VPOS="879" HPOS="581"/>
							<String ID="string_163" HPOS="602" VPOS="880" WIDTH="20" HEIGHT="28" WC="0.93" CONTENT="ej"/><SP WIDTH="11" VPOS="880" HPOS="622"/>
							<String ID="string_164" HPOS="633" VPOS="879" WIDTH="76" HEIGHT="21" WC="0.93" CONTENT="skulle"/><SP WIDTH="10" VPOS="879" HPOS="709"/>
							<String ID="string_165" HPOS="719" VPOS="879" WIDTH="114" HEIGHT="21" WC="0.92" CONTENT="erkännas"/><SP WIDTH="10" VPOS="879" HPOS="833"/>
							<String ID="string_166" HPOS="843" VPOS="878" WIDTH="35" HEIGHT="21" WC="0.96" CONTENT="för"/>
						</TextLine>
						<TextLine ID="line_21" HPOS="120" VPOS="912" WIDTH="759" HEIGHT="30">
							<String ID="string_167" HPOS="120" VPOS="917" WIDTH="66" HEIGHT="18" WC="0.95" CONTENT="söner"/><SP WIDTH="27" VPOS="917" HPOS="186"/>
							<String ID="string_168" HPOS="213" VPOS="913" WIDTH="43" HEIGHT="22" WC="0.89" CONTENT="och"/><SP WIDTH="27" VPOS="913" HPOS="256"/>
							<String ID="string_169" HPOS="283" VPOS="913" WIDTH="148" HEIGHT="29" WC="0.90" CONTENT="följaktligen"/><SP WIDTH="26" VPOS="913" HPOS="431"/>
							<String ID="string_170" HPOS="457" VPOS="913" WIDTH="107" HEIGHT="22" WC="0.77" CONTENT="beröfvas"/><SP WIDTH="25" VPOS="913" HPOS="564"/>
							<String ID="string_171" HPOS="589" VPOS="913" WIDTH="113" HEIGHT="28" WC="0.95" CONTENT="rättighet"/><SP WIDTH="17" VPOS="913" HPOS="702"/>
							<String ID="string_172" HPOS="719" VPOS="913" WIDTH="38" HEIGHT="22" WC="0.93" CONTENT="till"/><SP WIDTH="17" VPOS="913" HPOS="757"/>
							<String ID="string_173" HPOS="774" VPOS="912" WIDTH="105" HEIGHT="29" WC="0.95" CONTENT="eftergift"/>
						</TextLine>
						<TextLine ID="line_22" HPOS="120" VPOS="947" WIDTH="759" HEIGHT="29">
							<String ID="string_174" HPOS="120" VPOS="948" WIDTH="29" HEIGHT="27" WC="0.95" CONTENT="på"/><SP WIDTH="20" VPOS="948" HPOS="149"/>
							<String ID="string_175" HPOS="169" VPOS="947" WIDTH="76" HEIGHT="29" WC="0.96" CONTENT="grund"/><SP WIDTH="19" VPOS="947" HPOS="245"/>
							<String ID="string_176" HPOS="264" VPOS="948" WIDTH="23" HEIGHT="21" WC="0.93" CONTENT="af"/><SP WIDTH="18" VPOS="948" HPOS="287"/>
							<String ID="string_177" HPOS="305" VPOS="947" WIDTH="262" HEIGHT="29" WC="0.90" CONTENT="familjeförhållanden;"/><SP WIDTH="26" VPOS="947" HPOS="567"/>
							<String ID="string_178" HPOS="593" VPOS="947" WIDTH="129" HEIGHT="22" WC="0.96" CONTENT="emellertid"/><SP WIDTH="17" VPOS="947" HPOS="722"/>
							<String ID="string_179" HPOS="739" VPOS="947" WIDTH="47" HEIGHT="22" WC="0.96" CONTENT="kan"/><SP WIDTH="19" VPOS="947" HPOS="786"/>
							<String ID="string_180" HPOS="805" VPOS="947" WIDTH="74" HEIGHT="21" WC="0.96" CONTENT="sådan"/>
						</TextLine>
						<TextLine ID="line_23" HPOS="120" VPOS="981" WIDTH="587" HEIGHT="30">
							<String ID="string_181" HPOS="120" VPOS="983" WIDTH="94" HEIGHT="28" WC="0.94" CONTENT="uppgift"/><SP WIDTH="17" VPOS="983" HPOS="214"/>
							<String ID="string_182" HPOS="231" VPOS="990" WIDTH="56" HEIGHT="13" WC="0.96" CONTENT="vara"/><SP WIDTH="18" VPOS="990" HPOS="287"/>
							<String ID="string_183" HPOS="305" VPOS="982" WIDTH="61" HEIGHT="21" WC="0.96" CONTENT="falsk"/><SP WIDTH="19" VPOS="982" HPOS="366"/>
							<String ID="string_184" HPOS="385" VPOS="981" WIDTH="43" HEIGHT="22" WC="0.93" CONTENT="och"/><SP WIDTH="20" VPOS="981" HPOS="428"/>
							<String ID="string_185" HPOS="448" VPOS="982" WIDTH="109" HEIGHT="21" WC="0.91" CONTENT="dikterad"/><SP WIDTH="19" VPOS="982" HPOS="557"/>
							<String ID="string_186" HPOS="576" VPOS="982" WIDTH="23" HEIGHT="21" WC="0.95" CONTENT="af"/><SP WIDTH="18" VPOS="982" HPOS="599"/>
							<String ID="string_187" HPOS="617" VPOS="982" WIDTH="90" HEIGHT="29" WC="0.96" CONTENT="illvilja."/>
						</TextLine>
					</TextBlock>
					<TextBlock ID="block_4" HPOS="120" VPOS="1016" WIDTH="767" HEIGHT="476">
						<TextLine ID="line_24" HPOS="190" VPOS="1016" WIDTH="688" HEIGHT="28">
							<String ID="string_188" HPOS="190" VPOS="1017" WIDTH="83" HEIGHT="21" WC="0.96" CONTENT="Denna"/><SP WIDTH="26" VPOS="1017" HPOS="273"/>
							<String ID="string_189" HPOS="299" VPOS="1016" WIDTH="147" HEIGHT="28" WC="0.96" CONTENT="invändning"/><SP WIDTH="18" VPOS="1016" HPOS="446"/>
							<String ID="string_190" HPOS="464" VPOS="1016" WIDTH="78" HEIGHT="21" WC="0.93" CONTENT="kunde"/><SP WIDTH="19" VPOS="1016" HPOS="542"/>
							<String ID="string_191" HPOS="561" VPOS="1017" WIDTH="112" HEIGHT="21" WC="0.92" CONTENT="Komitén"/><SP WIDTH="18" VPOS="1017" HPOS="673"/>
							<String ID="string_192" HPOS="691" VPOS="1016" WIDTH="73" HEIGHT="21" WC="0.96" CONTENT="likväl"/><SP WIDTH="18" VPOS="1016" HPOS="764"/>
							<String ID="string_193" HPOS="782" VPOS="1016" WIDTH="21" HEIGHT="28" WC="0.96" CONTENT="ej"/><SP WIDTH="20" VPOS="1016" HPOS="803"/>
							<String ID="string_194" HPOS="823" VPOS="1022" WIDTH="55" HEIGHT="15" WC="0.95" CONTENT="anse"/>
						</TextLine>
						<TextLine ID="line_25" HPOS="121" VPOS="1049" WIDTH="758" HEIGHT="30">
							<String ID="string_195" HPOS="121" VPOS="1050" WIDTH="100" HEIGHT="29" WC="0.90" CONTENT="förtjena"/><SP WIDTH="27" VPOS="1050" HPOS="221"/>
							<String ID="string_196" HPOS="248" VPOS="1050" WIDTH="113" HEIGHT="28" WC="0.93" CONTENT="afseende,"/><SP WIDTH="28" VPOS="1050" HPOS="361"/>
							<String ID="string_197" HPOS="389" VPOS="1050" WIDTH="149" HEIGHT="22" WC="0.91" CONTENT="alldenstund"/><SP WIDTH="28" VPOS="1050" HPOS="538"/>
							<String ID="string_198" HPOS="566" VPOS="1050" WIDTH="28" HEIGHT="22" WC="0.94" CONTENT="de"/><SP WIDTH="27" VPOS="1050" HPOS="594"/>
							<String ID="string_199" HPOS="621" VPOS="1051" WIDTH="7" HEIGHT="21" WC="0.94" CONTENT="i"/><SP WIDTH="26" VPOS="1051" HPOS="628"/>
							<String ID="string_200" HPOS="654" VPOS="1051" WIDTH="71" HEIGHT="21" WC="0.94" CONTENT="första"/><SP WIDTH="19" VPOS="1051" HPOS="725"/>
							<String ID="string_201" HPOS="744" VPOS="1050" WIDTH="43" HEIGHT="22" WC="0.96" CONTENT="och"/><SP WIDTH="19" VPOS="1050" HPOS="787"/>
							<String ID="string_202" HPOS="806" VPOS="1049" WIDTH="73" HEIGHT="22" WC="0.96" CONTENT="andra"/>
						</TextLine>
						<TextLine ID="line_26" HPOS="120" VPOS="1084" WIDTH="759" HEIGHT="30">
							<String ID="string_203" HPOS="120" VPOS="1085" WIDTH="164" HEIGHT="28" WC="0.95" CONTENT="kategorierna"/><SP WIDTH="18" VPOS="1085" HPOS="284"/>
							<String ID="string_204" HPOS="302" VPOS="1084" WIDTH="115" HEIGHT="30" WC="0.93" CONTENT="beviljade"/><SP WIDTH="19" VPOS="1084" HPOS="417"/>
							<String ID="string_205" HPOS="436" VPOS="1085" WIDTH="161" HEIGHT="28" WC="0.92" CONTENT="eftergifterna"/><SP WIDTH="19" VPOS="1085" HPOS="597"/>
							<String ID="string_206" HPOS="616" VPOS="1086" WIDTH="29" HEIGHT="28" WC="0.96" CONTENT="pä"/><SP WIDTH="18" VPOS="1086" HPOS="645"/>
							<String ID="string_207" HPOS="663" VPOS="1084" WIDTH="76" HEIGHT="30" WC="0.96" CONTENT="grund"/><SP WIDTH="10" VPOS="1084" HPOS="739"/>
							<String ID="string_208" HPOS="749" VPOS="1084" WIDTH="22" HEIGHT="22" WC="0.86" CONTENT="af"/><SP WIDTH="9" VPOS="1084" HPOS="771"/>
							<String ID="string_209" HPOS="780" VPOS="1084" WIDTH="99" HEIGHT="28" WC="0.77" CONTENT="familje-"/>
						</TextLine>
						<TextLine ID="line_27" HPOS="123" VPOS="1118" WIDTH="756" HEIGHT="30">
							<String ID="string_210" HPOS="123" VPOS="1118" WIDTH="160" HEIGHT="22" WC="0.95" CONTENT="förhållanden"/><SP WIDTH="19" VPOS="1118" HPOS="283"/>
							<String ID="string_211" HPOS="302" VPOS="1123" WIDTH="39" HEIGHT="18" WC="0.93" CONTENT="äro"/><SP WIDTH="19" VPOS="1123" HPOS="341"/>
							<String ID="string_212" HPOS="360" VPOS="1119" WIDTH="130" HEIGHT="28" WC="0.92" CONTENT="faststälda,"/><SP WIDTH="20" VPOS="1119" HPOS="490"/>
							<String ID="string_213" HPOS="510" VPOS="1120" WIDTH="51" HEIGHT="21" WC="0.96" CONTENT="icke"/><SP WIDTH="20" VPOS="1120" HPOS="561"/>
							<String ID="string_214" HPOS="581" VPOS="1120" WIDTH="35" HEIGHT="21" WC="0.96" CONTENT="för"/><SP WIDTH="19" VPOS="1120" HPOS="616"/>
							<String ID="string_215" HPOS="635" VPOS="1119" WIDTH="28" HEIGHT="22" WC="0.93" CONTENT="de"/><SP WIDTH="18" VPOS="1119" HPOS="663"/>
							<String ID="string_216" HPOS="681" VPOS="1118" WIDTH="138" HEIGHT="30" WC="0.84" CONTENT="uppbädade"/><SP WIDTH="9" VPOS="1118" HPOS="819"/>
							<String ID="string_217" HPOS="828" VPOS="1125" WIDTH="51" HEIGHT="21" WC="0.91" CONTENT="per-"/>
						</TextLine>
						<TextLine ID="line_28" HPOS="122" VPOS="1152" WIDTH="756" HEIGHT="30">
							<String ID="string_218" HPOS="122" VPOS="1154" WIDTH="112" HEIGHT="28" WC="0.91" CONTENT="sonligen,"/><SP WIDTH="19" VPOS="1154" HPOS="234"/>
							<String ID="string_219" HPOS="253" VPOS="1157" WIDTH="58" HEIGHT="19" WC="0.96" CONTENT="utan"/><SP WIDTH="19" VPOS="1157" HPOS="311"/>
							<String ID="string_220" HPOS="330" VPOS="1154" WIDTH="35" HEIGHT="22" WC="0.96" CONTENT="för"/><SP WIDTH="17" VPOS="1154" HPOS="365"/>
							<String ID="string_221" HPOS="382" VPOS="1153" WIDTH="66" HEIGHT="22" WC="0.93" CONTENT="deras"/><SP WIDTH="19" VPOS="1153" HPOS="448"/>
							<String ID="string_222" HPOS="467" VPOS="1154" WIDTH="102" HEIGHT="28" WC="0.92" CONTENT="familjer"/><SP WIDTH="18" VPOS="1154" HPOS="569"/>
							<String ID="string_223" HPOS="587" VPOS="1154" WIDTH="62" HEIGHT="27" WC="0.96" CONTENT="eller,"/><SP WIDTH="22" VPOS="1154" HPOS="649"/>
							<String ID="string_224" HPOS="671" VPOS="1154" WIDTH="50" HEIGHT="21" WC="0.96" CONTENT="med"/><SP WIDTH="19" VPOS="1154" HPOS="721"/>
							<String ID="string_225" HPOS="740" VPOS="1153" WIDTH="71" HEIGHT="21" WC="0.96" CONTENT="andra"/><SP WIDTH="19" VPOS="1153" HPOS="811"/>
							<String ID="string_226" HPOS="830" VPOS="1152" WIDTH="48" HEIGHT="27" WC="0.96" CONTENT="ord,"/>
						</TextLine>
						<TextLine ID="line_29" HPOS="123" VPOS="1188" WIDTH="756" HEIGHT="30">
							<String ID="string_227" HPOS="123" VPOS="1188" WIDTH="33" HEIGHT="21" WC="0.95" CONTENT="för"/><SP WIDTH="19" VPOS="1188" HPOS="156"/>
							<String ID="string_228" HPOS="175" VPOS="1190" WIDTH="35" HEIGHT="19" WC="0.95" CONTENT="att"/><SP WIDTH="19" VPOS="1190" HPOS="210"/>
							<String ID="string_229" HPOS="229" VPOS="1188" WIDTH="27" HEIGHT="21" WC="0.93" CONTENT="de"/><SP WIDTH="19" VPOS="1188" HPOS="256"/>
							<String ID="string_230" HPOS="275" VPOS="1188" WIDTH="122" HEIGHT="28" WC="0.90" CONTENT="ifamiljen"/><SP WIDTH="9" VPOS="1188" HPOS="397"/>
							<String ID="string_231" HPOS="406" VPOS="1188" WIDTH="180" HEIGHT="22" WC="0.43" CONTENT="kvarblifvande"/><SP WIDTH="10" VPOS="1188" HPOS="586"/>
							<String ID="string_232" HPOS="596" VPOS="1196" WIDTH="140" HEIGHT="22" WC="0.96" CONTENT="personerna"/><SP WIDTH="10" VPOS="1196" HPOS="736"/>
							<String ID="string_233" HPOS="746" VPOS="1188" WIDTH="51" HEIGHT="21" WC="0.96" CONTENT="icke"/><SP WIDTH="9" VPOS="1188" HPOS="797"/>
							<String ID="string_234" HPOS="806" VPOS="1188" WIDTH="73" HEIGHT="20" WC="0.96" CONTENT="måtte"/>
						</TextLine>
						<TextLine ID="line_30" HPOS="122" VPOS="1222" WIDTH="756" HEIGHT="22">
							<String ID="string_235" HPOS="122" VPOS="1222" WIDTH="107" HEIGHT="22" WC="0.90" CONTENT="beröfvas"/><SP WIDTH="24" VPOS="1222" HPOS="229"/>
							<String ID="string_236" HPOS="253" VPOS="1222" WIDTH="58" HEIGHT="22" WC="0.92" CONTENT="ende"/><SP WIDTH="19" VPOS="1222" HPOS="311"/>
							<String ID="string_237" HPOS="330" VPOS="1222" WIDTH="126" HEIGHT="22" WC="0.92" CONTENT="arbetsföre"/><SP WIDTH="19" VPOS="1222" HPOS="456"/>
							<String ID="string_238" HPOS="475" VPOS="1222" WIDTH="154" HEIGHT="22" WC="0.92" CONTENT="medlemmen"/><SP WIDTH="20" VPOS="1222" HPOS="629"/>
							<String ID="string_239" HPOS="649" VPOS="1223" WIDTH="56" HEIGHT="21" WC="0.93" CONTENT="eller"/><SP WIDTH="18" VPOS="1223" HPOS="705"/>
							<String ID="string_240" HPOS="723" VPOS="1222" WIDTH="58" HEIGHT="22" WC="0.92" CONTENT="ende"/><SP WIDTH="19" VPOS="1222" HPOS="781"/>
							<String ID="string_241" HPOS="800" VPOS="1228" WIDTH="78" HEIGHT="15" WC="0.92" CONTENT="sonen."/>
						</TextLine>
						<TextLine ID="line_31" HPOS="122" VPOS="1255" WIDTH="758" HEIGHT="31">
							<String ID="string_242" HPOS="122" VPOS="1256" WIDTH="82" HEIGHT="22" WC="0.95" CONTENT="Denna"/><SP WIDTH="27" VPOS="1256" HPOS="204"/>
							<String ID="string_243" HPOS="231" VPOS="1257" WIDTH="90" HEIGHT="29" WC="0.93" CONTENT="princip"/><SP WIDTH="19" VPOS="1257" HPOS="321"/>
							<String ID="string_244" HPOS="340" VPOS="1257" WIDTH="42" HEIGHT="21" WC="0.93" CONTENT="har"/><SP WIDTH="18" VPOS="1257" HPOS="382"/>
							<String ID="string_245" HPOS="400" VPOS="1256" WIDTH="79" HEIGHT="22" WC="0.96" CONTENT="blifvit"/><SP WIDTH="19" VPOS="1256" HPOS="479"/>
							<String ID="string_246" HPOS="498" VPOS="1257" WIDTH="55" HEIGHT="29" WC="0.95" CONTENT="lagd"/><SP WIDTH="19" VPOS="1257" HPOS="553"/>
							<String ID="string_247" HPOS="572" VPOS="1258" WIDTH="38" HEIGHT="20" WC="0.96" CONTENT="till"/><SP WIDTH="19" VPOS="1258" HPOS="610"/>
							<String ID="string_248" HPOS="629" VPOS="1257" WIDTH="76" HEIGHT="29" WC="0.96" CONTENT="grund"/><SP WIDTH="17" VPOS="1257" HPOS="705"/>
							<String ID="string_249" HPOS="722" VPOS="1257" WIDTH="36" HEIGHT="21" WC="0.93" CONTENT="för"/><SP WIDTH="18" VPOS="1257" HPOS="758"/>
							<String ID="string_250" HPOS="776" VPOS="1255" WIDTH="104" HEIGHT="29" WC="0.86" CONTENT="eftergif-"/>
						</TextLine>
						<TextLine ID="line_32" HPOS="123" VPOS="1290" WIDTH="757" HEIGHT="30">
							<String ID="string_251" HPOS="123" VPOS="1297" WIDTH="65" HEIGHT="15" WC="0.91" CONTENT="terna"/><SP WIDTH="19" VPOS="1297" HPOS="188"/>
							<String ID="string_252" HPOS="207" VPOS="1292" WIDTH="29" HEIGHT="27" WC="0.96" CONTENT="pä"/><SP WIDTH="17" VPOS="1292" HPOS="236"/>
							<String ID="string_253" HPOS="253" VPOS="1291" WIDTH="76" HEIGHT="29" WC="0.96" CONTENT="grund"/><SP WIDTH="20" VPOS="1291" HPOS="329"/>
							<String ID="string_254" HPOS="349" VPOS="1292" WIDTH="23" HEIGHT="21" WC="0.93" CONTENT="af"/><SP WIDTH="17" VPOS="1292" HPOS="372"/>
							<String ID="string_255" HPOS="389" VPOS="1291" WIDTH="255" HEIGHT="29" WC="0.92" CONTENT="familjeförhällanden"/><SP WIDTH="9" VPOS="1291" HPOS="644"/>
							<String ID="string_256" HPOS="653" VPOS="1291" WIDTH="40" HEIGHT="22" WC="0.93" CONTENT="vid"/><SP WIDTH="11" VPOS="1291" HPOS="693"/>
							<String ID="string_257" HPOS="704" VPOS="1290" WIDTH="176" HEIGHT="23" WC="0.92" CONTENT="omarbetandet"/>
						</TextLine>
						<TextLine ID="line_33" HPOS="124" VPOS="1325" WIDTH="755" HEIGHT="29">
							<String ID="string_258" HPOS="124" VPOS="1325" WIDTH="22" HEIGHT="20" WC="0.92" CONTENT="af"/><SP WIDTH="17" VPOS="1325" HPOS="146"/>
							<String ID="string_259" HPOS="163" VPOS="1326" WIDTH="215" HEIGHT="28" WC="0.92" CONTENT="värnepligtslagen"/><SP WIDTH="18" VPOS="1326" HPOS="378"/>
							<String ID="string_260" HPOS="396" VPOS="1326" WIDTH="35" HEIGHT="21" WC="0.93" CONTENT="för"/><SP WIDTH="18" VPOS="1326" HPOS="431"/>
							<String ID="string_261" HPOS="449" VPOS="1326" WIDTH="172" HEIGHT="28" WC="0.92" CONTENT="Kejsardömet;"/><SP WIDTH="14" VPOS="1326" HPOS="621"/>
							<String ID="string_262" HPOS="635" VPOS="1326" WIDTH="76" HEIGHT="21" WC="0.96" CONTENT="denna"/><SP WIDTH="10" VPOS="1326" HPOS="711"/>
							<String ID="string_263" HPOS="721" VPOS="1325" WIDTH="158" HEIGHT="29" WC="0.96" CONTENT="uppfattning,"/>
						</TextLine>
						<TextLine ID="line_34" HPOS="123" VPOS="1359" WIDTH="757" HEIGHT="29">
							<String ID="string_264" HPOS="123" VPOS="1359" WIDTH="64" HEIGHT="21" WC="0.90" CONTENT="delas"/><SP WIDTH="28" VPOS="1359" HPOS="187"/>
							<String ID="string_265" HPOS="215" VPOS="1360" WIDTH="68" HEIGHT="21" WC="0.90" CONTENT="äfven"/><SP WIDTH="24" VPOS="1360" HPOS="283"/>
							<String ID="string_266" HPOS="307" VPOS="1360" WIDTH="22" HEIGHT="21" WC="0.93" CONTENT="af"/><SP WIDTH="18" VPOS="1360" HPOS="329"/>
							<String ID="string_267" HPOS="347" VPOS="1359" WIDTH="154" HEIGHT="29" WC="0.91" CONTENT="Dirigerande"/><SP WIDTH="19" VPOS="1359" HPOS="501"/>
							<String ID="string_268" HPOS="520" VPOS="1360" WIDTH="109" HEIGHT="27" WC="0.92" CONTENT="Senaten,"/><SP WIDTH="20" VPOS="1360" HPOS="629"/>
							<String ID="string_269" HPOS="649" VPOS="1360" WIDTH="64" HEIGHT="21" WC="0.92" CONTENT="detta"/><SP WIDTH="18" VPOS="1360" HPOS="713"/>
							<String ID="string_270" HPOS="731" VPOS="1360" WIDTH="83" HEIGHT="28" WC="0.92" CONTENT="högsta"/><SP WIDTH="19" VPOS="1360" HPOS="814"/>
							<String ID="string_271" HPOS="833" VPOS="1361" WIDTH="47" HEIGHT="25" WC="0.92" CONTENT="sty-"/>
						</TextLine>
						<TextLine ID="line_35" HPOS="122" VPOS="1393" WIDTH="758" HEIGHT="30">
							<String ID="string_272" HPOS="122" VPOS="1393" WIDTH="123" HEIGHT="28" WC="0.89" CONTENT="relseverk,"/><SP WIDTH="20" VPOS="1393" HPOS="245"/>
							<String ID="string_273" HPOS="265" VPOS="1402" WIDTH="49" HEIGHT="13" WC="0.93" CONTENT="som"/><SP WIDTH="19" VPOS="1402" HPOS="314"/>
							<String ID="string_274" HPOS="333" VPOS="1395" WIDTH="111" HEIGHT="28" WC="0.92" CONTENT="slutligen"/><SP WIDTH="19" VPOS="1395" HPOS="444"/>
							<String ID="string_275" HPOS="463" VPOS="1394" WIDTH="67" HEIGHT="29" WC="0.92" CONTENT="afgör"/><SP WIDTH="18" VPOS="1394" HPOS="530"/>
							<String ID="string_276" HPOS="548" VPOS="1395" WIDTH="47" HEIGHT="21" WC="0.93" CONTENT="alla"/><SP WIDTH="13" VPOS="1395" HPOS="595"/>
							<String ID="string_277" HPOS="608" VPOS="1395" WIDTH="79" HEIGHT="28" WC="0.92" CONTENT="frägor"/><SP WIDTH="13" VPOS="1395" HPOS="687"/>
							<String ID="string_278" HPOS="700" VPOS="1393" WIDTH="119" HEIGHT="30" WC="0.92" CONTENT="angäende"/><SP WIDTH="10" VPOS="1393" HPOS="819"/>
							<String ID="string_279" HPOS="829" VPOS="1397" WIDTH="51" HEIGHT="18" WC="0.93" CONTENT="vär-"/>
						</TextLine>
						<TextLine ID="line_36" HPOS="123" VPOS="1428" WIDTH="764" HEIGHT="29">
							<String ID="string_280" HPOS="123" VPOS="1428" WIDTH="122" HEIGHT="28" WC="0.91" CONTENT="nepligten"/><SP WIDTH="18" VPOS="1428" HPOS="245"/>
							<String ID="string_281" HPOS="263" VPOS="1428" WIDTH="42" HEIGHT="22" WC="0.96" CONTENT="och"/><SP WIDTH="20" VPOS="1428" HPOS="305"/>
							<String ID="string_282" HPOS="325" VPOS="1436" WIDTH="48" HEIGHT="14" WC="0.93" CONTENT="som"/><SP WIDTH="19" VPOS="1436" HPOS="373"/>
							<String ID="string_283" HPOS="392" VPOS="1436" WIDTH="54" HEIGHT="21" WC="0.96" CONTENT="eger"/><SP WIDTH="18" VPOS="1436" HPOS="446"/>
							<String ID="string_284" HPOS="464" VPOS="1429" WIDTH="103" HEIGHT="21" WC="0.97" CONTENT="förklara"/><SP WIDTH="18" VPOS="1429" HPOS="567"/>
							<String ID="string_285" HPOS="585" VPOS="1428" WIDTH="143" HEIGHT="23" WC="0.96" CONTENT="innebörden"/><SP WIDTH="19" VPOS="1428" HPOS="728"/>
							<String ID="string_286" HPOS="747" VPOS="1429" WIDTH="23" HEIGHT="21" WC="0.93" CONTENT="af"/><SP WIDTH="17" VPOS="1429" HPOS="770"/>
							<String ID="string_287" HPOS="787" VPOS="1428" WIDTH="100" HEIGHT="21" WC="0.44" CONTENT="författ-:"/>
						</TextLine>
						<TextLine ID="line_37" HPOS="123" VPOS="1462" WIDTH="757" HEIGHT="30">
							<String ID="string_288" HPOS="123" VPOS="1462" WIDTH="116" HEIGHT="28" WC="0.96" CONTENT="ningarna"/><SP WIDTH="18" VPOS="1462" HPOS="239"/>
							<String ID="string_289" HPOS="257" VPOS="1463" WIDTH="97" HEIGHT="21" WC="0.93" CONTENT="rörande"/><SP WIDTH="22" VPOS="1463" HPOS="354"/>
							<String ID="string_290" HPOS="376" VPOS="1463" WIDTH="169" HEIGHT="29" WC="0.88" CONTENT="värnepligten."/><SP WIDTH="38" VPOS="1463" HPOS="545"/>
							<String ID="string_291" HPOS="583" VPOS="1463" WIDTH="161" HEIGHT="29" WC="0.85" CONTENT="(Dirigerande"/><SP WIDTH="23" VPOS="1463" HPOS="744"/>
							<String ID="string_292" HPOS="767" VPOS="1463" WIDTH="113" HEIGHT="21" WC="0.92" CONTENT="Senatens"/>
						</TextLine>
					</TextBlock>
				</ComposedBlock>
			</PrintSpace>
		</Page>
	</Layout>
</alto>
