1111 1773
262 170 31 21 42

226 239 107 22 Deremot
356 239 43 21 har
416 239 111 21 rubriken
548 239 64 29 ,lag*
632 239 8 21 i
658 238 91 22 landets
767 239 65 21 såväl
850 238 65 23 äldre
933 245 49 15 som

226 281 48 21 nya
291 274 110 28 lagspråk
420 274 94 22 erhållit
532 274 137 28 betydelsen
688 273 23 22 af
728 281 29 13 en
775 273 147 28 författning,
935 280 47 14 om-

226 308 106 22 fattande
352 310 33 20 ett
403 308 159 29 sjelfständigt
580 308 95 21 stående
694 308 44 22 och
755 308 8 21 i
782 308 43 21 och
842 308 37 22 för
897 308 35 27 sig
945 306 37 22 be-

227 343 112 28 gränsadt
356 342 262 30 lagstiftningsområde.
656 342 131 22 Ständerna
806 342 70 22 hafva
894 341 87 21 derföre

228 379 77 20 ansett
324 377 165 22 öfverskriften
508 376 209 30 ,värnepligtslag*
738 377 52 21 bäst
807 379 118 20 motsvara
937 376 44 21 den

227 420 33 13 nu
285 412 130 28 föreslagna
443 412 181 28 författningens
651 411 110 28 innehäll,
780 412 8 20 i
807 412 176 21 öfverensstäm-

227 446 71 22 melse
325 446 51 22 med
404 446 27 22 de
459 447 169 28 benämningar
652 446 130 28 (kyrkolag,
802 446 75 29 sjölag
895 454 29 13 m.
943 445 38 27 fl),

227 488 49 14 som
295 480 115 22 användts
428 481 37 21 för
482 480 114 22 likartade
615 481 132 28 legislativa
767 481 71 21 akter.

296 516 34 20 Pä
348 516 75 28 grund
443 516 23 21 af
484 515 62 22 hvad
564 515 41 21 här
624 515 70 22 ofvan
712 515 79 21 blifvit
801 514 98 29 yttradt,
913 514 69 22 hafva

228 550 132 22 Ständerna
383 550 79 22 funnit
481 550 35 29 sig
534 550 57 22 böra
609 550 41 22 hos
669 550 73 21 Eders
761 550 133 29 Kejserliga
912 550 69 28 Maje-

228 586 48 20 stät
302 584 7 22 i
336 584 187 29 underdänighet
544 584 99 28 anhälla,
664 586 35 20 att
716 584 87 28 förslag
822 584 37 22 till
877 583 105 28 strafflag

227 619 37 21 för
282 618 43 22 den
344 619 76 21 finska
438 620 116 21 militären
572 620 72 21 mätte
656 626 83 21 genom
752 618 72 29 nädig
836 618 146 29 proposition

227 656 54 19 näst
308 654 219 22 sammanträdande
554 653 114 29 landtdag
690 654 141 28 föreläggas;
851 652 43 23 och
913 652 70 22 hafva

229 688 137 28 Ständerna,
385 688 76 22 under
479 688 167 28 förutsättning
665 690 35 20 att
718 688 73 21 Eders
809 688 110 29 Majestät
931 688 51 20 här-

228 722 38 22 till
287 722 9 22 i
314 723 71 21 näder
403 723 93 21 bifaller
514 725 59 19 samt
592 725 35 19 att
646 722 127 22 emellertid
792 722 44 22 den
854 722 36 22 för
908 722 75 21 finska

228 757 117 21 militären
372 758 44 21 den
444 758 13 21 9
481 757 66 29 April
572 758 62 20 1877
654 757 123 21 utfärdade
795 757 107 28 strafflag
920 756 63 22 bibe-

227 791 74 22 hålles
328 792 147 27 oförändrad,
503 792 90 22 förenat
621 792 35 28 sig
681 799 36 14 om
739 795 34 18 att
792 794 87 26 antaga
897 791 86 21 nedan-

228 826 103 28 stäende,
359 826 74 22 delvis
460 826 51 22 frän
539 826 39 22 det
604 826 87 29 nädiga
718 826 110 28 förslaget
852 825 131 27 afvikande,

228 861 185 29 värnepligtslag
433 861 37 22 för
487 861 107 28 Finland,
613 861 8 21 i
640 860 96 22 hvilken
755 860 131 22 Ständerna
906 860 78 22 funnit

228 895 61 22 vissa
318 895 153 29 stadganden,
490 895 116 28 nemligen
627 896 20 29 ej
666 895 90 22 mindre
775 896 28 26 $$
824 896 20 27 1,
865 896 13 20 2
898 895 44 22 och
961 895 22 26 3,

228 929 81 22 hvilka
336 930 116 22 innefatta
480 930 100 29 ändring
607 930 23 21 af
648 931 12 26 &
682 931 30 20 18
731 931 7 20 i
757 930 226 28 Regeringsformen,

229 968 29 17 än
277 965 43 21 ock
339 966 33 25 88
385 965 22 28 4,
427 966 21 26 5,
470 965 20 27 6,
510 965 21 27 9,
553 965 36 27 18,
611 965 37 27 19,
668 965 38 27 20,
728 965 53 26 120,
805 965 53 26 121,
880 964 45 21 122
941 963 42 22 och

231 999 55 27 123,
306 999 48 21 dels
375 999 98 22 emedan
491 999 178 22 slutmomenten
687 999 7 21 i
714 1000 12 25 &
747 999 12 21 7
781 999 22 21 af
821 999 131 21 Försäkran
971 999 13 20 ä

228 1033 136 29 Allmogens
392 1034 39 21 fri-
459 1033 42 22 och
528 1033 144 29 rättigheter,
694 1033 81 28 gifven
801 1033 44 21 den
865 1033 31 21 23
916 1033 66 20 Febr.

231 1067 72 28 1789,
328 1068 43 21 och
399 1069 105 28 punkten
535 1068 29 21 10
593 1068 23 21 af
633 1067 182 29 Ridderskapets
834 1067 44 22 och
896 1067 88 22 Adelns

228 1102 135 29 privilegier
381 1103 24 21 af
422 1103 45 21 den
489 1103 29 21 16
538 1102 51 21 Okt.
612 1102 63 21 1723
695 1102 131 28 derigenom
842 1101 73 22 varda
927 1108 57 22 upp-

228 1136 78 28 häfna,
335 1136 48 22 dels
411 1137 52 21 med
488 1136 105 22 afseende
621 1137 13 21 å
653 1136 65 22 dessa
737 1136 101 28 lagrums
859 1136 125 28 betydelse,

228 1170 58 22 böra
304 1172 74 20 såsom
397 1171 274 29 grundlagsstadganden
690 1170 127 22 betraktas.

252 1236 218 32 Öfversättningens
488 1239 112 28 riktighet
619 1239 130 28 bestyrker:
770 1239 25 21 T.
815 1239 14 21 f.
848 1239 111 21 Direktor

229 1274 36 20 för
284 1273 330 30 Generalguvernörskansliet
632 1274 8 20 i
659 1273 103 22 Finland
781 1274 25 20 A.
827 1281 17 13 v.
863 1274 120 20 Minkwitx.

298 1348 183 22 Kollationerat:
499 1348 112 21 Ledamot
630 1348 43 21 och
692 1348 154 27 Sekreterare,

596 1379 211 31 Öfverstelöjtnant
828 1382 87 21 Kritski.
