1111 1789
832 174 14 21 3

124 242 135 29 värnepligt
282 243 74 27 något
380 244 73 19 annat
477 244 85 26 system
580 242 52 21 icke
650 242 82 21 vidare
750 242 46 21 kan
816 249 66 14 anses

125 277 101 21 existera
244 284 40 14 ens
303 277 75 21 såsom
396 278 128 27 temporärt
542 276 104 22 instäldt.

194 311 17 24 e)
227 310 135 29 Bringande
373 311 9 21 i
395 311 238 21 öfverensstämmelse
645 310 53 22 med
708 310 44 22 den
763 310 119 22 allmänna

124 345 172 28 författningen
315 345 23 22 af
356 345 131 28 ordningen
504 345 37 22 för
559 345 164 22 fastställande
742 345 24 22 af
783 344 46 22 den
848 345 34 20 år-

125 380 48 28 liga
200 379 338 29 kompletteringsnumerären,
564 379 91 22 hvilket
679 379 52 22 icke
756 379 60 22 skall
841 379 41 21 ske

126 415 30 28 på
182 413 173 29 framställning
379 413 23 22 af
427 413 101 22 Senaten
552 414 36 21 för
611 413 109 28 Finland,
742 413 51 22 med
812 413 70 22 förbi-

126 448 90 29 gående
239 448 23 22 af
285 448 234 28 Krigsministerium,
543 451 57 19 utan
621 449 30 28 på
673 448 77 28 grund
768 448 23 22 af
810 447 72 29 sagda

126 483 124 21 Ministerii
267 482 161 29 underdåniga
446 483 302 29 föredragningsmemorial,
757 483 35 21 uti
801 482 81 22 hvilka

125 518 73 28 nödig
223 517 90 29 hänsyn
335 517 72 29 tagits
425 517 37 21 till
481 517 309 29 kompletteringsbehofvet,
810 516 71 22 sedan

125 552 176 28 komunicering
318 551 53 22 med
389 551 246 29 Generalguvernören
652 552 64 21 öfver
728 551 102 22 Finland
842 553 41 26 ägt

126 594 51 14 rum
195 586 43 22 och
256 586 114 22 Senatens
387 586 36 22 för
442 586 101 22 Finland
561 586 120 22 utlåtande
700 586 134 22 inhämtats.

195 621 19 28 f)
234 620 174 22 Fastställande
427 621 23 21 af
468 620 179 29 tjänstetiderna
666 621 44 21 och
728 620 131 28 eftergifter
874 620 8 20 i

126 655 103 29 tjänsten
248 655 35 21 för
301 655 74 21 finske
393 654 111 29 frivillige
523 654 43 22 och
578 655 133 22 volontärer
723 655 8 21 i
743 654 75 22 likhet
829 654 53 22 med

127 689 28 22 de
182 689 230 28 tidsbestämningar,
439 690 130 28 eftergifter
596 690 43 21 och
663 689 145 28 rättigheter,
833 696 50 14 som

126 724 76 21 finnas
220 723 112 29 stadgade
350 724 35 20 för
402 724 112 28 frivillige
533 724 43 22 och
594 724 133 22 volontärer
742 724 52 21 frän
808 723 76 28 öfriga

126 758 64 22 delar
209 758 22 22 af
249 758 183 29 Kejsaredömet.

198 792 24 28 5)
240 792 47 22 Vid
314 792 166 22 utarbetandet
508 792 22 22 af
556 792 47 22 den
626 793 8 21 i
658 800 67 14 mom.
748 792 14 21 2
782 792 24 21 af
824 792 59 21 före-

128 827 102 21 varande
258 826 118 22 memorial
400 826 152 22 omförmälda
575 826 159 29 ,Förordning
753 834 36 14 om
807 826 77 21 finska

128 861 130 22 militären?
286 862 37 20 mä
350 861 98 22 beaktas
475 861 102 29 följande
601 861 107 29 grunder,
733 861 81 21 hvilka
836 860 47 21 afse

129 895 117 23 vinnande
264 896 24 21 af
306 898 72 19 större
395 896 162 28 likformighet
575 896 43 21 och
636 896 144 28 enhetlighet
797 895 8 21 i
818 902 66 21 orga-

129 930 132 22 nisationen
289 930 23 22 af
334 930 71 28 sagda
426 930 88 22 militär
532 930 43 22 och
594 930 45 22 alla
657 930 74 28 öfriga
749 930 37 21 till
804 928 80 23 armén

128 964 102 22 hörande
249 967 104 26 trupper:

198 999 21 27 a)
240 998 154 22 Underhället
409 999 24 21 af
448 999 76 21 finska
540 999 116 21 militären
670 998 60 22 skall
742 997 142 23 fortfarande

129 1033 115 21 bestridas
262 1033 52 21 med
332 1033 91 22 landets
442 1040 60 22 egna
519 1033 81 22 medel.
635 1033 87 22 Härför
734 1032 151 28 erforderliga

130 1067 81 29 anslag
229 1068 87 21 införas
334 1068 36 21 uti
385 1068 223 21 Storfurstendömet
619 1067 114 22 Finlands
745 1067 139 29 utgiftsstat.

199 1102 19 27 b)
239 1102 83 21 Denna
340 1102 99 22 militärs
451 1102 119 22 förseende
583 1102 52 22 med
645 1102 108 28 samtliga
761 1100 124 23 förnöden-

129 1136 65 21 heter
212 1136 60 22 skall
289 1136 143 22 fortfarande
452 1137 121 21 ankomma
592 1137 13 21 å
621 1136 102 22 Senaten
735 1136 35 21 för
782 1134 103 23 Finland

129 1172 60 20 samt
207 1170 39 22 det
265 1170 100 22 Senaten
382 1170 176 29 underlydande
573 1170 276 29 Krigskommissariatet;

198 1206 64 20 eller:

198 1240 83 21 Denna
305 1239 98 21 militärs
427 1239 119 22 förseende
564 1239 53 22 med
635 1239 109 28 samtliga
761 1238 124 22 förnöden-

130 1273 65 22 heter
217 1274 137 21 verkställes
372 1273 76 29 enligt
466 1274 117 22 allmänna
600 1273 107 29 grunder,
723 1286 26 2 —
765 1273 59 21 efter
841 1272 45 22 för-

130 1308 100 28 fogande
255 1308 23 22 af
302 1308 199 28 Krigsministerii
524 1308 215 28 Hufvudstyrelser,
764 1307 24 22 af
806 1306 79 22 veder-

131 1342 101 22 börande
244 1342 149 28 afdelningar
406 1342 23 22 af
442 1342 310 28 Militärdistriktsstyrelsen
765 1342 9 21 i
786 1340 100 23 finländ-

131 1377 42 21 ska
198 1377 215 27 militärdistriktet,
438 1377 75 28 enligt
537 1376 107 22 bemälda
665 1375 221 29 Hufvudstyrelsers

130 1411 152 28 utgifsstater,
310 1411 51 21 med
389 1411 120 22 anlitande
538 1411 22 21 af
583 1411 76 21 finska
680 1410 81 28 medel,
781 1418 49 14 som
849 1410 37 21 till

130 1446 49 21 lika
197 1446 85 28 belopp
300 1446 85 28 inflyta
403 1446 38 20 till
458 1445 263 22 Riksskattkammaren.
