1109 1773
797 165 31 20 29

108 233 111 29 ligheten,
229 233 188 29 motsägelserna,
428 233 192 22 obestämdheten
633 233 43 22 och
689 233 174 22 ohållbarheten

109 269 23 20 af
150 268 67 21 dessa
235 268 96 21 motiver
349 267 60 22 hade
427 275 47 21 nog
492 270 84 26 genast
593 267 64 22 fallit
674 268 8 20 i
701 271 97 24 ögonen.

178 303 30 21 Vi
226 302 70 22 hafva
314 301 98 22 sålunda
423 302 85 27 funnit,
519 304 36 19 att
567 301 126 22 ständerna
706 301 158 29 otillbörligen

109 337 70 21 väckt
206 337 82 28 frågan
312 344 36 13 om
371 336 28 21 de
417 336 101 22 militära
536 336 172 29 grundlagarne
728 336 43 21 och
788 335 77 22 beled-

110 373 67 26 sagat
203 371 52 21 sina
278 371 73 21 motiv
374 370 52 22 med
444 370 152 29 motsägande
615 371 44 21 och
676 370 127 29 grundlösa
821 370 44 21 för-

109 405 120 29 klaringar
248 405 43 21 och
309 404 171 29 slutledningar
499 408 60 18 samt
578 407 35 19 att
631 404 234 22 Minister-Statssek-

110 442 115 19 reteraren
243 440 8 21 i
270 439 137 22 skrifvelsen
426 439 43 22 N:o
487 440 47 21 512
552 439 51 21 icke
620 439 117 22 meddelat
751 439 114 29 Krigsmi-

110 475 89 20 nistern
209 474 40 21 det
261 474 57 21 allra
330 474 127 28 vigtigaste
470 474 23 21 af
506 473 137 22 ständernas
657 472 208 30 önskningsmål”).

111 509 44 21 Det
184 513 25 17 är
231 508 113 28 sjelfklart
363 510 35 19 att
417 508 42 21 allt
476 508 65 21 detta
559 508 52 21 icke
630 509 72 28 gjorts
721 511 56 18 utan
797 508 70 28 afsigt

112 543 41 21 och
180 545 33 20 att
237 543 25 21 så
280 543 93 28 mycket
391 542 78 22 arbete
488 543 51 20 icke
557 543 108 28 nedlagts
684 543 29 28 på
731 543 73 21 saken
821 542 46 21 för-

111 578 86 28 gäfves.
234 577 75 21 Också
328 581 25 16 är
371 577 101 28 afsigten
489 577 46 21 lätt
551 577 120 28 skönjbar:
690 585 53 14 man
756 577 111 22 behöfver

112 612 82 21 endast
217 612 68 21 kasta
303 619 28 14 en
350 611 64 22 blick
432 612 31 27 på
481 611 28 22 de
527 611 240 29 landtdagsdebatter,
786 611 79 22 hvilka

111 647 122 27 föregingo
260 645 227 29 värnepligtslagens
515 646 133 28 antagande
676 646 23 21 af
726 645 40 22 det
791 645 76 22 finska

112 681 84 22 folkets
215 683 191 26 representanter,
426 680 43 21 och
487 680 96 28 jemföra
600 680 29 21 de
642 680 29 21 då
683 680 104 21 uttalade
800 680 67 21 verk-

112 715 48 28 liga
178 715 103 21 motiven
299 714 51 22 med
369 709 45 26 den
433 714 94 29 lydelse,
547 722 48 14 som
614 714 125 22 ständerna
753 715 72 28 gåfvo
839 714 28 21 de

112 750 127 27 vigtigaste
257 749 166 28 paragraferna
441 749 8 20 i
467 749 77 22 denna
563 749 46 28 lag.

181 784 36 21 Då
235 784 40 20 vid
293 783 144 29 landtdagen
456 784 65 28 fråga
533 784 96 21 väcktes
643 783 84 28 derom,
741 786 34 19 att
787 787 81 18 värne-

113 818 153 29 pligtslagens
294 818 132 28 antagande
453 818 72 22 borde
549 818 138 29 uppskjutas
710 818 37 21 till
764 817 103 30 följande

113 852 162 28 ständermöte,
293 853 102 27 begynte
420 852 107 22 ledarene
550 852 9 22 i
577 852 99 22 stånden
695 855 34 19 att
747 852 52 22 med
817 860 53 20 syn-

113 887 74 29 nerlig
206 887 59 21 ifver
282 895 118 20 uppmana
419 888 50 20 sina
487 886 138 23 medbröder
643 889 35 19 att
697 887 60 22 afstå
771 887 51 21 från
836 889 33 19 ett

114 923 25 20 så
166 922 152 28 älventyrligt
345 924 58 25 steg,
432 921 100 22 hvarvid
559 922 27 21 de
612 922 79 27 talare,
713 922 80 21 hvilka
811 921 58 29 egde

114 956 287 28 statsmannaegenskaper
423 959 60 18 samt
501 956 78 21 kunde
598 956 49 21 läsa
665 955 62 22 hvad
745 956 125 21 framtiden

113 991 42 20 bar
182 991 7 20 i
211 991 41 20 sitt
271 991 64 20 sköte
355 991 43 20 och
417 990 66 21 tolka
502 990 45 21 den
565 990 146 22 närvarande
729 990 76 22 tidens
824 993 46 18 tec-

113 1025 53 27 ken,
187 1024 52 21 med
267 1024 166 29 uppbjudande
461 1025 23 21 af
512 1025 30 21 all
567 1025 35 21 sin
627 1025 139 28 vältalighet
786 1025 37 22 för
841 1024 28 21 de

114 1059 88 22 mindre
222 1059 94 28 invigde
335 1059 268 28 folkrepresentanterna
619 1062 69 26 öppet
702 1059 111 22 framlade
825 1059 45 21 för-

114 1094 128 28 tjensterna
268 1094 41 21 hos
334 1093 45 22 den
401 1101 47 20 nya
465 1094 215 28 värnepligtslagen
699 1094 8 21 i
725 1093 51 22 dess
794 1093 77 22 finska

114 1128 66 21 form.
216 1128 162 27 Montgomery
395 1127 93 29 yttrade
508 1128 36 27 dä,
563 1128 73 21 bland
655 1130 80 19 annat:
756 1128 60 28 ,Jag
828 1128 43 21 har

114 1162 36 21 för
177 1163 47 20 min
247 1162 37 21 del
302 1162 52 21 icke
372 1162 92 21 kunnat
483 1162 42 22 och
545 1163 46 21 kan
609 1163 52 20 icke
680 1163 71 20 tänka
769 1163 48 28 mig
835 1164 35 19 ett

115 1197 126 28 lagförslag
269 1197 7 20 i
304 1199 78 18 ämnet
409 1204 46 14 som
476 1197 77 21 bättre
572 1201 28 17 än
620 1197 65 21 detta
703 1197 74 21 skulle
796 1197 75 21 öfver-

115 1233 140 19 ensstämmä
272 1231 47 28 just
337 1231 52 21 med
407 1231 76 22 finska
501 1231 84 22 folkets
605 1231 112 28 ställning
736 1231 42 22 och
794 1231 75 22 behof.

116 1265 77 21 Stäldt
219 1265 36 20 uti
281 1265 128 29 jemförelse
434 1265 52 21 med
508 1265 62 22 hvad
589 1273 50 14 som
656 1273 31 14 nu
705 1265 8 22 i
732 1265 106 22 afseende
858 1266 13 20 å

115 1299 213 22 försvarsväsendet
346 1300 80 27 gäller,
445 1300 128 21 innefattar
592 1300 65 21 detta
675 1300 86 27 förslag
779 1300 39 21 väl
837 1301 34 20 ett

116 1333 131 22 oskattbart
274 1333 117 30 framsteg.
427 1334 46 21 Det
500 1334 129 21 innefattar
647 1336 34 19 ett
699 1335 86 28 vigtigt
803 1334 69 21 fram-

185 1423 14 20 *)
213 1422 85 17 Komiten
312 1421 33 18 har
359 1422 38 17 icke
406 1422 60 17 funnit
478 1423 4 16 i
494 1422 155 17 Hufvudstabens
659 1422 52 17 akter
721 1423 59 22 någon
790 1421 81 24 antydan

116 1450 68 18 derom,
197 1453 27 15 att
241 1450 269 18 Minister-Statssckreterarcn
526 1451 116 17 underrättat
656 1452 15 16 K

116 1478 46 17 ende
174 1478 150 24 hemställningen
337 1484 29 12 om
379 1479 23 17 de
415 1480 77 16 militära
505 1479 142 23 grimdlagarne.
