1106 1803
808 123 24 20 61

174 194 50 18 Art.
241 193 49 18 221.
322 190 115 21 Officerare
455 190 40 21 och
506 191 130 26 tjenstemän
649 189 34 21 vid
693 195 106 20 reserven,
812 189 52 22 hvil-

104 228 40 20 kas
154 226 95 21 ansökan
262 231 33 15 om
306 224 150 27 entledigande
467 224 46 21 från
525 231 98 15 reserven
632 224 79 27 afböjts
719 224 24 21 af
749 224 115 21 Distrikts-

104 261 98 25 nämden,
219 260 35 21 må
270 259 97 22 deröfver
382 259 93 21 inlemna
490 259 104 27 skriftligt
609 259 78 21 besvär
702 258 33 21 till
746 259 118 20 Länenäm-

104 296 41 21 den
162 297 56 19 samt
234 293 59 22 öfver
310 293 131 21 sistnämnda
457 293 135 28 myndighets
604 293 72 26 utslag
685 305 25 3 —
721 292 32 22 till
765 293 98 26 Senaten,

104 330 49 21 med
169 328 138 27 iakttagande
323 327 23 22 af
360 327 40 21 den
416 328 91 26 ordning
523 328 39 21 och
579 327 25 22 de
620 328 63 24 tider,
695 333 44 15 som
751 328 69 21 finnas
829 333 35 15 an-

104 364 60 27 gifna
180 364 7 20 i
202 362 90 28 kapitlet
316 362 111 26 angående
450 362 77 21 besvär
543 363 6 20 i
566 362 95 21 ärenden
685 361 90 21 rörande
790 363 74 19 värne-

104 399 90 27 pligten.

174 452 49 18 Art.
248 450 59 19 222.
338 448 37 21 Uti
398 448 82 26 besvär,
497 454 47 16 som
560 448 113 22 aflemnats
690 448 33 22 till
739 448 126 21 Länenämd

104 486 51 26 (art.
172 484 57 26 221),
246 484 34 20 må
296 483 110 21 sökanden
422 483 86 21 anhålla
525 489 34 15 om
570 483 135 21 anställande
716 483 23 21 af
748 489 27 21 ny
785 483 80 27 besigt-

104 520 51 26 ning
170 518 48 21 med
234 518 75 20 honom
325 517 35 21 vid
377 517 93 21 berörda
485 518 70 20 nämd.
582 517 73 22 Sädan
671 518 95 20 ansökan
777 518 55 20 skall
843 517 24 21 af

105 554 69 20 denna
198 552 122 27 myndighet
339 552 91 21 bifallas.
461 552 153 21 Kostnaderna
629 552 35 21 för
679 552 121 22 sökandens
816 558 49 15 resa

104 587 34 21 till
154 586 220 21 läneresidensstaden
390 587 33 20 för
439 592 28 21 ny
482 586 122 27 besigtning
620 586 105 21 bestridas
741 586 23 21 af
776 586 88 26 kronan,

103 621 48 21 ifall
166 620 132 27 klagomålet
311 626 61 16 anses
382 620 109 27 grundadt
503 620 39 22 och
554 620 164 27 ifrågavarande
729 627 77 21 person
817 621 48 21 icke

104 655 80 21 önskar
204 654 95 22 bestrida
315 655 108 21 desamma
439 654 48 22 med
503 661 53 21 egna
572 655 79 26 medel;
668 654 107 22 förkastas
791 655 73 27 klago-

104 689 73 27 målet,
196 690 24 20 är
243 689 119 26 klaganden
382 689 83 27 skyldig
480 688 105 28 godtgöra
601 689 82 21 kronan
701 690 25 20 de
742 689 121 26 kostnader,

105 723 71 22 denna
190 723 74 21 härför
279 723 106 21 vidkänts.

174 777 50 19 Art.
240 777 59 19 223.
323 775 9 21 I
346 781 99 15 reserven
457 775 88 21 stående
556 774 111 23 officerare
679 776 39 21 och
729 776 134 30 tjenstemän,

105 810 85 21 hvilkas
206 809 93 21 ansökan
316 815 34 15 om
367 809 148 27 entledigande
526 809 47 21 från
585 816 100 15 reserven
697 810 81 28 afböjts
788 818 75 20 genom

104 844 114 22 Distrikts-
233 844 51 20 eller
300 843 135 21 Länenämds
450 844 77 26 utslag,
539 844 118 26 berättigas
667 847 33 19 att
710 844 76 28 förnya
797 846 66 22 sådan

104 878 98 22 ansökan
219 878 53 21 efter
288 878 106 27 förloppet
410 877 23 22 af
447 880 31 19 ett
494 878 24 20 år
534 878 45 21 från
594 878 40 21 den
647 879 42 27 dag
700 880 82 27 slutligt
793 881 71 27 utslag

103 919 36 15 om
156 912 107 22 ansökans
278 912 139 22 förkastande
433 912 63 21 fallit.

340 1027 135 22 SEXTONDE
491 1028 136 22 KAPITLET.

393 1090 34 22 Om
444 1091 134 21 landtvärnet.

375 1172 68 15 FÖRSTA
456 1175 135 13 AFDFLNINGEN,

356 1228 110 17 Allmänna
479 1229 136 20 stadganden.

174 1293 50 19 Art.
240 1293 60 19 224.
330 1291 41 21 Till
387 1291 139 22 landtvärnet
542 1292 49 27 (art.
608 1293 29 27 5),
655 1299 45 16 som
716 1295 63 26 utgör
795 1301 24 15 en
831 1295 35 21 del

104 1325 23 22 af
149 1325 192 21 Rikslandtvärnet
364 1326 40 21 och
427 1325 38 22 har
488 1326 33 21 till
541 1327 100 21 ändamål
657 1329 32 20 att
704 1329 6 20 i
726 1328 47 27 krig
788 1329 77 22 under-

104 1360 74 27 stödja
194 1359 24 22 de
234 1359 89 22 stående
338 1361 125 26 trupperna,
479 1360 54 21 höra
549 1361 43 21 alla
602 1361 34 22 till
647 1361 62 22 dessa
721 1364 87 26 trupper
819 1363 46 22 icke

104 1394 96 22 hörande
220 1393 116 28 vapenföra
352 1396 49 19 män
417 1394 47 21 från
481 1395 208 27 värnepligtsåldern
705 1397 52 27 (art.
772 1398 22 26 9)
810 1397 56 22 intill

104 1429 59 27 fylda
182 1429 113 26 fyratiotre
311 1430 31 20 år.
373 1429 113 27 Personer,
502 1429 74 21 hvilka
592 1430 67 21 under
675 1431 140 28 tjenstgöring
831 1432 36 22 vid
