1114 1742
263 136 12 20 6

233 202 29 23 Så
277 204 63 27 länge
356 204 126 22 underbefäl
498 205 38 21 och
552 206 105 26 manskap
675 206 89 20 kvarstå
780 205 7 21 i
803 205 59 21 aktiv
878 205 73 27 tjenst,
964 205 31 22 äf-

234 244 88 16 vensom
338 239 68 21 under
422 239 109 27 förloppet
548 239 23 22 af
585 241 32 20 ett
633 240 24 20 år
673 239 54 22 efter
743 240 37 21 det
796 239 25 21 de
837 239 113 22 öfverförts
961 240 33 21 till

234 278 106 20 reserven,
360 273 78 22 befrias
454 274 27 21 de
496 273 33 22 för
546 280 53 21 egen
614 280 79 21 person
709 274 47 21 från
774 274 42 21 alla
830 274 115 27 personela
960 276 34 20 ut-

234 307 86 27 skylder
336 308 38 20 och
389 308 83 22 besvär.
495 308 43 21 För
553 308 33 22 sin
602 308 96 22 inkomst
713 310 57 20 samt
780 308 34 22 för
824 309 33 21 sin
868 308 59 22 såväl
937 308 58 22 fasta

234 347 46 15 som
295 341 47 22 lösa
357 342 104 27 egendom
479 344 37 20 äro
533 343 26 21 de
575 343 98 21 däremot
683 342 97 28 skyldige
792 344 33 20 att
836 342 88 28 erlägga
934 343 60 21 skatt

234 376 40 21 och
296 376 69 22 andra
386 377 91 27 pålagor
500 376 108 23 äfvensom
632 379 33 19 att
684 376 93 28 fullgöra
792 383 67 15 onera
874 377 66 27 enligt
956 377 38 21 all-

233 412 50 19 män
298 410 42 28 lag.

304 470 51 18 Art.
374 471 32 18 21.
436 469 113 27 Personer,
573 476 45 15 som
634 470 54 20 höra
704 469 32 22 till
752 476 108 18 reserven,
876 469 34 21 stå
925 468 70 22 under

235 501 79 22 allmän
336 502 36 28 lag
395 503 39 22 och
457 504 92 28 åtnjuta,
569 504 66 27 enligt
652 504 108 21 allmänna
776 504 101 27 grunder,
893 503 59 21 såväl
969 503 26 21 de

234 536 136 28 rättigheter,
386 537 73 23 hvilka
475 538 73 28 åtfölja
564 538 62 22 deras
643 538 71 27 stånd,
731 544 46 16 som
793 538 39 21 ock
844 538 25 21 de
879 538 114 25 förmåner,

234 570 73 22 hvilka
330 571 26 21 de
378 572 119 22 förvärfvat
519 573 32 27 sig
566 573 7 21 i
588 573 102 27 tjensten,
714 579 48 15 men
779 574 38 20 äro
833 572 161 22 underkastade

234 605 150 27 stadgandena
400 607 111 27 angående
526 607 90 21 förande
633 607 22 22 af
668 607 57 21 rulla
740 607 60 21 öfver
815 613 107 15 reserven.

305 660 51 18 Art.
372 660 41 19 22.
443 659 113 27 Personer,
580 665 45 15 som
648 659 87 21 tillhöra
750 664 107 21 reserven,
874 659 74 21 kunna
962 658 32 21 in-

234 692 65 21 träda
314 692 7 22 i
337 693 46 21 civil
399 695 66 21 stats-
481 694 50 21 eller
546 694 200 27 kommunaltjenst,
763 694 51 21 eller
830 694 39 20 ock
884 693 56 28 välja
956 694 38 20 nå-

234 732 42 20 gon
294 733 72 15 annan
382 728 141 27 verksamhet,
540 729 48 21 med
603 728 142 28 iakttagande
761 728 23 21 af
798 728 107 21 allmänna
920 728 74 26 lagens

234 760 142 23 föreskrifter.
406 762 119 22 Befordran
547 763 6 21 i
570 763 47 21 civil
639 764 67 26 tjenst
728 762 120 27 berättigar
872 762 54 21 dock
948 762 46 21 icke

234 796 94 21 nämnde
343 802 111 22 personer,
470 797 35 21 vid
521 798 133 20 återinträde
670 798 6 20 i
692 799 133 25 truppernas
838 796 64 26 leder,
915 796 31 21 till
957 797 38 20 nå-

234 836 43 20 gon
293 830 66 27 högre
374 837 54 21 rang
444 832 51 21 eller
510 832 54 26 grad
580 834 27 19 än
624 832 47 26 den,
688 838 46 15 som
750 831 69 21 blifvit
835 831 47 21 dem
898 830 96 22 tilldelad

234 864 36 21 vid
286 864 160 28 entledigandet
463 865 47 22 från
526 866 58 21 aktiv
600 866 134 27 krigstjenst.

304 909 49 17 Anm.
372 910 114 18 Underbefäl
499 911 32 17 och
543 911 89 22 manskap
645 911 82 18 hörande
736 911 30 17 till
775 915 86 13 reserven
870 910 72 17 tillåtas
951 911 45 21 taga

235 937 60 22 tjenst
312 938 24 22 på
349 938 55 22 ryska
417 938 43 23 (och
472 939 55 17 bland
540 939 41 18 dem
593 939 54 18 äfven
659 939 70 23 finska)
741 939 148 22 handelsfartyg,
902 938 69 23 gående
984 939 12 16 å

235 966 51 17 såväl
300 967 26 17 in-
339 972 37 13 som
389 967 100 18 utländska
501 968 99 18 farvatten.

305 1016 51 18 Art.
373 1017 41 18 23.
444 1015 107 21 Personer
566 1015 35 21 vid
616 1021 107 20 reserven,
739 1021 46 15 som
801 1013 47 22 från
866 1013 46 22 civil
928 1015 65 20 stats-

234 1047 68 27 tjenst
325 1048 91 21 inkallas
431 1049 7 21 i
455 1049 84 22 arméns
554 1049 65 25 leder,
635 1049 107 22 bibehålla
757 1049 70 21 under
842 1048 49 21 hela
906 1049 89 26 tjenste-

234 1081 61 22 tiden
311 1082 36 21 vid
362 1086 131 24 trupperna:
681 1089 8 9 k

308 1117 19 26 1)
343 1117 47 22 sina
405 1118 148 27 befattningar
568 1119 6 20 i
590 1118 47 21 civil
653 1118 125 27 statstjenst
791 1117 39 22 och
841 1123 39 21 ega
891 1117 104 26 rättighet

235 1152 33 19 att
284 1151 55 27 änyo
356 1152 96 22 tillträda
465 1153 46 21 dem
523 1153 53 21 efter
587 1153 90 21 erhället
688 1152 74 22 afsked
773 1159 27 14 ur
808 1151 186 27 militärtjensten
984 1147 12 36 ;

306 1186 22 27 2)
344 1187 42 20 alla
409 1187 26 21 de
459 1187 64 27 enligt
538 1187 7 21 i
560 1187 91 21 Finland
674 1187 100 27 gällande
796 1185 134 27 stadganden
947 1185 48 22 med

235 1219 63 22 deras
322 1221 123 26 respektiva
469 1221 60 22 civila
548 1221 148 27 befattningar
710 1220 104 21 förenade
828 1219 166 26 löneförmäner,

234 1253 120 29 hvarjemte
377 1255 32 27 de,
429 1262 46 15 som
491 1256 86 27 ätnjuta
591 1255 165 26 kronokvarter,
773 1254 133 21 fortfarande
922 1254 72 27 dispo-

234 1294 54 15 nera
304 1288 59 22 öfver
378 1289 48 22 dem
442 1289 101 22 anvisade
558 1289 94 27 lokaler;
669 1289 39 21 och

304 1324 23 27 3)
343 1324 130 27 rättigheter
488 1324 38 21 och
541 1324 109 22 förmäner
666 1323 23 22 af
701 1323 57 22 hvad
774 1323 46 27 slag
836 1323 37 21 det
887 1328 53 15 vara
953 1323 43 25 mä,

234 1357 73 22 hvilka
324 1359 26 20 de
366 1359 90 27 ätnjutit
472 1359 6 21 i
494 1359 119 27 civiltjenst.

304 1413 52 18 Art.
372 1412 42 19 24.
439 1411 44 21 För
498 1411 59 21 brott
573 1411 39 21 och
627 1410 114 22 förseelser
756 1410 74 21 dömas
846 1415 104 21 personer
960 1409 36 21 vid

234 1449 101 16 reserven
352 1444 23 21 af
388 1444 47 22 civil
450 1445 217 26 brottmälsdomstol,
683 1446 61 20 utom
760 1444 43 21 för:
