1111 1781
257 160 30 21 18

221 230 85 27 förslag
325 237 36 13 om
380 230 63 22 olika
467 230 61 28 slags
550 230 99 28 pålagor
667 229 37 21 till
722 229 136 22 ständernas
876 230 101 28 prelimi-

219 268 57 17 nära
294 264 149 28 behandling,
463 272 51 14 men
528 264 67 21 häraf
609 264 67 28 följer
692 267 61 18 ännu
768 263 58 28 icke,
841 266 35 19 att
885 264 91 28 Högsta

220 298 94 21 makten
333 298 73 29 enligt
424 298 28 21 de
470 298 78 22 lokala
567 298 97 29 lagarna
682 306 54 13 vore
755 298 94 28 skyldig
862 300 34 19 att
909 298 67 22 alltid

220 332 98 22 sålunda
345 333 86 21 förfara
459 333 55 21 eller
541 335 36 19 att
604 332 137 29 afgörandet
763 333 8 21 i
789 332 88 22 sådana
898 332 78 28 frågor

219 367 52 21 icke
290 367 74 21 skulle
383 367 130 22 tillkomma
531 367 91 28 Högsta
637 367 94 21 makten
745 367 82 21 allena.
855 367 34 21 De
899 366 76 30 gamla

219 401 100 22 svenska
345 402 97 28 lagarna
467 401 64 22 ålade
558 402 52 21 icke
637 402 126 27 konungen
781 401 73 21 sådan
872 401 103 29 skyldig-

218 435 41 22 het
286 435 42 21 och
356 436 115 22 dessutom
493 436 70 22 hafva
584 440 127 24 gränserna
734 436 22 21 af
774 436 81 28 lagens
874 436 101 28 begrepp

220 478 36 13 om
276 470 63 21 skatt
357 471 8 20 i
384 470 95 29 Sverige
497 470 53 22 med
568 470 103 22 tidernas
689 470 54 28 lopp
760 470 138 28 förändrats,
908 469 67 22 hvar-

218 504 102 22 förutom
338 504 83 28 frågan
439 512 37 14 om
495 504 137 22 ständernas
651 504 152 28 obestridliga
821 507 47 19 rätt
888 506 34 20 att
935 504 40 21 all-

219 538 35 22 tid
274 538 93 29 deltaga
385 540 8 20 i
412 539 138 29 afgörandet
568 539 24 21 af
610 539 157 28 skattefrågor
785 539 50 21 icke
849 539 47 21 kan
910 546 64 14 anses

219 572 93 30 afgjord
336 573 52 21 med
411 574 71 21 sådan
500 573 147 22 bestämdhet
666 573 42 22 och
726 574 38 20 till
782 573 73 21 sådan
873 573 101 27 evidens,

218 610 36 19 att
276 608 74 27 några
368 608 141 22 tvifvelsmål
528 608 78 21 derom
624 608 51 21 icke
695 608 77 21 kunde
790 608 91 28 uppstå,
900 608 73 21 såsom

218 641 127 22 ständerna
371 642 7 21 i
406 643 35 21 sin
469 642 187 21 svarsskrifvelse
678 642 63 21 velat
763 643 73 27 påstå.
873 642 57 21 Före
949 642 25 21 år

220 676 65 21 1720
313 676 133 22 faststäldes
470 680 15 17 t.
507 684 34 14 ex.
564 677 102 21 tullarna
684 677 8 20 i
710 677 96 28 Sverige
824 677 43 20 och
886 675 87 22 således

218 710 69 21 äfven
306 711 8 20 i
332 711 101 22 Finland
452 711 23 21 af
493 711 132 28 konungen,
642 714 56 19 utan
716 711 137 21 ständernas
866 710 107 22 hörande.

217 740 35 25 År
282 745 62 21 1772
373 745 48 22 blef
447 745 77 22 denna
549 745 113 29 rättighet
686 745 128 22 återinförd
838 745 43 21 och
902 745 71 21 sedan

218 779 52 21 dess
298 779 78 28 gjorde
404 780 124 28 konungen
558 780 59 21 bruk
642 780 64 21 deraf
727 779 37 22 till
785 780 26 21 år
831 780 71 26 1809,
921 787 50 13 men

217 813 59 22 efter
303 814 114 21 Finlands
444 815 101 28 eröfring
571 815 72 21 hafva
666 815 56 20 våra
741 814 124 21 Monarker
883 813 88 22 utöfvat

217 847 73 28 sagda
308 848 113 29 rättighet
439 849 62 21 intill
519 849 56 21 vära
591 848 78 29 dagar.
697 849 46 21 För
763 849 52 20 icke
836 849 80 28 längre
938 848 34 21 tid

217 882 101 22 tillbaka
336 886 30 17 än
385 883 24 21 är
429 883 63 21 1872
512 883 134 22 utfärdades
664 885 34 19 ett
716 883 83 28 nådigt
817 883 108 21 manifest
940 883 31 26 (se

218 917 221 22 Storfurstendömet
463 917 111 22 Finlands
593 917 251 28 författningssamling
862 917 42 21 N:o
925 917 47 26 38),

216 951 68 21 hvari
303 951 106 29 stadgas:
431 969 18 11 ,.
471 969 2 4 .
493 969 3 3 .
516 952 50 21 vele
585 951 39 22 Wi
644 969 4 4 .
668 969 4 4 .
692 969 4 4 .
714 952 51 21 icke
779 952 60 21 afstä
850 952 53 21 från
916 951 57 22 Wär

216 987 49 19 rätt
292 988 35 19 att
354 986 64 21 öfver
440 986 305 29 stämpelpappersafgiften,
764 986 48 21 lika
830 986 51 21 med
901 985 71 22 andra

216 1020 154 21 statsverkets
388 1021 133 26 inkomster,
540 1021 36 21 till
596 1020 234 22 Storfurstendömets
848 1028 64 21 gagn
929 1019 43 22 och

216 1054 68 21 bästa
311 1054 111 29 förfoga".
459 1055 150 22 Beträffande
634 1054 71 23 sedan
723 1054 92 22 landets
833 1055 94 28 budget,
947 1055 23 20 sä

215 1091 123 26 upprättas
365 1089 138 28 densamma,
526 1089 74 29 enligt
618 1090 8 21 i
644 1089 103 22 Finland
764 1089 109 28 gällande
892 1089 38 28 lag
950 1089 22 21 af

216 1123 114 21 Senatens
349 1123 287 30 Ekonomiedepartement
655 1123 43 22 och
716 1123 153 22 underställes
888 1123 24 22 af
929 1123 42 21 Mi-

214 1157 309 22 nister-Statssekreteraren
541 1165 83 22 genom
643 1158 247 29 Generalguvernören
906 1158 65 21 Hans

215 1191 135 29 Kejserliga
368 1192 121 29 Majestäts
506 1192 87 29 nådiga
610 1192 156 22 fastställelse.
803 1192 95 22 Således
918 1192 53 21 fast-

212 1225 83 22 ställes
314 1226 115 29 budgeten
443 1227 23 21 af
478 1227 113 29 Kejsaren
603 1230 58 19 utan
674 1227 136 21 ständernas
823 1227 147 21 medverkan.

284 1261 66 20 Efter
377 1262 25 21 år
431 1261 63 22 1863
517 1261 69 22 hafva
605 1262 29 21 de
652 1269 17 14 s.
688 1261 21 21 k.
728 1261 188 28 bevillningarna
933 1261 38 20 till

214 1298 87 18 största
320 1294 66 23 delen
398 1298 102 19 voterats
514 1296 23 21 af
550 1296 126 21 ständerna
688 1295 34 22 för
736 1295 155 28 tidsperioden
904 1295 67 21 emel-

214 1329 40 21 lan
281 1331 85 20 tvenne
393 1329 147 30 landtdagar.
576 1331 45 21 Väl
649 1330 43 21 har
715 1330 78 29 praxis
811 1329 63 22 varit
891 1329 78 27 sådan,

213 1371 54 14 men
286 1376 25 3 —
331 1364 24 21 vi
373 1371 104 22 upprepa
495 1364 39 21 det
549 1365 138 28 ytterligare
700 1377 27 2 —
738 1363 233 29 Landtdagsordnin-

213 1405 46 21 gen
280 1398 32 24 (af
330 1398 26 20 år
377 1398 73 27 1869)
469 1398 129 22 innehåller
616 1399 51 21 icke
684 1400 77 27 någon
774 1398 148 28 bestämning
934 1404 37 14 om

214 1434 34 19 att
276 1432 46 21 alla
350 1432 164 29 skatteförslag
541 1433 155 28 ovilkorligen
721 1433 67 21 skola
811 1432 113 28 granskas
947 1432 24 20 at

213 1466 133 22 ständerna.
