1111 1795
777 184 48 21 115

107 252 98 22 beridna
223 252 98 31 sotnjor;
340 260 52 13 men
411 256 63 24 enär,
489 253 13 21 å
520 260 44 14 ena
574 252 73 27 sidan,
667 252 45 21 den
731 252 75 22 finska
823 252 38 22 be-

107 286 138 29 folkningen
263 286 9 21 i
290 286 128 22 allmänhet
443 286 52 22 icke
521 286 74 29 duger
618 286 37 22 till
677 286 186 29 kavalleritjenst

108 321 44 22 och
170 321 36 27 då,
225 321 14 21 å
257 320 73 22 andra
349 320 73 28 sidan,
440 320 126 22 detsamma
579 320 73 29 gäller
670 328 37 14 om
720 320 91 22 landets
823 320 40 22 hä-

108 358 55 25 star,
172 355 81 22 hvilka
265 355 52 21 icke
336 362 40 14 ens
394 355 72 22 förslå
483 355 35 22 för
536 354 220 30 dragonregements
774 362 88 14 remon-

108 390 84 28 tering,
210 397 49 14 som
277 389 90 22 derföre
385 390 73 21 måste
476 390 72 21 förses
566 389 53 22 med
636 389 80 22 hästar
729 390 51 21 från
793 390 70 28 Ryss-

108 424 63 27 land,
190 431 67 15 anser
274 424 111 21 Komitén
404 423 39 22 det
462 432 55 14 vara
535 424 210 28 tillfyllesgörande
761 426 35 20 att
808 424 55 21 Fin-

108 458 56 22 land
183 458 48 21 tills
248 457 81 23 vidare
346 458 112 21 formerar
466 458 82 22 endast
560 458 249 29 infanteribataljoner,
820 457 43 22 och

109 493 30 21 då
156 492 40 22 vid
213 492 162 22 landtvärnets
392 492 96 29 uppbåd
506 493 8 21 i
532 493 72 22 första
622 495 68 19 turen
708 493 36 21 för
761 492 102 23 Finland

109 527 52 22 icke
188 527 115 22 erfordras
329 534 62 14 mera
418 531 30 17 än
471 527 13 21 2
507 527 137 29 bataljoner,
666 527 80 22 kunna
765 527 28 22 de
811 527 51 22 icke

109 561 74 22 heller
199 561 65 22 bilda
283 564 72 19 större
373 561 106 22 förband.

179 631 46 20 Art.
249 631 53 20 230.
332 629 46 22 För
396 629 183 22 säkerställande
597 629 23 22 af
638 629 40 22 det
695 630 75 21 finska
788 629 75 22 landt-

109 667 95 19 värnets
228 663 134 22 inkallande
386 663 44 22 och
448 664 154 29 uppsättning
620 664 8 21 i
646 664 149 29 vederbörlig
813 664 50 22 ord-

109 699 65 28 ning,
193 699 62 21 inom
273 699 98 28 behörig
389 698 36 21 tid
443 699 43 21 och
503 699 52 21 med
567 698 73 29 nödig
652 698 129 29 framgång,
791 699 72 21 måste

110 734 9 21 i
137 733 45 22 den
200 733 76 22 finska
293 733 70 28 lagen
377 733 88 21 införas
479 733 150 29 anvisningar
641 733 99 22 rörande
753 733 111 28 tillsynen

111 767 112 27 deröfver,
242 769 35 20 att
293 767 108 28 åtgärder
419 767 9 21 i
445 767 36 21 tid
493 767 72 22 varda
577 767 113 28 vidtagna
700 768 36 20 för
744 767 118 22 vinnande

111 802 24 22 af
153 802 64 21 detta
235 802 52 26 mål,
306 801 95 22 hvarom
420 801 73 29 sagda
510 802 40 28 lag
566 802 37 22 för
614 802 145 22 närvarande
768 802 52 21 icke
830 802 34 20 in-

111 836 104 22 nehäller
236 837 73 27 något
327 835 135 29 stadgande.
497 836 169 29 Uppgörandet
684 836 24 22 af
725 836 87 28 nödiga
831 838 33 19 ta-

108 870 78 28 beller,
206 870 75 29 regler
299 870 36 22 för
353 870 189 28 organisationen
561 870 44 22 och
620 870 74 22 andra
706 870 81 29 dylika
799 870 64 22 arbe-

109 907 40 19 ten
177 905 21 21 af
222 904 97 29 specielt
340 904 86 22 militär
443 906 70 20 natur
530 905 57 21 böra
605 905 118 28 sjelffallet
741 905 122 21 ankomma

110 940 29 28 på
157 939 186 27 Hufvudstaben,
357 939 69 28 jemte
439 938 41 22 det
490 939 154 29 vidtagandet
657 940 30 27 på
697 942 37 19 ort
743 939 42 22 och
795 939 68 22 ställe

111 974 22 21 af
157 973 301 28 verkställighetsåtgärder
475 973 8 21 i
502 973 83 28 antydt
603 973 107 22 afseende
730 973 75 29 ålagts
823 973 40 22 Di-

110 1008 164 21 striktsstaben
292 1008 9 21 i
318 1007 132 22 finländska
468 1007 213 22 militärdistriktet.

178 1042 51 21 Den
241 1042 76 21 finska
331 1041 228 22 administrationens
571 1044 162 27 representant
744 1042 42 22 har
796 1042 68 21 fram-

110 1077 74 26 hållit,
206 1079 35 19 att
262 1083 84 22 genom
364 1076 152 22 förevarande
536 1077 83 21 artikel
636 1077 8 21 i
663 1076 101 22 Finland
777 1076 87 21 införas

110 1119 47 20 nya
184 1111 178 28 styrelseorgan,
389 1111 93 21 hvilkas
506 1112 139 28 tjenstemän
664 1111 52 21 icke
734 1111 129 28 underlyda

109 1145 92 22 landets
222 1145 156 29 jurisdiktion.
414 1145 72 22 Detta
504 1145 84 22 strider
605 1147 49 20 mot
672 1145 73 22 första
763 1145 100 22 artikeln

111 1180 8 21 i
136 1179 139 29 Förenings-
292 1180 43 21 och
348 1180 196 21 Säkerhetsakten
558 1180 23 21 af
596 1180 71 27 1789,
681 1180 74 28 enligt
767 1179 97 22 hvilken

111 1214 46 22 alla
175 1214 28 21 de
221 1221 116 22 personer,
355 1222 49 13 som
422 1214 82 22 utöfva
521 1215 78 28 någon
612 1215 62 28 slags
683 1215 109 21 funktion
801 1215 64 20 inom

111 1248 120 29 styrelsen,
258 1248 56 22 böra
336 1256 56 14 vara
414 1249 96 21 infödde
532 1249 73 22 finske
624 1253 54 17 män
696 1251 59 19 samt
773 1249 92 28 åtnjuta

110 1283 61 21 finsk
189 1283 205 28 medborgarerätt.
423 1283 152 29 ,Förenings-
594 1283 43 22 och
650 1282 211 23 Säkerhetsakten"

111 1317 85 22 räknas
214 1317 8 21 i
240 1317 28 22 de
287 1317 70 28 delar,
375 1317 81 22 hvilka
474 1318 51 21 icke
543 1318 79 21 blifvit
640 1317 109 28 ändrade,
766 1317 37 22 till
815 1317 50 22 lan-

112 1351 50 21 dets
181 1351 148 29 grundlagar.

179 1385 54 21 Med
252 1386 128 28 anledning
397 1386 67 22 häraf
482 1386 42 22 har
541 1386 111 22 Komitén
669 1386 63 22 velat
743 1386 70 22 hafva
827 1393 38 14 an-

111 1420 77 21 märkt
203 1420 113 28 följande:

180 1454 97 26 I81af
294 1454 140 29 Förenings-
452 1454 44 21 och
514 1454 197 22 Säkerhetsakten
724 1454 23 21 af
759 1455 26 20 år
799 1454 64 21 1789

111 1489 81 26 finnes,
219 1488 72 21 bland
315 1491 77 25 annat,
417 1488 77 29 sagdt:
518 1489 133 28 Konungen
669 1496 54 21 eger
740 1488 42 21 full
801 1490 65 26 magt
