1111 1761
256 152 30 20 52

220 223 74 19 annat
321 224 29 18 än
377 223 34 19 att
436 221 118 29 uppställa
579 228 28 14 en
630 221 140 29 kontingent
789 220 36 22 till
844 220 45 22 den
906 220 69 29 ryska

220 254 128 28 rikshären,
368 256 24 20 så
414 255 78 21 kunde
510 255 40 22 det
567 255 52 22 icke
638 255 72 21 heller
728 263 72 21 gerna
817 255 74 22 blifva
911 256 66 28 fråga

220 296 38 13 om
285 290 77 27 någon
387 297 78 14 annan
490 292 35 19 art
550 290 22 21 af
597 290 254 28 militärorganisation,
872 294 28 17 än
923 289 54 22 den-

220 330 94 21 samma,
335 324 30 28 på
391 323 77 29 grund
488 324 22 21 af
528 323 96 22 hvilken
644 324 128 28 Rysslands
790 323 143 22 härväsende
953 327 24 18 är

221 357 106 22 ordnadt.
363 359 55 21 Men
444 366 33 14 nu
500 358 69 29 hyser
597 358 101 22 Finland
721 358 137 29 rättmätiga
877 358 99 29 anspråk

220 393 31 28 pä
270 395 35 19 att
323 393 23 21 få
364 400 43 21 ega
426 395 34 19 ett
478 393 143 22 härväsende
640 393 36 22 för
695 394 42 27 sig.
766 393 46 21 Till
831 393 57 28 följd
907 393 22 21 af
943 395 33 19 att

220 427 102 22 Finland
349 427 50 22 icke
427 427 42 22 har
492 428 76 28 nägon
588 435 58 21 egen
665 427 182 29 utrikespolitik,
868 435 54 20 eger
939 427 38 21 väl

221 461 102 22 Finland
342 461 44 22 den
405 462 136 21 oskattbara
558 462 85 28 lyckan
662 475 28 2 —
709 470 36 13 om
762 470 54 13 man
830 463 24 20 sä
868 462 42 21 vill
923 469 54 14 anse

221 495 40 22 det
280 509 28 2 —
327 498 35 19 att
379 496 76 29 aldrig
473 497 80 21 kunna
571 504 43 21 ega
626 497 73 28 några
712 504 60 21 egna
784 496 95 21 fiender.
902 497 74 27 Ingen

221 531 66 20 makt
313 530 8 21 i
345 531 97 21 världen
468 531 59 22 skall
554 531 86 22 anfalla
659 539 36 14 oss
713 531 37 22 för
768 532 42 20 vär
828 539 59 20 egen
906 530 70 26 skull;

221 565 41 21 det
289 569 25 17 är
341 565 82 22 endast
447 565 129 29 Rysslands
600 565 88 22 fiender
711 565 24 22 vi
756 566 80 21 kunna
854 565 70 22 hafva
943 567 34 19 att

222 599 121 29 bekämpa.
373 600 54 20 Men
446 600 36 21 för
500 602 33 19 ett
552 602 53 26 eget
623 600 145 21 härväsende
780 600 73 21 mäste
867 600 39 20 det
918 599 59 22 dock

221 633 75 22 finnas
324 636 34 19 ett
380 636 53 27 eget
456 634 107 22 ändamäl
582 634 43 22 och
643 634 36 22 för
697 642 29 14 en
744 634 62 22 finsk
824 634 153 28 militärorga-

221 668 103 22 nisation
342 668 47 22 kan
407 668 40 22 det
466 669 38 21 väl
522 669 51 21 icke
591 669 76 21 finnas
685 670 73 27 något
776 671 72 19 annat
864 668 113 27 ändamål,

222 706 31 17 än
271 702 39 22 det
328 710 60 21 egna
406 703 92 21 landets
516 704 95 21 försvar.
649 703 48 21 Och
715 703 117 22 försvarar
850 703 40 21 det
902 703 75 21 finska

222 737 75 21 folket
315 737 41 21 sitt
374 740 53 26 eget
445 738 61 27 land,
526 738 25 21 sä
568 738 116 21 försvarar
703 738 39 21 det
760 738 118 28 sjelffallet
890 738 87 28 derige-

221 778 55 14 nom
296 771 67 22 äfven
382 772 7 21 i
408 772 118 28 väsentlig
544 773 53 20 män
616 772 176 29 Kejsaredömet
806 771 42 22 och
862 772 8 21 i
883 772 94 21 främsta

222 808 99 19 rummet
340 806 50 21 dess
408 806 149 22 hufvudstad.

292 840 101 21 Finland
419 841 43 22 har
486 841 116 21 dessutom
627 841 44 21 den
693 841 145 28 geografiska
858 841 119 21 förmänen

222 876 36 19 att
285 875 51 21 icke
360 882 43 21 ega
424 877 78 27 någon
521 875 125 29 landgräns
665 878 65 18 utom
748 875 102 28 deruppe
870 875 40 21 vid
928 875 49 27 pol-

221 908 97 22 cirkeln.

292 943 71 21 Skola
384 944 89 21 fiender
491 944 81 21 nalkas
591 945 52 20 vårt
662 944 61 27 land,
744 944 24 21 så
788 944 72 20 måste
880 943 38 21 det
937 943 39 21 ske

221 978 31 27 pä
279 977 88 28 flottor;
395 978 40 21 det
462 978 73 28 gäller
559 978 88 22 således
672 978 35 22 för
726 986 36 13 oss
781 980 33 19 ett
833 978 145 21 kustförsvar

221 1011 59 21 eller
300 1014 35 19 ett
352 1012 91 22 försvar
462 1013 51 21 från
531 1013 91 27 kusten,
641 1015 26 26 ty
686 1020 36 14 om
741 1015 35 19 ett
794 1012 124 28 sjöförsvar
935 1012 42 21 har

221 1046 26 28 ju
275 1046 42 21 alls
342 1047 51 21 icke
416 1047 62 22 varit
501 1047 72 28 fråga.
611 1047 48 21 Och
679 1047 38 21 vid
735 1049 34 19 ett
788 1046 84 22 sådant
888 1046 90 22 försvar

221 1080 53 22 från
296 1081 84 21 kusten
399 1082 109 28 erbjuder
526 1082 50 21 vårt
595 1082 68 21 lands
681 1081 146 29 geografiska
845 1081 132 28 konfigura-

221 1114 52 22 tion
300 1116 26 20 så
352 1116 85 28 många
465 1116 117 28 naturliga
609 1115 146 29 hjelpmedel,
778 1118 34 18 att
837 1123 29 13 en
888 1115 89 21 mindre

221 1149 67 21 stark
306 1150 43 21 och
362 1150 90 22 mindre
466 1153 80 26 sträng
559 1150 247 28 militärorganisation
820 1150 36 22 för
869 1150 108 27 Finland,

222 1187 30 17 än
278 1183 44 22 den
344 1191 49 14 som
411 1188 26 18 är
455 1185 72 28 nödig
544 1185 36 21 för
598 1187 72 19 stater
688 1184 52 21 med
759 1187 77 26 öppna
854 1183 124 29 landgrän-

222 1225 43 20 ser,
289 1217 71 22 borde
387 1227 57 13 vara
468 1219 221 21 tillfredsställande.
727 1219 45 20 Det
797 1222 25 17 är
843 1218 81 27 kändt,
943 1221 34 19 att

221 1251 57 22 fera
297 1253 72 21 andra
387 1253 89 22 mindre
494 1253 81 21 länder
593 1253 52 21 med
663 1261 87 13 samma
769 1252 146 29 geografiska
932 1253 45 22 för-

221 1287 81 20 måner
328 1294 49 15 som
404 1288 30 27 vi,
460 1290 15 19 t.
498 1295 34 14 ex.
555 1287 127 28 Schlesvig,
701 1287 85 28 Norge,
806 1287 102 28 Sverige,
926 1287 51 21 icke

222 1323 78 19 ansett
318 1321 36 28 sig
371 1322 102 21 behöfva
491 1322 256 28 värnepligtssystemet
761 1322 8 21 i
782 1321 51 22 dess
847 1324 130 25 strängaste

221 1355 67 22 form.
315 1355 34 22 På
368 1356 76 22 denna
462 1356 75 29 grund
555 1356 43 22 har
615 1357 40 28 jag
672 1356 138 28 obetingadt
822 1355 96 22 anslutit
930 1356 48 28 mig

221 1389 39 21 till
278 1389 40 22 det
337 1390 23 21 af
377 1390 53 22 herr
449 1391 143 21 Silfversvan
610 1390 127 29 uppstälda
752 1392 111 27 systemet
875 1391 36 20 för
924 1390 54 21 Fin-

221 1423 68 21 lands
308 1424 96 22 försvar.
