1109 1773
81 1187 107 19 Bemötande
195 1188 20 17 af

86 1216 89 19 finnarnes
186 1217 24 17 in-

92 1244 112 23 vändningar.

256 157 16 21 4

220 225 118 22 militären
356 226 52 21 med
426 226 109 22 afseende
553 227 14 21 å
585 226 46 22 den
649 227 84 28 högsta
745 226 174 29 förvaltningen
928 225 52 22 fak-

221 260 59 21 tiskt
298 260 163 22 subordinerar
478 261 74 21 under
571 261 200 28 Krigsministern.

290 295 46 26 4:0)
355 292 105 25 Öfverste
479 295 103 22 Gadolin
600 295 115 28 framhöll,
735 297 34 20 att
787 295 40 21 det
845 295 75 21 finska
936 294 43 22 fol-

221 329 40 21 ket
289 329 119 29 orubbligt
434 330 88 28 fullgör
548 330 52 21 sina
626 330 163 29 förpligtelser,
811 337 50 14 som
878 329 100 28 härflyta

220 370 29 14 ur
267 363 234 23 Storfurstendömets
520 364 147 29 oupplösliga
684 364 107 29 förening
808 363 53 22 med
872 363 107 29 Kejsare-

221 398 84 27 dömet,
331 398 42 21 och
397 401 36 19 att
450 399 38 21 till
506 398 67 22 dessa
592 399 157 29 förpligtelser
766 399 42 21 hör
826 398 87 29 jämväl
930 397 49 22 lan-

221 432 52 21 dets
291 432 140 29 deltagande
449 433 9 22 i
475 433 73 22 rikets
567 433 96 28 försvar,
682 433 37 22 till
737 433 39 21 det
791 433 6 21 i
813 434 7 25 8
833 432 66 22 123:i
914 432 64 21 1878

221 467 37 21 års
277 467 187 29 värnepligtslag
481 467 125 22 faststälda
624 468 101 28 omfång.

291 501 47 27 5:0)
357 502 81 29 Bägge
465 504 217 27 representanterne
709 503 36 21 för
771 501 103 22 Finland
898 501 80 28 gjorde

221 535 148 30 invändning
393 539 62 19 emot
479 537 140 28 stadgandet
650 539 35 19 att
712 535 193 23 underofficerare
932 535 46 22 må-

221 571 35 20 ste
278 570 126 22 innehafva
432 571 107 28 kunskap
567 571 7 21 i
596 571 71 28 ryska
694 571 93 29 språket
814 572 60 19 samt
892 571 86 26 ansågo

221 603 40 22 det
279 605 50 20 icke
358 605 211 29 tillfyllesgörande
597 608 35 19 att
657 606 23 21 af
698 605 68 29 ryske
785 604 126 28 officerare,
930 611 49 15 som

221 639 118 21 anstäldes
366 639 41 22 vid
433 640 29 21 de
489 640 76 21 finska
593 643 133 26 trupperna,
750 639 118 22 fordrades
892 639 86 21 känne-

220 673 55 21 dom
301 673 24 22 af
351 674 82 22 endast
464 677 33 19 ett
526 675 22 21 af
571 675 92 21 landets
690 675 75 28 språk,
789 673 116 22 svenskan
923 673 56 21 eller

220 707 99 22 finskan.

291 741 48 29 6:0)
359 739 105 25 Öfverste
487 743 102 21 Gadolin
611 743 57 21 fann
687 743 112 29 slutligen
817 742 53 22 hela
888 742 90 21 författ-

219 775 183 30 ningsförslaget
428 777 157 29 genomandas
613 778 112 28 oförtjänt
751 777 92 22 misstro
874 777 37 21 till
938 776 40 22 det

219 810 78 22 finska
317 811 80 28 folket,
419 819 49 14 som
489 811 77 29 aldrig
587 812 69 28 gifvit
679 813 77 28 någon
773 811 109 30 grundad
901 810 77 22 anled-

219 845 59 29 ning
297 845 79 22 därtill
384 843 22 30 !),

289 880 33 21 På
348 880 169 22 ofvananförda
536 880 103 29 grunder
658 881 86 28 ansägo
762 882 214 27 representanterne

220 914 37 21 för
284 914 102 22 Finland
413 915 225 28 ändamålsenligare
657 918 35 19 att
710 915 45 22 den
773 915 135 22 nuvarande
927 914 50 21 ord-

221 949 88 28 ningen
335 949 36 22 för
397 949 76 22 finska
497 950 128 21 militärens
644 950 159 28 organisation
822 949 44 22 och
883 949 94 21 förvalt-

220 983 59 28 ning
291 983 130 22 bibehölles
432 983 146 22 oförändrad.
605 984 112 21 Bemälde
726 986 186 26 representanter
922 983 55 22 ville

221 1017 83 22 endast
326 1018 83 21 bifalla
431 1018 87 28 därtill,
540 1021 35 18 att
599 1018 29 21 de
645 1018 76 21 finska
739 1018 162 29 bataljonerna
920 1025 57 14 sam-

220 1052 132 21 manfördes
379 1053 38 21 till
445 1052 109 29 brigader
581 1053 44 21 och
646 1055 35 20 att
699 1060 29 13 en
746 1052 101 21 särskild
867 1052 110 28 ,Militär-

220 1086 255 29 författningssamling
492 1087 37 22 för
539 1087 223 22 Storfurstendömet
772 1086 115 22 Finland"
901 1087 76 28 utgäf-

220 1127 47 21 ves,
286 1121 68 21 hvari
375 1121 75 22 skulle
473 1121 56 28 ingä
548 1121 46 22 alla
611 1121 171 29 förordningar,
802 1121 114 28 dagorder
934 1121 43 21 och

219 1155 170 22 instruktioner
407 1155 97 22 rörande
523 1156 76 21 finska
617 1156 123 21 militären.

289 1189 12 22 I
319 1189 156 23 betraktande
499 1190 72 27 däraf,
592 1192 35 19 att
644 1190 29 21 de
690 1190 74 21 finske
783 1189 168 22 ledamöternes
970 1189 8 21 i

221 1224 114 21 Komiten
353 1225 122 21 uttalande
493 1224 69 29 gälde
581 1224 52 21 hela
651 1224 267 29 författningsförslaget
935 1223 43 22 och

221 1258 38 21 till
278 1258 37 21 sin
333 1261 69 19 natur
420 1260 73 20 mäste
512 1266 67 14 anses
598 1263 45 24 äga
660 1259 123 28 principiel
801 1258 120 28 betydelse
934 1257 44 22 och

220 1293 103 28 förtjäna
350 1293 108 22 afseende
485 1294 25 21 sä
537 1293 38 21 till
601 1293 62 28 vida,
691 1301 48 14 som
756 1293 124 21 Komitöns
899 1292 78 21 arbete

219 1334 86 21 genom
332 1327 71 29 sagda
435 1327 121 22 utlätande
582 1327 129 22 framstälts
738 1329 76 20 säsom
841 1326 137 23 kränkande

291 1445 12 22 1)
317 1445 29 18 De
358 1445 59 18 finske
430 1446 133 17 ledamöternes
576 1446 131 18 reservationer
718 1446 61 17 finnas
793 1444 73 24 bilagda
879 1445 26 17 till
915 1444 23 18 de
948 1444 29 18 vid

220 1474 98 18 Komitens
331 1474 150 18 sammanträden
493 1474 54 18 förda
559 1474 96 23 protokoll.
