1111 1800
800 161 32 21 45

373 249 74 18 Första
462 249 141 20 afdelningen.

333 304 116 22 Befordran
465 304 29 22 till
511 305 63 27 högre
590 305 60 26 grad.

135 372 22 26 1)
176 370 129 22 Befordran
324 370 24 21 af
365 369 138 22 underbefäl
522 369 42 22 och
582 371 114 28 manskap
715 370 37 22 till
770 371 83 22 under-

322 404 99 21 officers-
440 404 43 21 och
502 404 157 29 officersgrad.

181 474 45 21 Art.
249 475 35 19 86.
321 472 119 22 Beväradt
458 472 43 21 och
520 472 128 22 obeväradt
663 473 113 28 manskap
788 473 41 21 vid
842 473 28 21 de

111 508 76 22 finska
211 510 133 26 trupperna,
368 507 142 28 styrelserna
534 507 42 21 och
599 507 151 28 anstalterna,
770 515 48 14 som
836 507 35 21 in-

112 542 65 22 trädt
194 542 8 21 i
220 543 73 28 tjenst
311 542 29 28 på
358 541 76 29 grund
454 541 23 22 af
495 541 110 28 lottning,
624 541 120 22 äfvensom
759 541 112 29 frivillige

113 577 44 21 och
180 576 134 22 volontärer
339 576 79 21 kunna
441 575 73 22 blifva
535 575 139 22 befordrade
694 576 36 21 till
747 576 125 22 underoffi-

113 619 77 14 cerare
208 611 64 21 inom
290 610 28 22 de
337 611 8 21 i
364 613 41 19 art.
427 611 38 27 66,
486 610 38 27 67,
545 610 31 22 70
595 610 44 22 och
660 611 30 21 73
705 611 9 21 i
726 611 46 21 VII
784 610 88 22 bandet

113 646 24 21 af
155 645 49 22 Mil.
224 645 52 22 förf.
296 645 63 21 saml.
379 645 23 21 af
421 646 25 20 år
467 645 63 21 1869
550 645 97 28 angifna
666 645 67 21 tider.

318 711 10 19 1
348 713 35 18 art.
405 712 85 19 86—93
510 711 82 19 föreslås
608 711 112 20 införandet
735 712 19 19 af
769 712 103 19 enahanda

250 740 100 19 allmänna
371 741 95 18 terminer
486 745 41 14 som
548 739 32 20 vid
595 740 64 25 öfriga
675 742 81 23 trupper
771 741 30 18 för
816 747 56 12 man-

250 769 82 24 skapets
347 769 33 18 vid
395 769 25 19 de
436 768 64 20 finska
515 770 108 23 trupperna
638 769 104 19 befordran
758 769 30 19 till
799 769 72 19 under-

250 797 106 23 officerare,
377 797 84 19 hvarvid
481 797 117 25 manskapet
613 797 35 19 bör
664 797 29 19 för
708 797 86 19 nämnda
808 797 63 20 befor-

251 826 48 19 dran
310 825 93 26 uppfylla
413 825 96 25 stadgade
520 825 62 20 vilkor
593 825 38 20 och
641 831 38 19 ega
690 826 91 25 kunskap
791 826 7 19 i
811 826 61 25 ryska

252 854 90 25 språket;
361 854 44 19 från
421 854 115 19 infanteriet
551 853 64 20 skulle
630 856 31 17 ett
675 855 53 18 antal
744 855 21 18 af
779 855 92 19 manska-

251 885 34 23 pet
306 883 66 18 kunna
388 883 110 24 medgifvas
514 883 76 19 inträde
606 883 33 18 vid
655 883 216 20 underofficersunder-

252 911 210 25 visningsbataljonen.

183 977 47 20 Art.
252 977 34 20 87.
323 975 121 28 Personer,
462 975 103 22 hörande
585 976 38 21 till
641 977 173 28 gemenskapen
832 976 41 21 vid

114 1011 76 21 finska
218 1010 312 29 skarpskyttebataljonerna
554 1010 42 21 och
620 1011 76 21 finska
719 1011 153 28 dragonrege-

113 1047 96 25 mentet,
233 1044 119 22 befordras
371 1044 36 21 till
426 1044 193 22 underofficerare
638 1045 59 21 efter
715 1045 158 28 fullgörandet

115 1079 23 22 af
163 1079 111 28 stadgade
298 1079 77 21 vilkor
399 1079 43 21 och
467 1077 51 23 ifall
540 1079 27 21 de
590 1079 118 22 dessutom
727 1080 79 21 kunna
824 1079 49 22 läsa

114 1113 45 21 och
177 1113 88 21 skrifva
283 1113 69 28 ryska
370 1113 96 28 språket
480 1113 43 21 och
536 1113 72 21 förstå
620 1114 69 28 ryskt
701 1114 171 28 samtalsspråk.

184 1147 220 29 Anmärkning.
435 1148 120 27 Personer,
572 1148 105 21 hörande
690 1148 37 21 till
739 1148 134 28 gemenska-

114 1190 47 21 pen
185 1182 40 22 vid
249 1182 75 22 finska
343 1182 321 29 skarpskyttebataljonerna,
683 1183 80 21 kunna
781 1182 92 23 inträda

114 1217 8 20 i
135 1217 489 29 underofficersundervisningsbataljonen,
639 1225 37 14 om
689 1217 28 22 de
729 1217 81 22 kunna
819 1218 54 27 tala,

114 1251 51 22 läsa
183 1251 43 22 och
244 1251 89 22 skrifva
350 1251 70 28 ryska
438 1251 101 28 språket.

322 1319 105 20 Uttalande
450 1319 30 25 sig
500 1321 54 18 emot
573 1319 148 20 fastställandet
742 1319 20 19 af
776 1319 24 19 de
815 1319 6 19 i
836 1321 37 17 art.

253 1349 25 19 87
301 1348 115 19 framstälda
431 1348 117 25 fordringar,
563 1348 104 19 framhöllo
683 1348 68 19 herrar
765 1348 63 19 finska
844 1353 29 14 re-

253 1379 144 23 presentanter,
411 1378 30 18 att
456 1377 59 19 dessa
530 1377 111 24 fordringar
656 1377 43 19 icke
714 1377 69 18 kunna
794 1376 79 25 uppfyl-

253 1406 36 24 las,
310 1405 82 20 emedan
407 1405 7 19 i
430 1405 24 20 de
472 1405 56 25 lägre
543 1405 63 20 finska
622 1405 93 19 skolorna
730 1405 144 24 undervisning

254 1435 42 18 icke
318 1440 47 19 eger
387 1440 44 13 rum
453 1434 6 19 i
477 1434 61 25 ryska
559 1434 82 25 språket
656 1434 38 19 och
709 1435 29 18 att
753 1433 121 20 fördenskull

253 1463 97 25 manskap
365 1463 19 19 af
399 1463 53 19 finsk
467 1463 103 19 härkomst
585 1463 80 18 komme
675 1464 30 17 att
717 1469 46 12 vara
772 1462 102 25 afstängdt
