1114 1781
808 119 26 20 39

173 187 21 26 2)
210 187 7 21 i
233 186 99 21 afseende
348 185 12 21 å
375 185 180 27 kroppsbyggnad
575 185 40 21 och
632 185 163 22 helsotillständ
811 188 53 19 mot-

101 228 63 16 svara
182 221 24 21 de
222 219 128 27 fordringar,
366 225 44 15 som
428 221 36 19 äro
480 219 112 21 bestämda
608 219 37 21 för
660 220 156 26 godkännande
831 220 34 21 till

102 255 134 27 krigstjenst;

172 290 22 26 3)
211 289 69 21 förete
295 288 98 27 behörigt
408 288 59 27 intyg
484 288 113 26 antingen:
614 288 25 27 a)
657 288 60 22 öfver
732 288 71 28 aflagd
816 294 49 16 exa-

103 331 49 15 men
156 318 15 37 i
190 322 125 28 fullständig
337 323 52 20 kurs
412 322 35 21 vid
468 322 70 27 någon
555 322 23 21 af
592 322 26 21 de
635 322 194 28 läroinrättningar
844 322 23 22 af

103 360 70 21 första
189 357 118 27 kategorin,
324 357 72 21 hvilka
411 356 122 27 uppräknas
549 357 6 20 i
571 356 90 27 bilagan
677 356 34 22 till
727 357 93 21 artikeln
830 358 34 25 42,

103 394 54 22 eller
172 393 7 21 i
194 393 58 24 kurs,
268 397 45 15 som
330 391 84 27 jemlikt
425 396 84 15 samma
520 390 71 27 bilaga
601 390 88 22 medför
700 390 112 22 enahanda
821 393 44 19 rät-

103 428 95 27 tigheter
212 425 48 22 med
276 425 102 21 afseende
394 426 12 20 å
422 424 130 27 utgörandet
568 424 23 21 af
599 425 160 27 värnepligten,
771 425 48 21 med
829 425 36 21 be-

103 463 63 26 hörig
181 461 97 26 kunskap
294 460 7 21 i
316 459 64 27 ryska
395 459 90 27 språket
500 459 7 21 i
522 459 106 21 hvardera
645 459 24 22 af
683 459 63 22 dessa
761 460 40 21 fall
815 460 50 27 (art.

104 497 45 27 46),
173 496 52 21 eller
248 494 21 27 5)
286 493 58 22 öfver
366 493 70 27 aflagd
459 493 92 21 särskild
571 499 89 16 examen
677 494 67 27 enligt
759 500 106 21 program,

104 537 47 16 som
175 530 23 21 af
218 529 232 26 Generalguvernören,
475 528 54 21 efter
552 528 79 22 träffad
649 529 217 22 öfverenskommelse

105 566 49 21 med
170 564 175 28 Krigsministern
362 564 40 21 och
417 563 113 22 Ministern
546 563 33 21 för
594 563 212 28 folkupplysningen,
814 570 52 21 upp-

105 603 63 24 göres
185 599 39 22 och
239 598 99 22 insändes
352 598 35 25 till
402 598 71 27 Nädig
488 597 144 22 stadfästelse.

176 634 54 27 Den,
246 640 45 15 som
308 633 84 21 erhällit
408 633 31 20 sin
455 633 121 26 utbildning
591 633 35 20 vid
643 633 63 27 ryskt
717 633 107 28 läroverk,
836 633 30 21 ät-

106 670 72 27 njuter
193 669 35 20 vid
244 668 83 21 inträde
344 667 6 22 i
366 668 67 27 tjenst
449 667 69 22 säsom
534 667 88 27 frivillig
637 667 37 22 vid
691 667 26 22 de
727 667 71 22 finska
808 670 58 25 trup-

106 710 68 21 perna
189 703 113 21 enahanda
318 701 134 28 rättigheter,
469 708 46 15 som
531 701 121 22 tillkomma
669 702 71 21 elever
756 702 36 21 vid
805 702 62 21 dessa

106 737 106 22 läroverk.

177 797 50 18 Art.
244 796 49 18 125.
326 793 73 22 Säsom
415 793 89 27 frivillig
519 795 106 25 mottagas
642 793 57 22 icke:

179 830 19 25 1)
216 829 47 25 den,
280 834 45 15 som
341 827 45 22 står
402 828 68 21 under
486 827 65 22 tilltal
567 827 33 22 för
615 827 71 27 brott;

178 864 21 26 2)
216 863 47 26 den,
278 869 44 15 som
334 863 66 26 enligt
412 862 174 27 domstolsutslag
597 862 73 21 blifvit
681 863 64 20 dömd
755 863 35 21 till
800 863 67 27 straff,

109 898 83 21 hvilket
207 897 82 22 medför
304 897 77 21 förlust
397 896 23 22 af
435 897 104 26 rättighet
549 899 32 19 att
592 897 88 21 inträda
691 897 6 21 i
709 899 84 19 statens
803 897 65 27 tjenst

108 933 53 20 eller
184 932 76 21 förlust
283 931 24 21 af
327 931 167 27 medborgerligt
517 931 122 21 förtroende
659 932 54 26 (art.
730 931 26 21 14
771 931 8 21 i
794 930 74 23 Straff-

109 967 79 26 lagen),
204 968 54 19 samt

178 1001 22 26 3)
217 1001 48 26 den,
282 1006 45 15 som
343 1000 23 21 af
380 1000 92 21 domstol
488 999 108 22 befunnits
609 999 86 27 skyldig
705 1000 33 21 till
749 1000 57 21 stöld
817 1000 52 21 eller

108 1035 120 27 bedrägeri.

181 1081 46 17 Anm.
252 1080 36 17 Till
301 1079 100 24 styrkande
413 1079 58 22 deraf,
485 1081 28 16 att
526 1079 57 18 sådan
595 1079 92 22 vanfrejd,
700 1085 38 12 som
751 1079 5 18 i
770 1079 59 18 denna
841 1085 29 12 ar-

110 1110 47 17 tikel
170 1110 108 20 omnämnes,
291 1108 41 18 icke
344 1108 104 22 föreligger,
461 1108 49 17 skall
522 1107 41 21 den,
576 1113 38 12 som
627 1107 69 18 önskar
707 1107 75 18 inträda
794 1108 6 17 i
812 1108 58 22 tjenst

109 1139 61 17 säsom
182 1137 82 22 frivillig,
276 1137 64 18 härom
352 1137 70 22 afgifva
434 1137 83 22 skriftlig
530 1137 104 18 försäkran.

180 1187 49 18 Art.
246 1186 50 18 126.
327 1184 32 21 De
382 1183 100 27 frivillige
497 1183 83 21 indelas
595 1183 7 20 i
619 1183 36 21 tvä
670 1183 130 27 kategorier,
816 1182 54 22 efter

111 1220 63 21 deras
191 1218 153 22 innehafvande
360 1217 163 28 bildningsgrad
538 1219 56 19 samt
606 1219 38 19 äro
655 1217 88 27 pligtige
756 1218 32 20 att
796 1217 74 27 tjenst-

111 1256 53 25 göra
179 1253 35 21 vid
228 1253 60 21 aktiv
304 1256 74 23 trupp:

182 1288 20 27 1)
218 1287 33 27 de,
274 1287 72 21 hvilka
370 1287 66 26 aflagt
459 1292 89 15 examen
567 1286 57 21 inom
640 1286 109 21 läroverks
766 1286 24 21 af
804 1285 67 22 första

111 1323 113 27 kategorin
248 1321 98 22 lärokurs
361 1321 7 21 i
384 1321 36 21 det
443 1321 93 27 omfäng,
559 1327 47 15 som
621 1320 41 22 här
677 1320 62 22 ofvan
755 1321 50 27 (art.
824 1321 46 25 124,

111 1363 65 15 mom.
196 1358 18 25 3,
235 1357 21 27 a)
276 1356 107 22 bestämdt
406 1358 30 25 är,
458 1356 39 21 och
511 1355 76 22 hvilka
602 1355 117 21 benämnas
735 1355 100 27 frivillige
850 1354 24 22 af

111 1392 70 21 första
197 1391 117 27 kategorin,
331 1402 27 4 —
374 1393 28 19 ett
418 1391 34 25 är;
