1109 1736
819 119 27 20 59

180 188 50 19 Art.
248 187 50 18 213.
330 184 114 21 Officerare
462 184 39 22 och
516 184 133 27 tjenstemän
664 185 36 21 vid
711 192 106 19 reserven,
829 192 46 15 som

109 220 117 22 innehafva
242 219 66 21 sådan
326 218 48 22 civil
390 218 73 27 tjenst,
479 219 88 21 hvilken
584 219 18 26 ej
619 219 87 21 medför
718 220 98 21 befrielse
827 220 48 21 från

110 254 122 23 inkallande
248 254 7 20 i
271 253 130 27 krigstjenst,
417 253 53 21 böra
485 253 81 21 befrias
576 252 48 22 från
636 253 94 27 tjensten
742 254 70 22 sävidt
822 254 53 26 möj-

109 290 41 26 ligt
165 288 94 27 följande
276 288 43 25 dag
335 288 40 20 och
390 288 7 20 i
412 287 74 27 hvarje
496 287 101 22 händelse
609 290 77 19 senast
697 288 57 21 inom
765 290 33 19 tre
809 288 66 27 dagar

110 324 55 21 efter
180 323 98 22 erhållen
293 321 154 22 underrättelse
464 327 35 16 om
514 321 142 22 inkallandet.

181 377 51 18 Art.
249 375 50 18 214.
331 371 115 22 Officerare
462 373 39 20 och
518 373 130 26 tjenstemän
665 373 35 21 vid
712 380 105 20 reserven,
829 380 45 15 som

112 410 102 21 inkallats
237 408 34 21 till
294 407 72 26 tjenst,
387 413 51 14 vare
453 407 135 27 berättigade
604 409 33 19 att
655 408 98 21 använda
768 408 36 21 två
820 409 55 26 dygn

111 444 34 22 för
168 442 108 23 ordnande
299 441 23 21 af
336 441 47 21 sina
399 441 100 21 enskilda
514 441 184 27 angelägenheter
714 442 40 21 och
770 446 32 18 tre
819 443 55 26 dygn

111 479 34 21 för
160 476 138 23 anskaffande
314 475 23 21 af
351 476 119 21 beklädnad
482 476 41 21 och
533 475 167 28 fältutredning.
723 477 101 21 Härefter
836 483 39 20 ega

111 513 27 21 de
154 511 88 22 inställa
258 510 32 27 sig
305 511 13 19 å
334 510 214 21 bestämmelseorten
564 510 57 21 inom
639 510 41 21 den
696 512 39 26 tid,
748 517 46 15 som
806 511 69 21 betin-

111 553 39 20 gas
173 547 23 20 af
216 544 156 28 vägalängden,
391 544 90 21 sålunda
497 547 33 18 att
545 545 28 26 på
587 545 93 27 jernväg
696 545 54 22 skall
765 545 109 27 tillrygga-

112 581 74 26 läggas
202 579 118 21 trehundra
336 579 119 25 kilometer,
472 578 28 27 på
515 579 108 20 allmänna
635 579 130 27 landsvägar
776 579 38 21 och
824 580 51 26 bya-

112 617 65 25 vägar
197 626 27 3 —
244 612 118 28 sjuttiofem
384 613 114 21 kilometer
522 613 40 21 och
585 613 34 21 vid
646 613 96 22 menföre
758 626 28 3 —
802 613 72 22 femtio

111 650 114 20 kilometer
240 649 6 20 i
263 648 85 26 dygnet.

182 703 50 17 Art.
257 701 49 18 215.
338 698 72 25 Tiden,
434 698 56 22 inom
513 699 86 21 hvilken
615 699 35 21 till
666 706 99 14 reserven
780 700 94 20 hörande

112 734 73 22 officer
201 734 52 21 eller
269 733 136 27 tjensteman,
421 739 45 15 som
482 733 72 21 blifvit
570 733 106 27 inkallad,
687 734 55 21 skall
753 733 80 21 infinna
843 734 32 26 sig

112 770 14 20 å
140 768 213 22 bestämmelseorten
378 768 50 26 (art.
450 768 59 26 214),
532 768 118 20 beräknas:
678 768 20 27 1)
717 768 33 21 för
766 768 47 25 den,
830 774 45 15 som

113 804 48 21 icke
184 805 23 19 är
230 801 85 22 anstäld
332 801 6 21 i
354 804 82 19 statens
457 802 53 21 eller
525 802 142 21 kommunens
684 802 70 27 tjenst,
770 802 47 22 från
834 802 41 22 den

113 838 48 26 dag,
178 837 28 21 då
222 836 158 22 underrättelse
398 842 33 15 om
448 836 134 21 inkallandet
597 836 71 27 ingått
683 837 34 21 till
733 837 41 21 den
786 837 89 21 inkalla-

113 873 37 20 des
166 872 100 26 bonings-
284 870 52 21 eller
351 870 109 27 tillfälliga
475 871 121 20 vistelseort
612 871 38 26 (då
668 871 25 21 de
710 871 72 21 derom
795 871 81 21 anmält

112 907 40 21 hos
168 904 366 28 Distriktsmilitärbefälhafvaren),
551 905 23 26 2)
590 905 33 21 för
638 905 50 27 den,
699 912 46 15 som
756 908 24 19 är
791 906 84 21 anstäld

112 941 8 21 i
136 941 72 27 tjenst,
225 952 26 3 —
268 939 47 22 från
339 939 40 21 den
404 939 40 27 dag
467 939 41 21 han
532 939 107 22 frikallats
656 939 48 22 från
719 940 90 27 tjensten
824 941 51 26 (art.

114 976 51 26 213)
189 975 39 21 och
251 975 22 26 3)
288 974 34 21 för
345 974 47 25 den,
416 980 44 15 som
477 974 66 21 vistas
559 975 13 20 å
588 974 124 27 utrikesort,
729 987 27 2 —
772 975 47 20 från
836 975 40 20 den

114 1011 41 26 dag
177 1010 43 21 han
242 1015 34 15 om
301 1009 135 21 inkallandet
452 1009 6 20 i
474 1009 66 26 tjenst
564 1009 154 27 förständigats
733 1015 77 21 genom
826 1009 49 27 rysk

114 1044 112 21 ambassad
250 1043 51 21 eller
320 1043 108 26 konsulat,
445 1043 59 26 eller,
522 1043 37 21 der
576 1043 78 21 sådant
671 1043 47 21 icke
733 1043 82 21 kunnat
830 1043 44 27 ske,

113 1079 48 21 från
177 1079 41 20 den
234 1078 42 26 dag
290 1077 93 21 berörda
400 1077 146 27 myndigheter
562 1077 30 21 uti
608 1077 28 26 på
649 1079 60 20 orten
722 1077 154 22 utkommande

114 1113 116 22 utländska
245 1112 110 26 tidningar
371 1111 121 26 publicerat
507 1112 139 26 regeringens
662 1111 126 28 förfogande
800 1118 32 15 om
844 1113 31 20 in-

114 1147 100 21 kallande
230 1146 23 21 af
268 1146 25 20 de
308 1145 34 21 till
353 1152 101 15 reserven
464 1145 97 21 hörande
572 1152 104 20 personer
687 1147 34 20 till
732 1146 58 21 aktiv
802 1147 74 26 tjenst-

113 1182 75 26 göring
203 1182 7 20 i
226 1181 40 21 och
282 1180 33 21 för
331 1180 85 21 arméns
432 1180 163 27 uppbringande
611 1180 33 21 till
660 1180 40 22 full
715 1181 81 27 styrka.

184 1227 48 16 Anm.
256 1226 94 20 Personer,
364 1231 38 12 som
415 1227 31 16 äro
459 1225 78 23 pligtige
550 1227 28 16 att
591 1225 100 18 återvända
703 1226 42 17 från
758 1225 84 18 utlandet
852 1225 24 23 på

113 1255 61 23 grund
191 1255 21 18 af
223 1255 60 18 denna
295 1254 68 18 artikel
376 1255 55 21 (215),
445 1254 33 21 må,
492 1254 24 22 på
529 1254 61 17 derom
604 1253 20 18 af
636 1254 41 18 dem
690 1255 54 22 gjord
756 1255 88 21 ansökan,
856 1254 21 18 af

114 1283 167 23 Krigsministeriet
293 1283 77 22 beviljas
382 1283 76 18 kortare
470 1283 82 22 uppskof
564 1283 29 18 för
605 1283 94 18 ordnande
711 1283 21 18 af
743 1283 53 18 deras
803 1283 73 22 angelä-

114 1313 92 22 genheter,
227 1312 61 18 derest
306 1311 35 18 den
360 1311 103 23 trängande
481 1311 161 22 nödvändigheten
657 1311 56 18 häraf
724 1312 72 22 styrkes
810 1312 20 17 af
842 1311 34 18 den

114 1341 30 18 till
157 1341 53 18 deras
222 1341 104 17 vistelseort
339 1341 82 17 närmast
434 1339 118 19 residerande
564 1340 56 23 ryska
633 1340 131 23 diplomatiska
777 1341 60 22 agent.

184 1390 51 19 Art.
251 1389 49 19 216.
332 1387 42 21 Vid
389 1393 99 15 reserven
504 1387 99 20 anstälde
617 1386 110 23 officerare
739 1387 39 22 och
790 1387 86 26 tjenste-

115 1425 57 25 män,
196 1428 46 15 som
266 1421 102 22 inkallats
392 1422 32 21 till
440 1422 60 21 aktiv
516 1421 144 27 tjenstgöring
676 1421 32 22 för
723 1422 85 21 arméns
823 1428 53 20 upp-
