1109 1778
807 159 30 20 15

114 227 190 30 uppbådsåldern
322 227 117 22 medförde
459 235 29 13 en
506 227 89 28 ökning
608 227 25 22 af
646 227 28 21 de
687 226 185 29 värnepligtiges

116 263 71 27 antal,
211 262 82 21 hvilka
311 262 8 21 i
337 262 59 28 följd
415 262 23 21 af
456 262 120 21 bristande
594 261 227 29 kroppsutveckling
840 269 32 13 er-

114 297 65 22 hålla
202 296 108 29 uppskof,
333 297 24 20 så
375 296 78 21 kunde
472 296 40 22 vid
530 297 77 20 denna
625 296 153 28 invändning,
798 297 75 20 såsom

116 331 117 27 obevisad,
246 331 73 27 något
335 331 106 21 afseende
453 331 53 21 icke
518 331 79 27 fästas,
611 330 149 22 alldenstund
774 330 23 21 af
808 330 66 21 redo-

115 366 133 28 görelserna
267 365 64 21 öfver
348 365 176 28 värnepligtens
542 364 129 30 utgörande
690 365 8 21 i
716 364 103 22 Finland
838 364 36 22 för

116 402 55 20 åren
191 400 160 21 1892—1895
371 407 76 21 synes,
467 402 34 19 att
513 402 127 26 procenten
653 399 23 21 af
689 399 38 21 det
740 399 71 27 antal,
825 406 49 14 som

116 435 24 21 af
158 434 104 28 antydda
281 434 68 21 orsak
367 433 94 22 erhållit
479 434 108 28 uppskof,
606 434 9 21 i
627 433 145 22 förhållande
785 433 37 21 till
836 440 38 14 an-

116 470 59 21 talet
192 468 146 28 besigtigade
350 468 108 29 utgjorde
472 469 9 21 i
490 468 110 22 medeltal
619 468 82 22 endast
722 468 69 28 2,19/,.
818 468 56 20 Der-

116 504 39 21 till
181 504 104 21 kommer
315 505 35 19 att
384 503 64 21 inom
475 503 118 28 Ryssland
617 503 29 21 bo
675 502 107 28 omkring
812 503 11 20 1
844 499 27 33 %,

116 538 83 30 miljon
218 538 23 21 af
259 545 86 14 samma
362 537 83 28 finnar,
464 537 82 22 hvilka
564 540 85 25 utgöra
661 537 164 29 värnepligten
836 544 38 13 en-

116 573 46 28 ligt
180 572 175 29 Kejsardömets
373 572 140 28 förordning
532 572 43 21 och
594 572 82 21 hvilka
688 572 51 21 icke
752 572 77 21 lemna
841 573 33 19 ett

117 608 25 20 så
161 607 111 27 ofantligt
288 608 59 20 stort
363 607 65 21 antal
445 607 52 21 med
510 606 119 22 bristande
642 606 232 29 kroppsutveckling.

186 641 47 21 För
259 643 36 19 att
320 641 52 21 från
398 649 33 14 nu
456 641 113 28 stadgade
590 641 173 29 uppbådsålder
781 640 93 22 enklare

118 676 95 28 öfvergå
231 675 38 21 till
288 676 45 21 den
350 675 141 29 föreslagna,
512 676 94 21 komma
627 676 38 20 det
680 675 74 22 första
771 676 56 26 året,
846 674 30 21 då

118 710 45 21 den
181 717 48 21 nya
245 710 170 27 författningen
427 710 125 28 tillämpas,
565 712 86 19 tvenne
664 710 164 21 åldersklasser
842 711 34 18 att

118 744 123 29 uppbådas
267 744 73 22 bland
358 744 28 21 de
404 744 77 22 finska
503 745 81 20 länens
602 744 144 28 befolkning.
781 744 12 21 I
811 743 65 21 detta

118 779 60 28 syfte
197 779 96 21 föreslås
312 779 186 28 anmärkningen
516 779 37 21 till
572 779 76 21 denna
667 779 90 21 artikel.

189 848 46 21 Art.
263 849 33 20 10.
333 847 110 22 Artikeln
468 848 28 21 11
516 848 9 21 i
543 847 174 29 Kejsardömets
735 847 141 27 författning

119 882 128 21 innefattar
264 882 157 28 grundregeln
440 882 121 28 angående
579 882 140 28 lottningen.
749 882 64 21 Från
831 881 46 21 den

119 917 118 21 allmänna
254 917 80 27 regeln
346 920 67 25 göres
426 917 129 21 emellertid
568 917 63 21 vissa
643 917 132 28 undantag;
788 916 37 21 för
838 915 39 21 det

118 951 74 22 första
210 951 75 28 gifves
304 951 39 21 det
361 958 29 14 en
408 951 107 28 kategori
534 951 23 22 af
575 959 116 21 personer,
705 959 49 13 som
771 951 52 21 icke
837 953 39 18 äro

118 985 104 28 lottning
248 985 178 28 underkastade,
455 985 44 22 och
525 986 36 21 för
589 985 39 22 det
655 985 74 22 andra
745 985 74 22 finnes
838 984 40 21 det

119 1020 94 27 sådana,
240 1019 82 22 hvilka
347 1020 70 28 lagen
442 1020 44 21 alls
504 1020 52 21 icke
574 1020 89 21 tillåter
682 1022 35 19 att
735 1019 73 28 draga
825 1019 51 21 lott.

118 1055 12 20 I
149 1054 45 21 den
211 1054 9 20 i
237 1054 163 28 Kejsardömet
427 1055 110 27 gällande
562 1055 167 27 förordningen
753 1058 39 17 äro
811 1053 67 21 dessa

119 1095 110 22 personer
251 1088 171 22 sammanförda
441 1090 31 27 på
490 1091 34 19 ett
542 1089 68 21 ställe
629 1088 43 22 och
691 1088 128 23 artiklarna
839 1095 39 14 an-

119 1123 90 28 gående
231 1123 28 21 de
281 1123 63 22 olika
365 1123 165 28 kategorierna
552 1123 23 22 af
593 1124 58 27 dem,
670 1131 49 14 som
737 1127 39 18 äro
795 1123 83 21 under-

118 1157 98 22 kastade
234 1157 103 29 lottning
356 1157 44 22 och
418 1158 59 28 dem,
497 1166 49 14 som
564 1158 52 21 icke
635 1162 39 18 äro
693 1158 45 28 det,
757 1158 58 28 följa
833 1157 45 21 den

119 1199 45 14 ena
190 1192 58 21 efter
275 1192 45 21 den
347 1192 80 22 andra.
463 1193 12 21 I
498 1193 45 21 den
561 1193 75 22 finska
654 1193 69 28 lagen
741 1192 67 29 följes
827 1191 51 22 icke

120 1227 65 21 detta
203 1229 92 26 system,
314 1226 107 22 hvarföre
440 1227 114 22 Komitén
569 1227 78 22 funnit
659 1227 84 28 nödigt
756 1229 35 19 att
803 1226 75 22 införa

120 1261 45 21 det.
185 1260 90 22 Genom
287 1261 122 22 införande
422 1262 8 21 i
443 1262 46 21 den
500 1261 77 22 finska
589 1262 68 28 lagen
668 1261 23 22 af
705 1262 62 21 12:te
777 1260 103 23 artikeln

119 1295 8 22 i
152 1295 173 29 Kejsardömets
349 1295 139 29 förordning
511 1296 47 21 blir
575 1296 9 21 i
602 1296 45 21 den
667 1295 162 22 förstnämnda
847 1295 33 21 af-

120 1329 75 29 hjelpt
213 1330 85 29 jemväl
317 1337 28 14 en
364 1338 79 14 annan
461 1331 232 21 brist
541 1325 12 38 —
567 1331 126 21 frånvaron
708 1330 24 22 af
749 1337 30 14 en
791 1330 88 21 allmän

120 1364 85 21 artikel
224 1371 37 15 om
278 1365 119 28 frivillige,
417 1373 50 14 som
486 1365 107 28 angifver
611 1365 67 22 deras
695 1365 121 28 betydelse
836 1363 43 22 och

119 1398 199 28 hufvudvilkoret,
346 1399 83 22 hvaraf
455 1400 51 21 dem
532 1399 101 28 tillagda
659 1399 117 22 lättnader
793 1399 9 21 i
820 1399 59 27 tjen-

120 1435 52 19 sten
189 1432 63 23 bero.
