1109 1786
265 161 32 21 42

230 229 164 29 inrättningar,
414 230 83 22 införts
515 230 46 22 den
580 231 148 28 bestämning
747 233 35 19 att
795 231 72 28 sagda
879 239 108 21 personer

229 271 46 21 ega
293 266 46 20 rätt
357 264 38 22 till
412 265 147 29 försörjning.
597 266 72 20 Dessa
689 265 126 29 ändringar
826 269 39 18 äro
874 266 112 28 vidtagna

230 298 37 21 för
284 298 149 22 undvikande
459 299 22 21 af
503 299 96 29 onödigt
617 299 128 22 berörande
765 300 24 21 af
806 300 9 21 i
833 299 101 22 Finland
952 301 35 20 rå-

229 331 78 22 dande
325 333 168 28 förhållanden,
513 335 25 20 så
556 334 94 28 mycket
668 341 63 14 mera
749 341 49 15 som
817 337 41 18 art.
874 335 31 20 33
925 335 61 20 afser

231 366 88 22 vården
338 367 23 22 af
379 367 126 29 oförmöget
523 367 140 23 underbefäl
683 368 44 21 och
739 369 118 28 manskap,
868 369 118 21 hvaremot

230 400 69 22 dessa
322 409 109 20 personer
455 402 74 28 enligt
547 405 42 19 art.
609 403 31 21 27
660 403 8 21 i
686 403 112 28 förslaget
816 403 65 21 skola
899 403 87 22 erhålla

229 435 149 29 försörjning.
405 437 60 21 Hela
485 436 123 23 skilnaden
621 437 76 28 ligger
707 437 8 22 i
724 437 162 22 understödets
897 437 89 28 belopp,

230 477 49 14 som
304 470 8 21 i
335 471 164 28 Kejsardömet
516 471 75 22 finnes
610 471 111 29 stadgadt
739 472 7 21 i
765 472 221 28 värnepligtslagen,

231 504 84 22 medan
333 505 128 22 detsamma
479 505 8 22 i
505 505 102 22 Finland
625 506 62 21 skall
704 506 101 29 regleras
823 507 74 28 enligt
909 507 79 21 härför

230 539 113 22 särskildt
359 540 124 21 faststälda
502 541 181 28 bestämningar.
711 541 112 21 Komitén
833 541 42 21 har
885 543 56 19 trott
952 540 35 29 sig

230 573 59 22 böra
311 573 8 21 i
342 573 112 29 förslaget
472 575 37 22 till
527 575 62 21 finsk
607 575 39 28 lag
664 575 75 22 införa
757 575 102 22 nämnda
878 575 82 22 artikel
980 575 5 20 i

230 607 80 21 stället
327 608 37 21 för
383 610 13 25 $
417 609 54 27 104,
490 608 97 22 emedan
606 609 45 21 den
664 609 145 22 sistnämnda
818 610 51 20 icke
880 609 108 22 omfattar

231 642 47 21 alla
297 642 27 21 de
342 642 49 28 fall,
409 643 82 22 hvilka
510 644 98 21 förutses
627 644 8 21 i
648 647 42 18 art.
705 644 38 21 33.
772 643 104 22 Sålunda
885 644 103 21 saknas
973 638 18 37 i

231 677 13 25 S
266 676 47 22 104
332 676 129 29 stadgande
475 678 120 28 angående
605 678 126 22 understöd
741 678 20 29 ej
772 678 90 21 mindre
872 678 25 22 åt
905 678 82 21 under-

230 710 64 22 befäl
317 711 43 21 och
385 712 118 29 manskap,
529 720 49 14 som
596 713 8 21 i
621 712 60 29 följd
699 713 24 21 af
740 712 75 22 under
833 712 65 22 aktiv
916 712 71 29 tjenst

230 744 106 29 ådragna
354 746 37 21 sår
409 746 43 22 och
470 746 151 29 kroppslyten
634 747 80 21 blifvit
723 747 38 21 till
773 747 78 21 arbete
861 747 126 28 oförmöget

230 780 61 20 efter
309 780 172 29 öfverföringen
500 781 37 21 till
555 788 114 20 reserven,
687 785 30 17 än
727 782 69 21 äfven
807 782 24 21 åt
841 781 146 22 landtvärns-

230 817 61 24 män,
310 814 81 22 hvilka
403 815 74 21 under
487 816 122 28 tjenstetid
619 816 80 21 blifvit
709 816 37 21 till
757 816 79 21 arbete
846 816 139 28 oförmögne.

300 884 44 20 Art.
366 885 37 20 26.
440 884 80 21 Ehuru
539 884 7 21 i
566 884 73 21 andra
657 884 67 21 delen
745 884 46 27 af
779 880 12 36 $
804 885 46 20 105
861 884 8 21 i
878 884 108 28 gällande

230 916 78 22 finska
325 917 40 28 lag
382 918 120 28 uttryckes
521 918 129 22 detsamma
668 926 49 14 som
734 919 7 21 i
762 921 42 19 art.
819 919 30 21 37
861 919 23 21 af
893 919 93 28 Kejsar-

230 951 89 21 dömets
337 951 45 28 lag,
394 952 42 21 har
453 953 111 21 Komitön
582 953 81 27 likväl,
673 953 38 21 till
730 953 113 28 ätlydnad
861 953 23 21 af
895 952 91 29 Nädiga

229 985 163 29 befallningen
410 994 37 14 om
465 987 130 28 bringande
614 987 8 21 i
641 987 237 22 öfverensstämmelse
893 987 23 22 af
925 987 61 21 stad-

229 1019 110 28 gandena
357 1020 8 21 i
383 1020 67 22 dessa
469 1021 70 29 lagar,
558 1021 79 22 funnit
656 1021 83 28 nödigt
756 1022 76 21 införa
851 1024 42 19 art.
907 1022 31 20 28
950 1029 36 13 en-

230 1053 46 29 ligt
294 1053 44 22 den
356 1055 87 28 lydelse
463 1058 42 19 art.
525 1056 32 21 34
576 1056 8 21 i
603 1056 173 29 Kejsardömets
795 1056 40 27 lag
853 1055 98 22 erhällit.

301 1123 45 21 Art.
368 1125 35 20 29.
441 1124 111 21 Komiten
570 1124 43 21 har
625 1124 63 21 iden
698 1124 75 21 finska
783 1124 70 28 lagen
863 1125 71 21 infört
944 1130 42 15 art.

232 1157 31 20 35
284 1157 23 21 af
329 1157 174 28 Kejsardömets
521 1159 40 28 lag
579 1159 8 20 i
606 1159 78 21 stället
702 1159 37 21 för
755 1159 74 21 första
847 1159 67 21 delen
933 1159 22 21 af
974 1160 12 24 $

234 1191 54 27 105,
308 1191 97 22 emedan
422 1192 8 21 i
449 1192 45 22 den
513 1192 160 22 förstnämnda
693 1192 94 29 stadgas
800 1200 37 14 om
846 1192 140 29 försörjning

231 1224 24 21 af
273 1224 99 30 familjer
390 1226 37 21 till
445 1226 64 22 säväl
527 1227 9 20 i
554 1227 66 21 aktiv
630 1228 79 27 tjenst,
720 1234 48 13 som
778 1227 43 21 ock
831 1227 40 21 vid
881 1234 105 14 reserven

231 1259 104 21 anstäldt
361 1259 137 23 underbefäl
525 1260 43 22 och
595 1261 112 28 manskap
727 1264 59 18 samt
803 1265 126 17 värnemän
947 1260 40 21 vid

230 1293 156 28 landtvärnet,
409 1295 74 21 endast
502 1296 68 20 under
587 1296 157 27 förutsättning
761 1298 32 18 att
811 1296 99 27 samtliga.
928 1296 59 20 dessa

231 1330 75 19 trenne
323 1329 116 27 kategorier
457 1330 28 27 af
498 1330 111 27 krigsmän
627 1331 48 26 rykt
693 1332 25 19 ut
735 1330 9 21 i
760 1330 47 27 fält,
820 1329 83 22 medan
916 1329 69 22 första

230 1361 70 22 delen
319 1362 22 21 af
360 1363 13 26 $
395 1363 46 21 105
461 1363 129 22 innehäller
608 1363 129 28 stadgande
756 1371 37 14 om
809 1363 140 29 försörjning
966 1364 22 20 af

230 1396 103 29 familjer
350 1397 38 20 till
406 1397 137 22 underbofäl
562 1397 43 22 och
623 1398 119 28 manskap,
753 1405 49 14 som
820 1398 6 21 i
841 1397 99 22 fredstid
949 1397 38 22 be-

230 1430 76 21 finner
324 1431 36 28 sig
378 1431 8 21 i
405 1431 67 22 aktiv
489 1433 79 28 tjenst,
581 1432 118 21 äfvensom
712 1432 37 21 till
758 1436 139 23 reservmän,
908 1432 80 21 hvilka
