1114 1781
835 127 25 20 41

128 194 58 22 chefs
209 192 143 29 bepröfvande
375 193 43 21 kan
438 193 99 21 beröfvas
555 193 47 26 den,
619 199 49 15 som
684 193 96 22 befinnes
796 194 98 22 erfordra

129 228 95 22 särskild
240 228 79 26 tillsyn.

198 287 51 18 Art.
266 286 41 18 131.
337 284 109 27 Frivillige
462 284 87 22 inträda
564 285 7 21 i
586 285 68 26 tjenst
665 285 72 21 såsom
748 286 96 22 soldater
855 286 39 22 och

129 320 120 27 tjenstgöra
272 319 28 26 på
316 318 69 27 grund
400 318 23 22 af
436 319 78 27 regler,
531 325 44 15 som
592 319 24 21 af
630 319 197 27 Krigsministeriet
842 320 52 22 fast-

130 354 83 27 ställas,
229 352 180 28 hufvudsakligen
425 353 5 21 i
448 353 55 27 syfte
518 356 33 19 att
566 353 117 22 förbereda
699 354 47 21 dem
757 354 34 22 till
800 354 93 22 officers-

130 388 88 28 graden.

200 447 50 18 Art.
274 446 50 19 132.
356 444 41 21 Till
417 444 109 22 åtskilnad
541 445 48 21 från
605 445 42 21 den
665 445 127 27 uppbådade
808 452 86 21 gemen-

129 481 83 25 skapen
235 479 99 26 tillegnas
348 478 100 28 frivillige
463 481 32 19 ett
510 482 58 24 yttre
583 479 13 21 ä
611 480 155 21 beklädvaden
782 480 107 28 anbragdt

129 514 86 26 tecken,
238 512 82 22 hvilket
343 512 33 22 för
401 513 65 27 öfrigt
489 513 46 21 icke
558 513 85 21 medför
666 514 67 26 några
756 514 108 22 förmåner
886 514 7 21 i

130 549 102 26 tjensten.

200 602 50 18 Art.
267 601 51 18 133.
342 599 116 27 Frivillige,
475 606 45 14 som
537 599 117 27 undergått
670 600 104 27 stadgade
785 600 55 27 prof,
851 600 41 26 må,

131 635 73 21 derest
224 634 26 21 de
266 633 24 21 af
303 635 109 20 närmaste
428 634 101 27 chefskap
545 640 62 15 anses
623 634 74 21 dertill
713 634 93 27 värdige,
822 634 72 21 befor-

131 669 51 21 dras
196 668 33 21 till
245 667 123 22 officerare:
384 669 33 26 de,
434 675 44 15 som
495 668 82 27 åtnjuta
592 668 106 27 rättighet
713 669 24 20 af
750 668 68 21 första
834 668 60 22 kate-

130 703 68 28 gorin,
215 715 27 3 —
258 703 66 20 sedan
345 703 26 20 de
386 703 125 27 tjenstgjort
526 703 7 21 i
549 703 58 27 lägre
623 703 55 26 grad
694 705 31 19 ett
741 703 31 26 år,
788 705 56 19 samt
860 703 34 27 de,

131 744 46 15 som
194 737 84 27 åtnjuta
292 737 106 27 rättighet
413 737 24 22 af
450 737 67 22 andra
533 737 121 27 kategorin,
671 749 28 4 —
715 737 65 22 sedan
797 737 26 22 de
838 737 7 21 i
861 737 33 22 så-

131 772 43 21 dan
188 771 54 28 grad
256 771 124 28 tjenstgjort
396 773 33 20 tre
445 771 32 22 år.

202 825 50 18 Art.
275 824 51 19 134.
357 822 42 22 Till
422 823 111 21 officerare
556 822 130 22 befordrade
701 823 101 26 frivillige
817 823 35 20 vid
868 823 26 20 de

131 858 69 21 finska
223 859 124 25 trupperna,
370 857 74 21 hvilka
468 859 37 20 äro
527 857 67 21 finske
616 857 132 27 infödingar,
768 857 84 26 åtnjuta
868 857 26 21 de

131 892 213 27 ståndsrättigheter,
368 898 45 15 som
437 894 38 19 äro
494 892 115 21 faststälda
624 891 34 22 för
675 891 219 22 Storfurstendömets

131 928 45 25 län;
200 926 110 22 officerare
333 925 23 22 af
376 926 47 21 icke
445 925 55 22 finsk
522 926 60 26 börd,
603 932 45 15 som
665 926 76 21 vunnit
755 925 139 22 befordran
880 921 17 36 i

131 962 67 27 tjenst
220 961 70 21 såsom
314 960 101 27 frivillige
438 961 34 21 vid
497 961 26 21 de
538 961 68 21 finska
621 963 124 25 trupperna,
761 959 109 22 förvärfva
888 961 5 20 i

133 996 41 21 och
196 995 49 22 med
267 994 66 22 sådan
357 995 116 21 befordran
493 994 56 22 finsk
564 995 195 27 medborgarerätt,
775 994 120 27 hvarjemte

133 1030 26 21 de
175 1029 77 22 tilllika
268 1028 120 22 bibehällas
404 1029 36 21 vid
455 1029 47 21 sina
517 1029 213 27 ständsrättigheter.

202 1083 51 18 Art.
276 1083 51 18 135.
358 1081 110 27 Frivillige
491 1081 71 21 kunna
581 1081 138 27 permitteras
734 1081 34 21 för
784 1087 25 15 en
826 1081 31 21 tid
872 1081 24 21 af

133 1116 56 21 ända
204 1115 33 22 till
253 1115 45 27 fyra
314 1114 110 23 mänader.
450 1115 201 22 Permissionstiden
661 1115 173 28 tillgodoräknas
846 1115 47 22 dem

133 1151 49 21 icke
197 1149 13 22 å
225 1149 40 22 den
281 1149 33 21 för
330 1149 59 22 aktiv
404 1150 143 27 tjenstgöring
563 1149 40 22 och
618 1149 33 22 för
667 1149 117 22 befordran
800 1150 33 21 till
850 1149 44 22 offi-

133 1184 99 27 cersgrad
248 1184 116 21 faststälda
380 1184 117 27 tjenstetid.

204 1230 50 17 Anm.
277 1229 29 18 Då
323 1229 77 23 frivillig
412 1229 21 18 af
444 1229 59 18 första
515 1229 103 23 kategorin,
631 1231 45 16 utan
689 1231 30 16 att
731 1229 77 18 utverka
820 1229 75 23 permis-

133 1259 41 18 sion
186 1258 29 18 för
226 1257 93 19 värdande
332 1257 21 19 af
364 1258 28 18 sin
404 1258 57 22 helsa,
473 1258 25 23 pä
510 1257 59 24 grund
581 1258 21 18 af
613 1258 94 18 inlemnad
720 1258 121 23 sjukrapport
854 1258 40 18 icke

133 1288 69 22 fullgör
220 1287 40 18 sina
276 1287 185 23 tjensteäligganden,
474 1287 111 18 inberäknas
597 1287 149 22 sjukdomstiden
759 1287 40 18 icke
812 1287 6 17 i
830 1287 66 22 tjenst-

133 1315 127 24 göringstiden
272 1315 30 18 vid
314 1316 52 17 aktiv
378 1317 56 22 trupp
446 1315 30 18 för
489 1315 112 23 öfverföring
613 1315 30 18 till
656 1321 89 12 reserven.

204 1365 50 18 Art.
270 1365 50 18 186.
352 1361 70 22 Sedan
437 1361 93 28 frivillig,
547 1367 45 16 som
607 1361 90 22 innehar
707 1362 60 27 lägre
779 1362 53 26 grad
843 1361 54 22 eller

133 1396 124 22 befordrats
279 1396 32 22 till
336 1396 73 21 officer
432 1396 35 20 vid
486 1395 91 22 stäende
595 1398 124 24 trupperna,
736 1396 80 26 uttjent
832 1396 40 20 den
888 1396 7 20 i

134 1433 41 20 art.
200 1432 39 20 126
259 1430 113 22 bestämda
387 1430 116 28 tjenstetid,
520 1430 42 21 kan
577 1430 43 22 han
637 1431 68 21 under
721 1430 90 22 fredstid
826 1431 70 21 antin-
