1128 1803
286 169 14 20 4

259 237 99 27 gällande
380 237 92 28 ordning
488 237 39 22 och
541 236 109 23 meddelas
673 237 143 28 Dirigerande
831 236 95 23 Senaten
941 243 75 22 genom

256 271 71 28 Nådig
341 272 67 22 Ukas.

326 306 42 22 Vid
390 306 142 28 uppgörande
556 306 23 22 af
598 306 81 28 förslag
702 306 112 28 angående
831 306 26 22 de
871 305 70 23 finska
956 308 60 26 trup-

258 347 79 21 pernas
353 340 67 28 årliga
436 340 168 29 komplettering
619 347 51 21 eger
684 340 178 28 Krigsministern
873 342 52 26 taga
934 340 82 27 hänsyn

258 375 33 22 till
314 375 26 22 de
361 375 48 22 från
425 375 230 28 Generalguvernören
672 375 39 22 och
725 375 215 22 Kommenderanden
956 376 60 26 trup-

258 416 68 21 perna
340 410 8 21 i
364 410 60 21 detta
441 410 100 22 afseende
555 410 105 22 inkomna
674 410 116 28 uppgifter.

328 444 159 29 Anmärkning.
517 445 33 22 De
570 444 55 23 efter
640 445 26 21 de
681 443 70 23 finska
766 446 132 25 truppernas
912 444 104 27 komplet-

258 479 71 28 tering
345 479 138 22 återstående
497 479 99 28 rekryter
611 479 111 26 anställas,
737 485 78 21 genom
829 479 188 27 Krigsministerns

258 513 148 28 förfogande,
399 509 13 37 i
421 514 68 27 tjenst
503 513 36 23 vid
554 513 26 22 de
595 514 66 27 ryska
676 515 97 26 trupper,
789 519 46 16 som
851 515 38 20 äro
903 513 113 28 förlagda
1005 509 15 37 i

258 548 92 22 Finland
366 548 50 22 eller
433 549 70 22 dertill
519 550 98 21 närmast
632 549 92 27 belägna
737 549 154 27 guvernement
902 548 22 22 af
932 548 84 22 Peters-

258 584 96 28 burgska
369 585 198 21 militärdistriktet.

328 620 22 27 3)
373 619 46 22 Den
435 619 8 22 i
457 626 63 15 mom.
539 621 9 19 1
566 618 88 28 angifna
674 619 105 27 åtgärden
794 618 34 22 för
843 617 137 28 utjemnande
996 617 22 21 af

259 654 41 21 den
323 654 114 27 personela
455 653 218 28 värnepligtstungan
689 653 54 21 skall
758 653 88 27 bringas
861 652 8 21 i
883 652 133 27 verkställig-

259 689 37 21 het
312 689 112 22 efterhand
439 689 70 22 under
524 688 109 27 förloppet
648 688 24 21 af
685 688 30 21 tio
731 688 30 21 år.

328 723 22 27 4)
372 723 72 22 Jemte
466 723 37 21 det
526 723 26 21 de
574 722 86 22 direkta
682 722 147 22 kostnaderna
851 721 34 22 för
907 722 26 20 de
948 721 68 21 finska

259 759 131 25 truppernas
407 758 39 21 och
462 758 62 21 deras
540 757 154 27 styrelseverks
710 756 113 22 underhåll
838 756 132 21 fortfarande
980 756 36 21 be-

259 792 80 22 stridas.
362 792 22 22 af
404 792 72 22 finska
490 792 138 26 statsverket,
646 791 54 22 skall
716 791 23 21 af
753 790 94 22 nämnda
862 790 108 22 statsverk
984 790 32 21 till

258 826 239 22 Riksskattkammaren
520 826 7 22 i
550 826 163 28 Kejsaredömet
733 826 97 26 erläggas
846 826 32 20 ett
893 824 76 28 bidrag
983 825 33 21 sä-

259 867 46 15 som
328 861 122 27 ersättning
471 860 34 22 för
528 861 94 21 militära
645 860 90 28 utgifter
757 860 48 22 med
829 860 110 26 3,783,901
957 859 59 21 rubel

260 896 51 22 eller
328 896 126 26 10,091,664
471 896 68 21 mark.

328 931 22 26 5)
374 930 104 27 Bidraget
500 930 134 27 uppbringas
649 929 33 21 till
698 929 36 21 det
749 929 7 21 i
771 935 63 15 mom.
851 929 13 21 4
880 928 86 27 angifna
980 928 36 21 be-

259 965 51 27 lopp
327 965 68 21 under
410 964 108 28 förloppet
534 964 23 22 af
569 964 35 22 nio
621 964 30 26 är,
667 964 7 21 i
689 963 94 28 följande
797 962 148 28 progression:
963 964 54 20 1:sta

260 1000 47 20 äret
323 1012 25 3 —
368 1001 111 25 1,121,296
495 999 68 27 mark,
580 999 62 21 2:dra
657 999 47 21 äret
719 1010 27 4 —
758 998 113 26 2,242,592
883 997 67 27 mark,
962 997 54 27 3:dje

260 1034 47 22 äret
322 1047 27 2 —
365 1034 114 26 3,363,888
501 1034 68 26 mark,
589 1033 48 21 4:de
656 1034 47 21 äret
719 1045 26 3 —
761 1032 114 27 4,485,184
891 1032 67 26 mark,
974 1032 42 20 5:te

260 1068 47 21 äret
323 1081 25 2 —
365 1064 115 31 5,606,480
496 1068 67 27 mark,
579 1069 55 20 6:tte
650 1068 47 21 äret
712 1080 27 2 —
755 1067 115 26 6,727,776
886 1066 66 25 mark,
970 1066 46 21 7:de

260 1103 48 20 året
323 1115 25 2 —
366 1103 113 26 7,849,072
501 1102 68 27 mark,
593 1102 48 21 8:de
664 1102 47 21 året
727 1114 26 3 -—
769 1101 114 26 8,970,368
902 1100 61 21 mark
978 1099 39 22 och

259 1136 49 21 9:de
324 1137 46 20 äret
387 1149 25 3 —
431 1137 126 26 10,091,664
572 1136 68 21 mark.

329 1171 21 28 6)
373 1171 60 22 Efter
448 1171 108 28 förloppet
572 1171 23 22 af
608 1171 36 22 nio
660 1171 24 21 är
700 1171 54 21 skall
769 1169 161 23 fastställandet
946 1169 22 22 af
982 1169 34 22 be-

258 1205 76 28 loppet
350 1206 22 21 af
385 1206 163 27 ifrägavarande
563 1206 77 27 bidrag
651 1206 32 21 till
693 1206 238 21 Riksskattkammaren
940 1205 76 21 under-

258 1240 76 21 kastas
349 1247 28 20 ny
392 1240 108 28 pröfning.

328 1274 42 22 Det
392 1281 27 15 ur
441 1274 112 22 Komitöns
570 1274 155 22 ofvananförda
740 1274 71 22 beslut
826 1272 134 28 härflytande
974 1273 43 21 för-

259 1308 79 28 slaget:

330 1344 20 26 7)
375 1343 38 21 Att
436 1343 102 28 beloppet
553 1343 23 21 af
590 1343 68 27 ärliga
673 1343 108 27 ökningen
797 1342 23 22 af
833 1343 41 21 den
890 1342 126 28 rekrytkon-

259 1376 91 28 tingent,
375 1383 46 16 som
444 1378 55 21 skall
521 1379 88 26 uttagas
632 1377 23 22 af
675 1377 152 27 befolkningen
850 1377 7 21 i
879 1376 91 22 Finland
984 1376 33 21 för

259 1411 86 27 gradvis
356 1412 122 27 utjemning
492 1412 69 22 under
578 1413 25 20 10
620 1412 34 21 ärs
670 1411 85 28 förlopp
771 1412 23 21 af
807 1411 68 27 sagda
884 1410 133 28 befolknings

260 1445 39 22 och
314 1445 163 28 befolkningens
492 1446 7 21 i
514 1446 163 28 Kejsaredömet
687 1445 113 28 personela
811 1445 205 28 värnepligtstunga,
