1111 1767
805 150 33 21 45

115 220 151 22 nationernas
286 219 71 22 antal.
390 219 92 21 Sådana
496 223 40 17 äro
548 218 125 22 historiens
685 218 122 22 lärdomar.
839 218 34 21 De

115 255 51 21 visa
190 254 95 21 hvilken
304 253 120 29 betydelse
443 256 34 19 ett
496 253 101 22 ordnadt
614 252 144 22 härväsende
776 253 44 21 har
838 253 36 21 för

117 291 34 19 ett
169 288 67 22 lands
255 288 115 22 anseende
389 287 43 23 och
450 296 29 13 en
498 288 93 21 nations
609 288 100 21 tillvaro.
737 287 73 22 Dessa
829 287 45 21 lär-

117 323 80 21 domar
224 330 68 14 mana
319 322 58 29 högt
404 325 36 19 att
466 330 32 14 nu
521 322 52 22 icke
595 322 48 22 låta
663 322 115 22 skrämma
796 322 36 28 sig
852 321 22 22 af

117 358 29 21 de
173 357 166 29 uppoffringar,
368 364 49 14 som
444 358 72 20 måste
540 360 75 25 göras,
635 356 56 22 eller
710 356 23 22 af
751 356 28 22 de
798 356 76 22 fördo-

117 400 50 13 mar
197 399 48 14 som
272 392 73 21 måste
371 391 101 22 krossas!
514 391 47 28 Jag
587 393 50 19 tror
663 390 52 22 icke
742 390 78 28 heller,
840 392 35 20 att

119 426 39 22 det
185 426 73 22 finnes
286 426 77 28 någon
390 426 119 21 tänkande
537 433 53 14 man
615 426 8 20 i
644 425 87 28 landet,
750 433 49 14 som
823 425 52 21 icke

119 460 74 22 skulle
220 461 49 21 inse
295 460 208 28 nödvändigheten
528 460 22 21 af
574 462 36 19 att
627 460 103 21 Finland
747 460 71 21 borde
837 459 37 21 be-

119 496 56 21 sitta
200 502 29 14 en
247 494 82 29 duglig
348 494 68 28 armé,
436 494 42 22 och
498 502 36 14 om
552 495 39 28 jag
609 494 8 22 i
635 494 40 22 det
692 494 140 29 föregående
851 495 25 20 så

119 530 69 28 länge
206 528 130 30 uppehållit
354 529 47 29 mig
420 529 40 21 vid
479 529 65 21 detta
563 533 73 23 ämne,
655 530 25 20 så
699 528 41 22 har
756 528 39 22 det
807 528 68 27 varit,

121 564 37 22 för
185 566 36 20 att
238 564 112 21 särskildt
368 564 86 21 betona
472 566 36 19 att
525 563 91 22 landets
637 563 100 21 Ständer
754 570 32 15 nu
804 562 72 23 borde

120 599 108 28 begagna
254 598 104 22 tillfället
385 600 36 19 att
445 600 87 26 antaga
554 597 44 22 den
621 598 131 28 föreslagna
770 597 107 29 grunden

121 633 36 21 för
180 632 121 22 införande
320 633 23 21 af
362 632 87 22 allmän
466 632 140 29 värnepligt,
626 632 97 22 emedan
742 632 135 28 antagligen

121 668 73 28 något
216 669 72 19 annat
306 668 52 20 icke
377 667 47 21 kan
443 668 67 20 ernås

214 714 26 2 —
373 714 3 2 <
397 714 25 2 e
463 715 5 1 —
488 714 26 2 —
533 702 92 21 Främst
645 680 49 42 har
720 702 39 28 jag
784 704 35 19 att
838 708 36 14 an

122 736 80 21 märka
231 738 61 20 emot
318 736 40 21 det
381 736 121 28 härväsen,
525 743 48 14 som
598 736 95 21 föreslås
717 736 23 21 af
762 742 116 22 personer,

123 770 80 22 hvilka
227 770 50 22 icke
296 770 56 28 gilla
372 770 124 28 styrelsens
514 770 95 29 förslag,
629 772 35 19 att
682 770 125 22 detsamma
826 770 52 21 icke

123 805 101 28 ingifver
248 804 132 22 förtroende
398 805 38 21 till
454 805 51 21 sina
523 804 88 22 krafter
629 804 43 22 och
691 807 34 19 att
744 805 134 28 derigenom

123 842 34 18 ett
175 840 23 20 af
216 839 28 21 de
262 839 217 28 hufvudsakligaste
498 839 113 28 syftemäl,
631 839 80 21 hvilka
729 839 101 21 Finland
848 846 31 14 nu

121 873 73 22 borde
221 874 69 21 hafva
317 873 19 22 i
349 874 65 28 sigte,
444 874 74 21 skulle
546 874 29 28 gä
603 874 119 21 förloradt.
761 873 119 22 Värfvade

123 913 95 23 trupper
245 908 36 21 till
309 910 33 19 ett
366 909 73 27 nägot
464 909 24 21 sä
506 912 43 17 när
567 908 229 28 aktningsbjudande
816 908 64 21 antal

124 942 74 22 blifva
218 943 23 21 sä
261 942 57 29 dyra
337 945 35 19 att
390 942 144 28 underhälla,
554 945 33 19 att
601 942 40 22 det
652 943 52 21 icke
717 943 65 21 lönar
795 942 84 22 mödan

124 980 35 18 att
183 984 39 14 ens
248 978 72 20 tänka
344 977 76 29 derpä.
457 976 44 22 Att
520 978 49 20 äter
587 977 92 28 grunda
697 977 52 21 hela
767 976 113 22 Finlands

124 1011 188 21 militärväsende
339 1012 29 28 pä
395 1012 180 28 milissystemet,
597 1019 68 20 synes
693 1019 46 21 nog
764 1012 117 27 äfventyr-

123 1046 51 28 ligt.
210 1046 83 21 Ibland
317 1046 45 21 alla
380 1046 106 28 Europas
505 1046 144 21 civiliserade
668 1046 80 21 länder
767 1050 25 18 är
810 1046 72 21 milis-

125 1082 110 26 systemet
262 1082 90 26 strängt
375 1080 149 29 genomfördt
548 1080 82 22 endast
654 1081 8 21 i
685 1080 109 28 Schweiz,
812 1080 70 22 hvars

124 1114 136 22 neutralitet
278 1114 60 22 dock
357 1118 25 18 är
397 1114 141 29 garanterad
551 1115 22 21 af
586 1115 169 21 stormakterna
768 1114 43 22 och
823 1114 60 22 hvil-

125 1149 40 21 ket
188 1149 56 21 land
268 1153 24 17 är
310 1149 111 29 uppfyldt
440 1149 23 22 af
481 1149 62 29 höga
561 1149 56 29 berg
637 1149 42 22 och
698 1149 70 29 djupa
786 1149 96 29 klyftor,

125 1184 86 20 bakom
236 1183 42 21 och
300 1184 8 20 i
330 1184 81 21 hvilka
430 1184 69 22 äfven
518 1184 87 21 miliser
623 1184 106 28 skäligen
747 1184 38 22 väl
804 1184 79 21 kunna

127 1225 65 14 anses
220 1218 103 22 försvara
350 1218 35 28 sig
405 1235 3 4 .
432 1235 1 3 .
456 1235 1 4 .
476 1218 36 21 Då
538 1218 43 21 den
605 1218 89 22 indelta
717 1218 77 22 armén
814 1218 70 22 också

127 1260 96 13 numera
241 1253 72 21 måste
332 1260 66 14 anses
417 1252 71 22 hafva
506 1252 139 22 öfverlefvat
663 1253 35 21 sin
717 1252 41 28 tid,
777 1254 25 20 så
815 1259 69 22 synes

127 1286 48 29 mig
194 1288 35 20 att
247 1286 39 22 det
304 1287 36 21 för
357 1286 102 22 Finland
477 1287 51 21 icke
548 1288 97 20 återstår
663 1288 130 28 någonting
811 1289 74 19 annat

128 1324 29 18 än
176 1323 34 19 att
230 1321 109 29 adoptera
358 1321 38 22 det
415 1323 93 27 system,
528 1329 48 14 som
594 1322 9 21 i
621 1322 28 21 de
663 1322 56 21 allra
732 1322 67 21 flesta
811 1322 74 21 Euro-

127 1355 81 28 peiska
228 1358 71 18 stater
317 1356 79 21 blifvit
415 1358 96 26 antaget
530 1356 42 21 och
591 1364 48 14 som
658 1356 93 22 baserar
768 1356 36 28 sig
821 1356 64 28 uppå

129 1391 34 20 att
181 1390 8 20 i
208 1389 97 22 fredstid
323 1390 137 22 underhålla
479 1390 118 29 möjligast
615 1390 86 22 minsta
719 1390 91 28 kadrar,
832 1397 53 14 men

129 1424 103 22 deremot
256 1424 6 21 i
288 1424 100 29 krigstid
414 1424 81 22 kunna
519 1425 118 29 uppställa
661 1425 117 29 möjligast
799 1426 86 20 största

130 1458 64 22 antal
214 1458 86 29 färdigt
318 1458 81 22 öfvadt
412 1459 114 29 manskap
546 1476 4 4 .
570 1476 3 4 .
596 1476 1 4 .
619 1476 3 4 .
642 1460 50 20 Min
705 1460 60 27 åsigt
778 1460 23 20 af
813 1458 73 22 saken
