1109 1761
819 149 29 20 51

128 217 141 27 författning
288 217 43 21 och
350 224 59 21 egna
427 216 72 28 lagar,
520 218 35 19 att
573 216 118 29 uppställa
710 216 43 22 och
771 217 36 21 för
821 217 66 21 fram-

129 251 64 21 tiden
212 251 126 28 uppehålla
356 259 29 13 en
404 250 150 29 sjelfstäende
573 251 68 21 armé,
673 251 83 21 Derför
774 251 60 21 hade
853 253 34 19 ta-

129 285 65 22 laren
213 285 52 21 med
283 293 58 13 sann
360 285 203 21 tillfredsställelse
583 285 123 28 emottagit
718 285 169 21 underrättelse

130 320 84 27 derom,
243 322 34 18 att
302 327 27 13 en
355 319 87 22 komitö
467 319 82 27 (under
569 319 100 21 General
687 319 130 21 Indrenius'
836 319 52 21 ord-

129 353 164 29 förandeskap)
317 354 80 21 blifvit
418 353 95 22 nedsatt
531 354 36 21 för
585 353 154 22 utarbetande
758 354 24 21 af
800 354 88 28 förslag

130 388 38 22 till
186 388 121 22 införande
326 388 23 21 af
369 388 85 22 allmän
473 388 134 28 värnepligt
625 388 8 21 i
651 389 53 20 värt
716 388 61 22 land.
806 388 81 21 Resul-

130 425 59 19 tatet
215 423 22 21 af
259 422 76 22 denna
354 422 99 22 komitös
473 422 77 22 arbete
570 422 47 22 blef
636 422 44 22 den
699 422 86 29 nådiga
804 430 84 21 propo-

130 457 108 27 sitionen,
257 464 48 14 som
323 457 78 21 blifvit
420 456 126 22 ständerna
565 457 111 28 förelagd.

199 491 60 21 Herr
290 492 87 20 Eklund
403 491 101 28 yttrade,
530 494 35 18 att
590 491 39 21 det
648 491 51 21 icke
717 492 74 20 finnes
810 492 78 27 någon

130 526 128 27 menniska,
277 534 55 19 som,
351 526 76 21 derest
451 526 46 21 hon
522 526 93 28 engång
636 526 119 28 uppfattat
774 526 63 21 hvad
855 526 33 20 fä-

132 560 163 22 derneslandet
319 564 31 23 är,
369 561 51 21 icke
443 568 54 14 vore
516 560 69 28 villig
603 563 35 19 att
655 560 53 21 med
726 560 27 21 lif
771 560 43 21 och
834 560 54 21 blod

131 595 104 22 försvara
263 594 132 22 detsamma.
431 595 70 21 Detta
530 594 43 21 har
596 595 61 21 varit
683 594 62 21 klart
763 595 69 20 redan
855 594 33 21 för

131 630 57 21 våra
212 629 108 27 förfäder,
343 629 28 21 dä
397 629 26 20 de
443 629 95 28 stadgat
557 631 34 19 att
610 629 8 21 i
635 629 89 21 nödens
743 629 70 21 stund
831 629 58 21 hvar

131 671 55 14 man
205 663 74 22 skulle
297 664 57 27 utgå
372 664 9 21 i
398 663 59 28 krig.
495 663 36 22 Då
549 663 68 28 gälde
637 663 38 21 det
694 663 136 28 visserligen
850 671 38 13 en-

132 698 53 22 dast
209 705 29 14 en
259 697 100 22 särskild
377 697 120 28 folkklass,
518 697 121 29 allmogen,
659 705 52 14 men
730 705 36 14 om
784 705 55 14 man
856 705 33 14 nu

132 732 131 21 utsträcker
281 732 76 21 denna
375 732 136 28 skyldighet
530 733 29 28 på
578 732 47 22 alla
643 732 75 21 finska
730 731 158 29 medborgare,

132 767 25 21 så
175 767 74 21 blifva
267 767 24 21 vi
309 767 45 20 den
372 766 117 22 allmänna
507 767 170 28 värnepligten.
713 767 47 21 Vår
778 766 112 29 politiska

133 801 113 29 ställning
264 805 42 24 gör
323 801 134 28 värnepligt
475 801 41 21 hos
536 809 36 13 oss
585 801 141 28 nödvändig.
756 801 54 21 Men
823 801 8 20 i
844 799 45 22 den

133 836 59 21 form
217 835 45 22 den
286 835 73 22 finnes
378 835 122 22 framstäld
519 835 8 21 i
546 835 45 22 den
610 835 86 28 nådiga
714 835 176 29 propositionen

134 869 43 22 och
195 870 8 20 i
221 870 126 21 utskottets
365 871 72 27 något
456 869 150 22 modifierade
625 870 93 28 förslag,
735 869 78 22 kunde
832 869 58 22 tala-

133 912 42 14 ren
193 904 51 21 icke
263 904 124 28 godkänna
406 904 140 22 densamma.
571 904 50 21 Den
641 904 64 27 brist,
725 911 48 14 som
791 904 46 21 den
850 904 40 21 nå-

134 938 55 29 diga
216 938 174 29 propositionen
415 938 42 22 och
481 938 126 22 utskottets
626 938 148 22 betänkande
792 938 50 22 lida
860 938 30 26 af,

134 977 26 17 är
187 973 51 27 den,
257 975 35 19 att
310 972 48 22 deri
377 974 20 28 ej
417 974 29 28 på
465 974 73 27 något
557 975 46 19 sätt
621 974 142 27 garanteras,
783 976 34 18 att
836 973 54 21 Fin-

134 1007 67 22 lands
228 1007 97 22 sålunda
352 1007 93 22 bildade
471 1007 62 21 armé
556 1008 20 28 ej
596 1007 61 29 finge
676 1008 30 28 på
723 1008 72 27 något
813 1007 78 22 vilkor

134 1042 62 22 föras
219 1044 63 19 utom
301 1042 193 21 fäderneslandet.
531 1042 11 21 I
561 1042 170 21 betänkandets
750 1042 13 26 &
788 1043 7 19 1
815 1044 76 26 yttras

133 1077 62 21 blott
217 1076 7 22 i
244 1076 132 28 allmänhet,
397 1078 33 20 att
449 1076 80 28 hvarje
548 1076 61 21 finsk
627 1076 150 28 medborgare
796 1080 26 18 är
840 1080 52 17 vär-

133 1111 118 29 nepligtig
268 1110 37 23 till
323 1113 95 20 tronens
437 1110 43 23 och
501 1110 198 23 fäderneslandets
715 1110 96 23 försvar.
836 1110 56 22 Men

134 1148 83 19 tronen
239 1146 46 21 kan
303 1146 25 28 ju
347 1146 108 28 angripas
473 1145 89 22 likaväl
581 1147 7 20 i
606 1145 147 22 Kaukasiens
771 1145 58 29 berg
848 1144 44 23 och

134 1181 30 28 på
191 1180 83 21 Polens
302 1180 80 21 slätter
405 1187 49 14 som
478 1179 41 22 vid
537 1179 114 22 Finlands
669 1180 85 21 kuster.
791 1180 100 21 Talaren

134 1214 60 22 hade
218 1214 145 22 beträffande
386 1214 77 21 denna
482 1214 66 28 fråga
567 1214 24 21 af
609 1214 50 21 sina
677 1214 175 22 kommittenter
870 1213 22 28 ej

134 1248 95 22 erhållit
252 1248 74 29 något
349 1248 111 22 särskildt
481 1248 119 29 uppdrag;
619 1248 60 22 dock
697 1248 60 22 hade
775 1256 54 14 man
846 1248 46 21 för-

134 1283 121 29 ständigat
282 1282 89 28 honom,
401 1285 34 19 att
459 1283 20 28 ej
504 1284 30 27 på
559 1284 72 27 något
656 1285 47 19 sätt
720 1283 118 28 medgifva
857 1284 35 20 att

134 1317 115 22 Finlands
277 1317 61 22 armé
362 1318 61 28 finge
442 1321 64 17 röras
526 1320 65 19 utom
609 1317 162 22 fosterlandets
789 1321 102 24 gränser.

134 1352 84 22 Derför
245 1352 133 22 förkastade
403 1352 89 21 talaren
514 1352 160 21 betänkandet
696 1352 43 22 och
762 1352 76 21 anslöt
856 1351 36 27 sig

135 1386 37 22 till
190 1386 61 22 Herr
270 1386 155 22 Silfversvans
443 1386 95 28 förslag.

204 1421 61 21 Herr
284 1421 131 21 Schauman.
442 1421 62 21 Vore
520 1420 114 22 Finlands
647 1420 113 28 ställning
772 1420 37 22 till
821 1420 72 28 Ryss-

135 1455 57 22 land
220 1455 79 27 sådan,
327 1458 35 18 att
389 1455 39 21 det
455 1455 37 21 för
517 1462 37 14 oss
572 1456 51 20 icke
642 1454 78 22 kunde
739 1454 62 29 gälla
819 1455 75 27 något
