1109 1778
824 167 29 20 17

128 233 83 22 hvilka
228 234 8 21 i
255 234 35 21 sin
309 237 38 18 tur
359 234 105 28 återigen
478 238 40 17 äro
529 235 148 28 oskiljaktigt
687 235 201 21 sammanbundna

129 268 53 21 med
200 268 82 28 frågan
301 275 37 14 om
356 268 148 29 påläggande
523 269 23 21 af
565 268 89 22 skatter
671 269 31 28 på
720 268 91 23 landets
824 269 65 22 inne-

128 303 96 26 vånare;
243 302 178 22 vidkommande
441 303 50 21 åter
508 303 90 21 skatter
617 303 42 22 och
677 303 103 29 pålagor,
801 304 87 27 ansågo

128 337 127 21 ständerna
281 337 72 28 något
371 337 83 21 tvifvel
472 337 52 21 icke
542 337 126 22 förefinnas
687 337 85 27 derom,
791 340 34 19 att
844 337 44 22 för-

129 371 127 29 ordningar
283 371 8 21 i
318 370 64 23 detta
409 375 67 17 ämne
503 370 78 22 kunde
603 371 105 22 utfärdas
733 371 82 22 endast
836 372 52 21 med

129 405 138 21 ständernas
294 405 147 22 medverkan.
478 406 96 21 Derföre
602 409 25 18 är
654 406 70 21 också
751 406 137 22 ständernas

129 440 142 28 motivering
297 440 24 21 af
348 440 65 21 dessa
433 440 135 28 paragrafer
586 440 93 29 mycket
697 440 129 22 kortfattad
845 440 43 21 och

129 474 126 22 tvärsäker.

201 508 58 29 »,Det
277 508 64 22 torde
355 508 51 22 icke
419 508 80 22 kunna
512 508 128 28 förnekas",
655 508 88 22 skrifva
756 508 131 28 ständerna,

131 545 48 26 »att
207 551 29 13 en
257 542 71 22 sådan
346 543 156 28 bestämning,
522 550 49 14 som
590 542 45 22 den
653 543 144 21 beträffande
816 544 72 21 maxi-

129 578 122 21 miantalet
275 577 115 28 krigsfolk
409 576 74 22 under
501 577 106 27 fredstid,
625 577 95 22 kräfver
737 578 50 28 fyra
807 577 81 22 stånds

129 611 84 28 beslut,
233 615 56 18 enär
307 612 82 28 anslag
407 611 44 22 och
469 612 132 28 bevillning
619 612 36 21 för
673 612 215 22 försvarsväsendet

129 646 148 29 väsentligen
301 646 107 28 betingas
433 646 24 22 af
475 648 138 26 truppernas
631 646 127 22 numerär”.
796 646 91 22 Samma

129 680 72 22 tanke
226 681 123 21 återfinnes
371 681 8 21 i
398 680 138 22 ständernas
554 681 141 28 motivering
713 681 23 21 af
753 680 103 30 följande
875 682 12 25 $

133 715 46 20 122
199 715 7 20 i
226 715 221 28 värnepligtslagen.

201 749 140 22 Ständernas
369 749 170 22 ofvananförda
567 754 147 23 argumenter
734 749 81 21 kunna
836 749 51 21 icke

130 783 143 28 godkännas.
310 781 69 24 Ända
404 783 53 22 från
481 783 114 22 Finlands
614 783 103 28 eröfring
735 783 63 21 intill
816 791 72 13 nuva-

130 817 72 22 rande
229 817 35 22 tid
290 818 43 21 har
354 818 91 28 Högsta
463 817 96 22 makten
577 817 8 22 i
603 817 118 28 Ryssland
739 817 68 22 alltid
825 817 62 22 velat

129 851 130 22 förbehålla
277 853 36 28 sig
333 855 60 26 ,rätt
411 854 35 20 att
459 852 118 22 fastställa
593 851 118 29 budgeten
724 852 35 21 för
772 851 28 22 de
812 851 74 22 finska

129 888 197 27 guvernementen
353 887 119 21 äfvensom
500 888 48 19 rätt
576 888 34 20 att
634 886 100 27 utfärda,
753 886 72 21 ändra
844 885 43 22 och

128 921 121 28 upphäfva
275 921 66 28 lagar
363 921 120 28 angående
502 921 95 26 skatter,
617 921 97 28 pålagor
732 921 42 21 och
793 921 95 28 afgifter

129 955 24 21 af
180 955 80 29 hvarje
285 955 50 29 slag
358 957 59 20 samt
435 955 8 21 i
462 955 128 22 allmänhet
608 955 91 28 reglera
716 955 101 22 kronans
835 954 53 22 hela

129 989 129 22 ekonomi”.
270 989 19 28 ")
326 990 71 21 Detta
421 990 47 21 kan
489 989 53 22 med
561 989 84 22 lätthet
664 989 121 29 bestyrkas
804 997 83 21 genom

129 1031 29 14 en
185 1023 39 22 hel
247 1024 42 22 rad
315 1024 23 21 af
355 1024 72 21 bevis.
463 1024 69 21 Först
551 1024 43 21 och
612 1024 83 21 främst
713 1024 82 29 gjorde
811 1023 77 22 landt-

129 1057 76 29 dagen
233 1059 8 20 i
267 1059 78 27 Borgå
372 1059 85 25 (1809)
481 1059 56 28 inga
557 1058 99 28 anspråk
677 1059 42 27 ,på
737 1058 76 21 direkt
832 1058 56 20 eller

129 1092 104 22 indirekt
259 1092 129 29 inflytande
415 1093 30 28 pä
467 1093 56 21 eller
541 1092 140 29 deltagande
699 1092 8 21 i
726 1092 165 29 uppgörandet

130 1127 22 21 af
171 1127 138 29 budgeten".
337 1127 86 22 Vidare
442 1127 71 22 hafva
532 1127 197 28 grundskatterna
748 1127 42 22 och
803 1128 85 20 räntan

129 1161 84 28 (1812,
234 1162 71 27 1829,
326 1162 71 27 1833,
420 1161 64 22 1847
504 1161 43 22 och
567 1169 80 14 senare
666 1162 41 27 år),
721 1161 167 29 stämpelafgif-

128 1197 41 19 ten
188 1196 83 27 (1810,
293 1196 64 21 1840
376 1196 43 21 och
440 1196 74 27 1842)
533 1196 172 28 tullafgifterna
717 1197 82 26 (1812,
816 1195 71 27 1817,

132 1229 81 30 1819),
232 1231 128 20 brännvins
385 1231 83 26 (1816,
491 1231 72 26 1821,
585 1230 73 27 1841)
677 1230 119 21 äfvensom
815 1229 72 22 andra

128 1264 77 22 finska
223 1265 90 21 kronan
330 1264 141 22 tillfallande
491 1265 90 21 skatter
593 1264 44 22 och
649 1265 127 21 inkomster
788 1263 99 23 faktiskt

128 1298 120 29 påbjudits
266 1299 98 21 medelst
381 1299 88 28 nådiga
487 1299 170 28 förordningar,
675 1301 58 20 utan
745 1300 78 27 någon
839 1305 49 14 som

128 1332 62 22 helst
213 1333 142 22 medverkan
372 1333 52 22 från
444 1333 137 22 ständernas
600 1333 56 22 sida.
693 1333 66 22 Efter
777 1334 25 21 år
823 1333 64 20 1863

128 1366 43 23 har
197 1367 30 22 H.
246 1368 42 21 M:t
311 1368 114 29 Kejsaren
450 1368 111 28 vanligen
584 1368 76 21 täckts
680 1367 141 22 öfverlämna
840 1367 48 28 lag-

198 1473 15 18 *)
227 1472 264 23 Kodifikationsafdelningens
505 1472 116 18 betänkande
633 1473 19 17 af
664 1473 21 17 år
699 1474 48 15 1890.

198 1507 27 17 II.

808 1507 10 16 [S
