<?xml version="1.0" encoding="UTF-8"?>
<alto xmlns="http://www.loc.gov/standards/alto/ns-v3#" xmlns:xlink="http://www.w3.org/1999/xlink" xmlns:xsi="http://www.w3.org/2001/XMLSchema-instance" xsi:schemaLocation="http://www.loc.gov/standards/alto/ns-v3# http://www.loc.gov/alto/v3/alto-3-0.xsd">
	<Description>
		<MeasurementUnit>pixel</MeasurementUnit>
		<sourceImageInformation>
			<fileName>/tmp/tess_g_kb0ab__input.PNG</fileName>
		</sourceImageInformation>
		<OCRProcessing ID="OCR_0">
			<ocrProcessingStep>
				<processingSoftware>
					<softwareName>tesseract 5.3.4</softwareName>
				</processingSoftware>
			</ocrProcessingStep>
		</OCRProcessing>
	</Description>
	<Layout>
		<Page WIDTH="1111" HEIGHT="1781" PHYSICAL_IMG_NR="0" ID="page_0">
			<PrintSpace HPOS="0" VPOS="0" WIDTH="1111" HEIGHT="1781">
				<ComposedBlock ID="cblock_0" HPOS="802" VPOS="152" WIDTH="46" HEIGHT="21">
					<TextBlock ID="block_0" HPOS="802" VPOS="152" WIDTH="46" HEIGHT="21">
						<TextLine ID="line_0" HPOS="802" VPOS="152" WIDTH="46" HEIGHT="21">
							<String ID="string_0" HPOS="802" VPOS="152" WIDTH="46" HEIGHT="21" WC="0.96" CONTENT="119"/>
						</TextLine>
					</TextBlock>
				</ComposedBlock>
				<ComposedBlock ID="cblock_1" HPOS="128" VPOS="219" WIDTH="764" HEIGHT="1266">
					<TextBlock ID="block_1" HPOS="128" VPOS="219" WIDTH="764" HEIGHT="1266">
						<TextLine ID="line_1" HPOS="128" VPOS="219" WIDTH="756" HEIGHT="29">
							<String ID="string_1" HPOS="128" VPOS="220" WIDTH="37" HEIGHT="22" WC="0.96" CONTENT="för"/><SP WIDTH="21" VPOS="220" HPOS="165"/>
							<String ID="string_2" HPOS="186" VPOS="227" WIDTH="30" HEIGHT="13" WC="0.95" CONTENT="en"/><SP WIDTH="22" VPOS="227" HPOS="216"/>
							<String ID="string_3" HPOS="238" VPOS="219" WIDTH="67" HEIGHT="21" WC="0.92" CONTENT="armé."/><SP WIDTH="36" VPOS="219" HPOS="305"/>
							<String ID="string_4" HPOS="341" VPOS="220" WIDTH="47" HEIGHT="21" WC="0.96" CONTENT="Det"/><SP WIDTH="18" VPOS="220" HPOS="388"/>
							<String ID="string_5" HPOS="406" VPOS="223" WIDTH="25" HEIGHT="18" WC="0.95" CONTENT="är"/><SP WIDTH="19" VPOS="223" HPOS="431"/>
							<String ID="string_6" HPOS="450" VPOS="219" WIDTH="8" HEIGHT="22" WC="0.95" CONTENT="i"/><SP WIDTH="18" VPOS="219" HPOS="458"/>
							<String ID="string_7" HPOS="476" VPOS="220" WIDTH="60" HEIGHT="28" WC="0.96" CONTENT="syfte"/><SP WIDTH="19" VPOS="220" HPOS="536"/>
							<String ID="string_8" HPOS="555" VPOS="222" WIDTH="35" HEIGHT="19" WC="0.93" CONTENT="att"/><SP WIDTH="19" VPOS="222" HPOS="590"/>
							<String ID="string_9" HPOS="609" VPOS="220" WIDTH="159" HEIGHT="28" WC="0.91" CONTENT="åvägabringa"/><SP WIDTH="18" VPOS="220" HPOS="768"/>
							<String ID="string_10" HPOS="786" VPOS="228" WIDTH="29" HEIGHT="13" WC="0.93" CONTENT="en"/><SP WIDTH="17" VPOS="228" HPOS="815"/>
							<String ID="string_11" HPOS="832" VPOS="224" WIDTH="52" HEIGHT="18" WC="0.91" CONTENT="när-"/>
						</TextLine>
						<TextLine ID="line_2" HPOS="129" VPOS="254" WIDTH="755" HEIGHT="29">
							<String ID="string_12" HPOS="129" VPOS="261" WIDTH="61" HEIGHT="14" WC="0.96" CONTENT="mare"/><SP WIDTH="28" VPOS="261" HPOS="190"/>
							<String ID="string_13" HPOS="218" VPOS="254" WIDTH="108" HEIGHT="28" WC="0.96" CONTENT="förening"/><SP WIDTH="19" VPOS="254" HPOS="326"/>
							<String ID="string_14" HPOS="345" VPOS="254" WIDTH="23" HEIGHT="22" WC="0.96" CONTENT="af"/><SP WIDTH="23" VPOS="254" HPOS="368"/>
							<String ID="string_15" HPOS="391" VPOS="254" WIDTH="29" HEIGHT="21" WC="0.96" CONTENT="de"/><SP WIDTH="18" VPOS="254" HPOS="420"/>
							<String ID="string_16" HPOS="438" VPOS="254" WIDTH="75" HEIGHT="22" WC="0.96" CONTENT="finska"/><SP WIDTH="19" VPOS="254" HPOS="513"/>
							<String ID="string_17" HPOS="532" VPOS="256" WIDTH="127" HEIGHT="26" WC="0.96" CONTENT="trupperna"/><SP WIDTH="18" VPOS="256" HPOS="659"/>
							<String ID="string_18" HPOS="677" VPOS="254" WIDTH="52" HEIGHT="22" WC="0.96" CONTENT="med"/><SP WIDTH="18" VPOS="254" HPOS="729"/>
							<String ID="string_19" HPOS="747" VPOS="254" WIDTH="45" HEIGHT="22" WC="0.96" CONTENT="den"/><SP WIDTH="18" VPOS="254" HPOS="792"/>
							<String ID="string_20" HPOS="810" VPOS="254" WIDTH="74" HEIGHT="29" WC="0.96" CONTENT="öfriga"/>
						</TextLine>
						<TextLine ID="line_3" HPOS="129" VPOS="288" WIDTH="755" HEIGHT="28">
							<String ID="string_21" HPOS="129" VPOS="288" WIDTH="68" HEIGHT="22" WC="0.96" CONTENT="delen"/><SP WIDTH="19" VPOS="288" HPOS="197"/>
							<String ID="string_22" HPOS="216" VPOS="288" WIDTH="24" HEIGHT="21" WC="0.96" CONTENT="af"/><SP WIDTH="17" VPOS="288" HPOS="240"/>
							<String ID="string_23" HPOS="257" VPOS="288" WIDTH="83" HEIGHT="21" WC="0.96" CONTENT="Rikets"/><SP WIDTH="19" VPOS="288" HPOS="340"/>
							<String ID="string_24" HPOS="359" VPOS="288" WIDTH="69" HEIGHT="27" WC="0.96" CONTENT="armé,"/><SP WIDTH="18" VPOS="288" HPOS="428"/>
							<String ID="string_25" HPOS="446" VPOS="296" WIDTH="49" HEIGHT="14" WC="0.93" CONTENT="som"/><SP WIDTH="18" VPOS="296" HPOS="495"/>
							<String ID="string_26" HPOS="513" VPOS="288" WIDTH="112" HEIGHT="22" WC="0.91" CONTENT="Komitén"/><SP WIDTH="18" VPOS="288" HPOS="625"/>
							<String ID="string_27" HPOS="643" VPOS="289" WIDTH="121" HEIGHT="27" WC="0.96" CONTENT="föreslagit"/><SP WIDTH="16" VPOS="289" HPOS="764"/>
							<String ID="string_28" HPOS="780" VPOS="291" WIDTH="42" HEIGHT="19" WC="0.96" CONTENT="art."/><SP WIDTH="13" VPOS="291" HPOS="822"/>
							<String ID="string_29" HPOS="835" VPOS="290" WIDTH="49" HEIGHT="20" WC="0.95" CONTENT="230"/>
						</TextLine>
						<TextLine ID="line_4" HPOS="129" VPOS="322" WIDTH="755" HEIGHT="30">
							<String ID="string_30" HPOS="129" VPOS="323" WIDTH="8" HEIGHT="21" WC="0.93" CONTENT="i"/><SP WIDTH="18" VPOS="323" HPOS="137"/>
							<String ID="string_31" HPOS="155" VPOS="322" WIDTH="222" HEIGHT="29" WC="0.90" CONTENT="värnepligtslagen,"/><SP WIDTH="27" VPOS="322" HPOS="377"/>
							<String ID="string_32" HPOS="404" VPOS="322" WIDTH="30" HEIGHT="22" WC="0.93" CONTENT="då"/><SP WIDTH="23" VPOS="322" HPOS="434"/>
							<String ID="string_33" HPOS="457" VPOS="322" WIDTH="111" HEIGHT="22" WC="0.91" CONTENT="Komitén"/><SP WIDTH="21" VPOS="322" HPOS="568"/>
							<String ID="string_34" HPOS="589" VPOS="323" WIDTH="78" HEIGHT="21" WC="0.95" CONTENT="tillika"/><SP WIDTH="19" VPOS="323" HPOS="667"/>
							<String ID="string_35" HPOS="686" VPOS="330" WIDTH="66" HEIGHT="14" WC="0.96" CONTENT="anser"/><SP WIDTH="18" VPOS="330" HPOS="752"/>
							<String ID="string_36" HPOS="770" VPOS="323" WIDTH="114" HEIGHT="29" WC="0.96" CONTENT="ofantliga"/>
						</TextLine>
						<TextLine ID="line_5" HPOS="129" VPOS="356" WIDTH="756" HEIGHT="29">
							<String ID="string_37" HPOS="129" VPOS="356" WIDTH="101" HEIGHT="22" WC="0.96" CONTENT="fördelar"/><SP WIDTH="17" VPOS="356" HPOS="230"/>
							<String ID="string_38" HPOS="247" VPOS="364" WIDTH="56" HEIGHT="14" WC="0.96" CONTENT="vara"/><SP WIDTH="18" VPOS="364" HPOS="303"/>
							<String ID="string_39" HPOS="321" VPOS="356" WIDTH="109" HEIGHT="22" WC="0.96" CONTENT="förenade"/><SP WIDTH="19" VPOS="356" HPOS="430"/>
							<String ID="string_40" HPOS="449" VPOS="356" WIDTH="99" HEIGHT="29" WC="0.96" CONTENT="dermed,"/><SP WIDTH="10" VPOS="356" HPOS="548"/>
							<String ID="string_41" HPOS="558" VPOS="359" WIDTH="35" HEIGHT="19" WC="0.93" CONTENT="att"/><SP WIDTH="9" VPOS="359" HPOS="593"/>
							<String ID="string_42" HPOS="602" VPOS="357" WIDTH="180" HEIGHT="22" WC="0.92" CONTENT="Hufvudstaben"/><SP WIDTH="10" VPOS="357" HPOS="782"/>
							<String ID="string_43" HPOS="792" VPOS="358" WIDTH="93" HEIGHT="22" WC="0.92" CONTENT="utöfvar"/>
						</TextLine>
						<TextLine ID="line_6" HPOS="130" VPOS="391" WIDTH="755" HEIGHT="29">
							<String ID="string_44" HPOS="130" VPOS="392" WIDTH="51" HEIGHT="21" WC="0.96" CONTENT="sina"/><SP WIDTH="26" VPOS="392" HPOS="181"/>
							<String ID="string_45" HPOS="207" VPOS="391" WIDTH="135" HEIGHT="21" WC="0.96" CONTENT="funktioner"/><SP WIDTH="18" VPOS="391" HPOS="342"/>
							<String ID="string_46" HPOS="360" VPOS="391" WIDTH="8" HEIGHT="21" WC="0.96" CONTENT="i"/><SP WIDTH="18" VPOS="391" HPOS="368"/>
							<String ID="string_47" HPOS="386" VPOS="391" WIDTH="102" HEIGHT="22" WC="0.96" CONTENT="Finland"/><SP WIDTH="24" VPOS="391" HPOS="488"/>
							<String ID="string_48" HPOS="512" VPOS="399" WIDTH="83" HEIGHT="21" WC="0.93" CONTENT="genom"/><SP WIDTH="19" VPOS="399" HPOS="595"/>
							<String ID="string_49" HPOS="614" VPOS="392" WIDTH="207" HEIGHT="22" WC="0.90" CONTENT="Distriktsstabens"/><SP WIDTH="18" VPOS="392" HPOS="821"/>
							<String ID="string_50" HPOS="839" VPOS="392" WIDTH="46" HEIGHT="22" WC="0.92" CONTENT="för-"/>
						</TextLine>
						<TextLine ID="line_7" HPOS="129" VPOS="425" WIDTH="755" HEIGHT="30">
							<String ID="string_51" HPOS="129" VPOS="425" WIDTH="110" HEIGHT="29" WC="0.95" CONTENT="medling."/><SP WIDTH="36" VPOS="425" HPOS="239"/>
							<String ID="string_52" HPOS="275" VPOS="426" WIDTH="51" HEIGHT="20" WC="0.95" CONTENT="Den"/><SP WIDTH="27" VPOS="426" HPOS="326"/>
							<String ID="string_53" HPOS="353" VPOS="426" WIDTH="23" HEIGHT="21" WC="0.95" CONTENT="af"/><SP WIDTH="24" VPOS="426" HPOS="376"/>
							<String ID="string_54" HPOS="400" VPOS="426" WIDTH="44" HEIGHT="21" WC="0.96" CONTENT="den"/><SP WIDTH="20" VPOS="426" HPOS="444"/>
							<String ID="string_55" HPOS="464" VPOS="426" WIDTH="74" HEIGHT="21" WC="0.95" CONTENT="finske"/><SP WIDTH="18" VPOS="426" HPOS="538"/>
							<String ID="string_56" HPOS="556" VPOS="428" WIDTH="190" HEIGHT="26" WC="0.96" CONTENT="representanten"/><SP WIDTH="18" VPOS="428" HPOS="746"/>
							<String ID="string_57" HPOS="764" VPOS="426" WIDTH="120" HEIGHT="29" WC="0.96" CONTENT="påpekade"/>
						</TextLine>
						<TextLine ID="line_8" HPOS="131" VPOS="459" WIDTH="754" HEIGHT="29">
							<String ID="string_58" HPOS="131" VPOS="459" WIDTH="209" HEIGHT="29" WC="0.96" CONTENT="omständigheten,"/><SP WIDTH="20" VPOS="459" HPOS="340"/>
							<String ID="string_59" HPOS="360" VPOS="462" WIDTH="35" HEIGHT="19" WC="0.96" CONTENT="att"/><SP WIDTH="17" VPOS="462" HPOS="395"/>
							<String ID="string_60" HPOS="412" VPOS="460" WIDTH="99" HEIGHT="22" WC="0.96" CONTENT="berörda"/><SP WIDTH="19" VPOS="460" HPOS="511"/>
							<String ID="string_61" HPOS="530" VPOS="463" WIDTH="41" HEIGHT="19" WC="0.95" CONTENT="art."/><SP WIDTH="20" VPOS="463" HPOS="571"/>
							<String ID="string_62" HPOS="591" VPOS="461" WIDTH="49" HEIGHT="21" WC="0.96" CONTENT="230"/><SP WIDTH="19" VPOS="461" HPOS="640"/>
							<String ID="string_63" HPOS="659" VPOS="460" WIDTH="75" HEIGHT="22" WC="0.96" CONTENT="skulle"/><SP WIDTH="18" VPOS="460" HPOS="734"/>
							<String ID="string_64" HPOS="752" VPOS="461" WIDTH="73" HEIGHT="21" WC="0.96" CONTENT="strida"/><SP WIDTH="12" VPOS="461" HPOS="825"/>
							<String ID="string_65" HPOS="837" VPOS="463" WIDTH="48" HEIGHT="19" WC="0.96" CONTENT="mot"/>
						</TextLine>
						<TextLine ID="line_9" HPOS="130" VPOS="494" WIDTH="756" HEIGHT="29">
							<String ID="string_66" HPOS="130" VPOS="494" WIDTH="145" HEIGHT="29" WC="0.96" CONTENT="grundlagen"/><SP WIDTH="19" VPOS="494" HPOS="275"/>
							<String ID="string_67" HPOS="294" VPOS="495" WIDTH="23" HEIGHT="21" WC="0.96" CONTENT="af"/><SP WIDTH="20" VPOS="495" HPOS="317"/>
							<String ID="string_68" HPOS="337" VPOS="494" WIDTH="72" HEIGHT="28" WC="0.95" CONTENT="1789,"/><SP WIDTH="19" VPOS="494" HPOS="409"/>
							<String ID="string_69" HPOS="428" VPOS="494" WIDTH="46" HEIGHT="22" WC="0.96" CONTENT="kan"/><SP WIDTH="14" VPOS="494" HPOS="474"/>
							<String ID="string_70" HPOS="488" VPOS="494" WIDTH="43" HEIGHT="22" WC="0.96" CONTENT="och"/><SP WIDTH="13" VPOS="494" HPOS="531"/>
							<String ID="string_71" HPOS="544" VPOS="495" WIDTH="41" HEIGHT="21" WC="0.96" CONTENT="bör"/><SP WIDTH="12" VPOS="495" HPOS="585"/>
							<String ID="string_72" HPOS="597" VPOS="495" WIDTH="52" HEIGHT="21" WC="0.96" CONTENT="icke"/><SP WIDTH="12" VPOS="495" HPOS="649"/>
							<String ID="string_73" HPOS="661" VPOS="497" WIDTH="84" HEIGHT="26" WC="0.96" CONTENT="utgöra"/><SP WIDTH="13" VPOS="497" HPOS="745"/>
							<String ID="string_74" HPOS="758" VPOS="495" WIDTH="82" HEIGHT="21" WC="0.96" CONTENT="hinder"/><SP WIDTH="8" VPOS="495" HPOS="840"/>
							<String ID="string_75" HPOS="848" VPOS="495" WIDTH="38" HEIGHT="21" WC="0.96" CONTENT="för"/>
						</TextLine>
						<TextLine ID="line_10" HPOS="130" VPOS="528" WIDTH="755" HEIGHT="30">
							<String ID="string_76" HPOS="130" VPOS="528" WIDTH="137" HEIGHT="30" WC="0.92" CONTENT="uppnående"/><SP WIDTH="25" VPOS="528" HPOS="267"/>
							<String ID="string_77" HPOS="292" VPOS="529" WIDTH="22" HEIGHT="21" WC="0.93" CONTENT="af"/><SP WIDTH="24" VPOS="529" HPOS="314"/>
							<String ID="string_78" HPOS="338" VPOS="528" WIDTH="123" HEIGHT="22" WC="0.90" CONTENT="Komiténs"/><SP WIDTH="24" VPOS="528" HPOS="461"/>
							<String ID="string_79" HPOS="485" VPOS="530" WIDTH="114" HEIGHT="28" WC="0.92" CONTENT="syftemål,"/><SP WIDTH="22" VPOS="530" HPOS="599"/>
							<String ID="string_80" HPOS="621" VPOS="532" WIDTH="33" HEIGHT="26" WC="0.92" CONTENT="ty,"/><SP WIDTH="17" VPOS="532" HPOS="654"/>
							<String ID="string_81" HPOS="671" VPOS="543" WIDTH="32" HEIGHT="2" WC="0.90" CONTENT="—"/><SP WIDTH="19" VPOS="543" HPOS="703"/>
							<String ID="string_82" HPOS="722" VPOS="530" WIDTH="73" HEIGHT="21" WC="0.95" CONTENT="såsom"/><SP WIDTH="19" VPOS="530" HPOS="795"/>
							<String ID="string_83" HPOS="814" VPOS="529" WIDTH="71" HEIGHT="22" WC="0.96" CONTENT="redan"/>
						</TextLine>
						<TextLine ID="line_11" HPOS="130" VPOS="563" WIDTH="755" HEIGHT="29">
							<String ID="string_84" HPOS="130" VPOS="563" WIDTH="146" HEIGHT="27" WC="0.93" CONTENT="framhållits,"/><SP WIDTH="15" VPOS="563" HPOS="276"/>
							<String ID="string_85" HPOS="291" VPOS="576" WIDTH="26" HEIGHT="2" WC="0.93" CONTENT="—"/><SP WIDTH="10" VPOS="576" HPOS="317"/>
							<String ID="string_86" HPOS="327" VPOS="563" WIDTH="76" HEIGHT="22" WC="0.96" CONTENT="denna"/><SP WIDTH="18" VPOS="563" HPOS="403"/>
							<String ID="string_87" HPOS="421" VPOS="564" WIDTH="110" HEIGHT="28" WC="0.96" CONTENT="tolkning"/><SP WIDTH="17" VPOS="564" HPOS="531"/>
							<String ID="string_88" HPOS="548" VPOS="564" WIDTH="47" HEIGHT="21" WC="0.96" CONTENT="kan"/><SP WIDTH="18" VPOS="564" HPOS="595"/>
							<String ID="string_89" HPOS="613" VPOS="564" WIDTH="52" HEIGHT="21" WC="0.96" CONTENT="icke"/><SP WIDTH="14" VPOS="564" HPOS="665"/>
							<String ID="string_90" HPOS="679" VPOS="572" WIDTH="65" HEIGHT="13" WC="0.96" CONTENT="anses"/><SP WIDTH="12" VPOS="572" HPOS="744"/>
							<String ID="string_91" HPOS="756" VPOS="564" WIDTH="70" HEIGHT="22" WC="0.93" CONTENT="hafva"/><SP WIDTH="13" VPOS="564" HPOS="826"/>
							<String ID="string_92" HPOS="839" VPOS="564" WIDTH="46" HEIGHT="21" WC="0.92" CONTENT="till-"/>
						</TextLine>
						<TextLine ID="line_12" HPOS="131" VPOS="598" WIDTH="755" HEIGHT="28">
							<String ID="string_93" HPOS="131" VPOS="598" WIDTH="91" HEIGHT="28" WC="0.91" CONTENT="räcklig"/><SP WIDTH="23" VPOS="598" HPOS="222"/>
							<String ID="string_94" HPOS="245" VPOS="598" WIDTH="76" HEIGHT="28" WC="0.96" CONTENT="grund"/><SP WIDTH="24" VPOS="598" HPOS="321"/>
							<String ID="string_95" HPOS="345" VPOS="598" WIDTH="36" HEIGHT="21" WC="0.96" CONTENT="för"/><SP WIDTH="18" VPOS="598" HPOS="381"/>
							<String ID="string_96" HPOS="399" VPOS="598" WIDTH="36" HEIGHT="28" WC="0.96" CONTENT="sig"/><SP WIDTH="18" VPOS="598" HPOS="435"/>
							<String ID="string_97" HPOS="453" VPOS="598" WIDTH="43" HEIGHT="22" WC="0.96" CONTENT="och"/><SP WIDTH="18" VPOS="598" HPOS="496"/>
							<String ID="string_98" HPOS="514" VPOS="598" WIDTH="116" HEIGHT="22" WC="0.96" CONTENT="dessutom"/><SP WIDTH="19" VPOS="598" HPOS="630"/>
							<String ID="string_99" HPOS="649" VPOS="598" WIDTH="89" HEIGHT="22" WC="0.96" CONTENT="vittnar"/><SP WIDTH="18" VPOS="598" HPOS="738"/>
							<String ID="string_100" HPOS="756" VPOS="606" WIDTH="27" HEIGHT="14" WC="0.96" CONTENT="en"/><SP WIDTH="19" VPOS="606" HPOS="783"/>
							<String ID="string_101" HPOS="802" VPOS="598" WIDTH="42" HEIGHT="22" WC="0.96" CONTENT="rad"/><SP WIDTH="19" VPOS="598" HPOS="844"/>
							<String ID="string_102" HPOS="863" VPOS="598" WIDTH="23" HEIGHT="22" WC="0.96" CONTENT="af"/>
						</TextLine>
						<TextLine ID="line_13" HPOS="131" VPOS="632" WIDTH="755" HEIGHT="29">
							<String ID="string_103" HPOS="131" VPOS="632" WIDTH="93" HEIGHT="29" WC="0.92" CONTENT="Nädiga"/><SP WIDTH="20" VPOS="632" HPOS="224"/>
							<String ID="string_104" HPOS="244" VPOS="632" WIDTH="170" HEIGHT="28" WC="0.91" CONTENT="förordningar,"/><SP WIDTH="26" VPOS="632" HPOS="414"/>
							<String ID="string_105" HPOS="440" VPOS="639" WIDTH="47" HEIGHT="15" WC="0.92" CONTENT="som"/><SP WIDTH="22" VPOS="639" HPOS="487"/>
							<String ID="string_106" HPOS="509" VPOS="635" WIDTH="118" HEIGHT="19" WC="0.92" CONTENT="emanerat"/><SP WIDTH="17" VPOS="635" HPOS="627"/>
							<String ID="string_107" HPOS="644" VPOS="633" WIDTH="59" HEIGHT="21" WC="0.96" CONTENT="efter"/><SP WIDTH="18" VPOS="633" HPOS="703"/>
							<String ID="string_108" HPOS="721" VPOS="633" WIDTH="25" HEIGHT="21" WC="0.96" CONTENT="är"/><SP WIDTH="20" VPOS="633" HPOS="746"/>
							<String ID="string_109" HPOS="766" VPOS="633" WIDTH="72" HEIGHT="27" WC="0.96" CONTENT="1809,"/><SP WIDTH="18" VPOS="633" HPOS="838"/>
							<String ID="string_110" HPOS="856" VPOS="633" WIDTH="30" HEIGHT="28" WC="0.96" CONTENT="pä"/>
						</TextLine>
						<TextLine ID="line_14" HPOS="131" VPOS="665" WIDTH="755" HEIGHT="30">
							<String ID="string_111" HPOS="131" VPOS="667" WIDTH="41" HEIGHT="21" WC="0.93" CONTENT="det"/><SP WIDTH="17" VPOS="667" HPOS="172"/>
							<String ID="string_112" HPOS="189" VPOS="665" WIDTH="155" HEIGHT="23" WC="0.92" CONTENT="bestämdaste"/><SP WIDTH="19" VPOS="665" HPOS="344"/>
							<String ID="string_113" HPOS="363" VPOS="666" WIDTH="85" HEIGHT="28" WC="0.92" CONTENT="derom,"/><SP WIDTH="20" VPOS="666" HPOS="448"/>
							<String ID="string_114" HPOS="468" VPOS="669" WIDTH="35" HEIGHT="19" WC="0.93" CONTENT="att"/><SP WIDTH="17" VPOS="669" HPOS="503"/>
							<String ID="string_115" HPOS="520" VPOS="667" WIDTH="130" HEIGHT="28" WC="0.91" CONTENT="Rysslands"/><SP WIDTH="18" VPOS="667" HPOS="650"/>
							<String ID="string_116" HPOS="668" VPOS="667" WIDTH="124" HEIGHT="21" WC="0.92" CONTENT="Monarker"/><SP WIDTH="18" VPOS="667" HPOS="792"/>
							<String ID="string_117" HPOS="810" VPOS="669" WIDTH="76" HEIGHT="20" WC="0.92" CONTENT="ansett"/>
						</TextLine>
						<TextLine ID="line_15" HPOS="133" VPOS="701" WIDTH="753" HEIGHT="29">
							<String ID="string_118" HPOS="133" VPOS="701" WIDTH="133" HEIGHT="27" WC="0.92" CONTENT="önskvärdt,"/><SP WIDTH="19" VPOS="701" HPOS="266"/>
							<String ID="string_119" HPOS="285" VPOS="702" WIDTH="35" HEIGHT="20" WC="0.93" CONTENT="att"/><SP WIDTH="17" VPOS="702" HPOS="320"/>
							<String ID="string_120" HPOS="337" VPOS="708" WIDTH="77" HEIGHT="21" WC="0.92" CONTENT="ryssar"/><SP WIDTH="12" VPOS="708" HPOS="414"/>
							<String ID="string_121" HPOS="426" VPOS="701" WIDTH="72" HEIGHT="21" WC="0.92" CONTENT="mätte"/><SP WIDTH="18" VPOS="701" HPOS="498"/>
							<String ID="string_122" HPOS="516" VPOS="701" WIDTH="72" HEIGHT="22" WC="0.93" CONTENT="vinna"/><SP WIDTH="18" VPOS="701" HPOS="588"/>
							<String ID="string_123" HPOS="606" VPOS="701" WIDTH="143" HEIGHT="29" WC="0.91" CONTENT="anställning"/><SP WIDTH="16" VPOS="701" HPOS="749"/>
							<String ID="string_124" HPOS="765" VPOS="701" WIDTH="8" HEIGHT="22" WC="0.96" CONTENT="i"/><SP WIDTH="11" VPOS="701" HPOS="773"/>
							<String ID="string_125" HPOS="784" VPOS="701" WIDTH="102" HEIGHT="22" WC="0.96" CONTENT="Finland"/>
						</TextLine>
						<TextLine ID="line_16" HPOS="131" VPOS="735" WIDTH="755" HEIGHT="28">
							<String ID="string_126" HPOS="131" VPOS="736" WIDTH="9" HEIGHT="20" WC="0.96" CONTENT="i"/><SP WIDTH="23" VPOS="736" HPOS="140"/>
							<String ID="string_127" HPOS="163" VPOS="735" WIDTH="49" HEIGHT="22" WC="0.96" CONTENT="lika"/><SP WIDTH="22" VPOS="735" HPOS="212"/>
							<String ID="string_128" HPOS="234" VPOS="736" WIDTH="54" HEIGHT="20" WC="0.96" CONTENT="män"/><SP WIDTH="24" VPOS="736" HPOS="288"/>
							<String ID="string_129" HPOS="312" VPOS="743" WIDTH="48" HEIGHT="13" WC="0.93" CONTENT="som"/><SP WIDTH="24" VPOS="743" HPOS="360"/>
							<String ID="string_130" HPOS="384" VPOS="735" WIDTH="92" HEIGHT="22" WC="0.92" CONTENT="landets"/><SP WIDTH="18" VPOS="735" HPOS="476"/>
							<String ID="string_131" HPOS="494" VPOS="743" WIDTH="60" HEIGHT="20" WC="0.93" CONTENT="egna"/><SP WIDTH="17" VPOS="743" HPOS="554"/>
							<String ID="string_132" HPOS="571" VPOS="736" WIDTH="118" HEIGHT="21" WC="0.92" CONTENT="invänare."/><SP WIDTH="36" VPOS="736" HPOS="689"/>
							<String ID="string_133" HPOS="725" VPOS="735" WIDTH="77" HEIGHT="22" WC="0.94" CONTENT="Bland"/><SP WIDTH="18" VPOS="735" HPOS="802"/>
							<String ID="string_134" HPOS="820" VPOS="736" WIDTH="66" HEIGHT="21" WC="0.96" CONTENT="dessa"/>
						</TextLine>
						<TextLine ID="line_17" HPOS="131" VPOS="769" WIDTH="756" HEIGHT="29">
							<String ID="string_135" HPOS="131" VPOS="769" WIDTH="165" HEIGHT="29" WC="0.96" CONTENT="förordningar"/><SP WIDTH="18" VPOS="769" HPOS="296"/>
							<String ID="string_136" HPOS="314" VPOS="770" WIDTH="36" HEIGHT="21" WC="0.96" CONTENT="mä"/><SP WIDTH="18" VPOS="770" HPOS="350"/>
							<String ID="string_137" HPOS="368" VPOS="773" WIDTH="107" HEIGHT="18" WC="0.93" CONTENT="nämnas:"/><SP WIDTH="19" VPOS="773" HPOS="475"/>
							<String ID="string_138" HPOS="494" VPOS="770" WIDTH="133" HEIGHT="21" WC="0.96" CONTENT="manifestet"/><SP WIDTH="18" VPOS="770" HPOS="627"/>
							<String ID="string_139" HPOS="645" VPOS="770" WIDTH="23" HEIGHT="21" WC="0.95" CONTENT="af"/><SP WIDTH="19" VPOS="770" HPOS="668"/>
							<String ID="string_140" HPOS="687" VPOS="770" WIDTH="44" HEIGHT="21" WC="0.96" CONTENT="den"/><SP WIDTH="16" VPOS="770" HPOS="731"/>
							<String ID="string_141" HPOS="747" VPOS="771" WIDTH="13" HEIGHT="20" WC="0.96" CONTENT="9"/><SP WIDTH="15" VPOS="771" HPOS="760"/>
							<String ID="string_142" HPOS="775" VPOS="770" WIDTH="112" HEIGHT="21" WC="0.95" CONTENT="Februari"/>
						</TextLine>
						<TextLine ID="line_18" HPOS="136" VPOS="804" WIDTH="747" HEIGHT="29">
							<String ID="string_143" HPOS="136" VPOS="805" WIDTH="70" HEIGHT="26" WC="0.93" CONTENT="1816,"/><SP WIDTH="11" VPOS="805" HPOS="206"/>
							<String ID="string_144" HPOS="217" VPOS="804" WIDTH="194" HEIGHT="28" WC="0.92" CONTENT="förordningarna"/><SP WIDTH="10" VPOS="804" HPOS="411"/>
							<String ID="string_145" HPOS="421" VPOS="804" WIDTH="23" HEIGHT="21" WC="0.93" CONTENT="af"/><SP WIDTH="10" VPOS="804" HPOS="444"/>
							<String ID="string_146" HPOS="454" VPOS="805" WIDTH="54" HEIGHT="20" WC="0.93" CONTENT="ären"/><SP WIDTH="12" VPOS="805" HPOS="508"/>
							<String ID="string_147" HPOS="520" VPOS="804" WIDTH="63" HEIGHT="21" WC="0.96" CONTENT="1827"/><SP WIDTH="12" VPOS="804" HPOS="583"/>
							<String ID="string_148" HPOS="595" VPOS="804" WIDTH="53" HEIGHT="27" WC="0.96" CONTENT="(den"/><SP WIDTH="10" VPOS="804" HPOS="648"/>
							<String ID="string_149" HPOS="658" VPOS="805" WIDTH="31" HEIGHT="20" WC="0.93" CONTENT="14"/><SP WIDTH="7" VPOS="805" HPOS="689"/>
							<String ID="string_150" HPOS="696" VPOS="804" WIDTH="116" HEIGHT="29" WC="0.92" CONTENT="Aupusti),"/><SP WIDTH="10" VPOS="804" HPOS="812"/>
							<String ID="string_151" HPOS="822" VPOS="804" WIDTH="61" HEIGHT="21" WC="0.96" CONTENT="1841"/>
						</TextLine>
						<TextLine ID="line_19" HPOS="133" VPOS="838" WIDTH="751" HEIGHT="29">
							<String ID="string_152" HPOS="133" VPOS="838" WIDTH="52" HEIGHT="27" WC="0.96" CONTENT="(den"/><SP WIDTH="20" VPOS="838" HPOS="185"/>
							<String ID="string_153" HPOS="205" VPOS="839" WIDTH="29" HEIGHT="20" WC="0.96" CONTENT="21"/><SP WIDTH="21" VPOS="839" HPOS="234"/>
							<String ID="string_154" HPOS="255" VPOS="838" WIDTH="73" HEIGHT="27" WC="0.96" CONTENT="Juni),"/><SP WIDTH="22" VPOS="838" HPOS="328"/>
							<String ID="string_155" HPOS="350" VPOS="839" WIDTH="63" HEIGHT="20" WC="0.95" CONTENT="1846"/><SP WIDTH="19" VPOS="839" HPOS="413"/>
							<String ID="string_156" HPOS="432" VPOS="838" WIDTH="54" HEIGHT="27" WC="0.95" CONTENT="(den"/><SP WIDTH="20" VPOS="838" HPOS="486"/>
							<String ID="string_157" HPOS="506" VPOS="839" WIDTH="15" HEIGHT="21" WC="0.96" CONTENT="4"/><SP WIDTH="18" VPOS="839" HPOS="521"/>
							<String ID="string_158" HPOS="539" VPOS="839" WIDTH="78" HEIGHT="27" WC="0.93" CONTENT="Mars),"/><SP WIDTH="19" VPOS="839" HPOS="617"/>
							<String ID="string_159" HPOS="636" VPOS="839" WIDTH="135" HEIGHT="28" WC="0.92" CONTENT="Reskriptet"/><SP WIDTH="13" VPOS="839" HPOS="771"/>
							<String ID="string_160" HPOS="784" VPOS="839" WIDTH="22" HEIGHT="21" WC="0.95" CONTENT="af"/><SP WIDTH="10" VPOS="839" HPOS="806"/>
							<String ID="string_161" HPOS="816" VPOS="839" WIDTH="44" HEIGHT="21" WC="0.95" CONTENT="den"/><SP WIDTH="13" VPOS="839" HPOS="860"/>
							<String ID="string_162" HPOS="873" VPOS="839" WIDTH="11" HEIGHT="20" WC="0.96" CONTENT="1"/>
						</TextLine>
						<TextLine ID="line_20" HPOS="133" VPOS="873" WIDTH="753" HEIGHT="28">
							<String ID="string_163" HPOS="133" VPOS="873" WIDTH="61" HEIGHT="21" WC="0.91" CONTENT="Mars"/><SP WIDTH="9" VPOS="873" HPOS="194"/>
							<String ID="string_164" HPOS="203" VPOS="873" WIDTH="71" HEIGHT="27" WC="0.91" CONTENT="1852,"/><SP WIDTH="8" VPOS="873" HPOS="274"/>
							<String ID="string_165" HPOS="282" VPOS="885" WIDTH="26" HEIGHT="2" WC="0.93" CONTENT="—"/><SP WIDTH="8" VPOS="885" HPOS="308"/>
							<String ID="string_166" HPOS="316" VPOS="875" WIDTH="42" HEIGHT="19" WC="0.95" CONTENT="art."/><SP WIDTH="14" VPOS="875" HPOS="358"/>
							<String ID="string_167" HPOS="372" VPOS="873" WIDTH="46" HEIGHT="21" WC="0.96" CONTENT="169"/><SP WIDTH="12" VPOS="873" HPOS="418"/>
							<String ID="string_168" HPOS="430" VPOS="873" WIDTH="8" HEIGHT="21" WC="0.96" CONTENT="i"/><SP WIDTH="8" VPOS="873" HPOS="438"/>
							<String ID="string_169" HPOS="446" VPOS="873" WIDTH="37" HEIGHT="21" WC="0.96" CONTENT="III"/><SP WIDTH="10" VPOS="873" HPOS="483"/>
							<String ID="string_170" HPOS="493" VPOS="873" WIDTH="68" HEIGHT="22" WC="0.96" CONTENT="delen"/><SP WIDTH="10" VPOS="873" HPOS="561"/>
							<String ID="string_171" HPOS="571" VPOS="873" WIDTH="22" HEIGHT="22" WC="0.93" CONTENT="af"/><SP WIDTH="17" VPOS="873" HPOS="593"/>
							<String ID="string_172" HPOS="610" VPOS="869" WIDTH="116" HEIGHT="37" WC="0.92" CONTENT="Lagcodex,"/><SP WIDTH="13" VPOS="869" HPOS="726"/>
							<String ID="string_173" HPOS="739" VPOS="873" WIDTH="75" HEIGHT="28" WC="0.96" CONTENT="enligt"/><SP WIDTH="9" VPOS="873" HPOS="814"/>
							<String ID="string_174" HPOS="823" VPOS="873" WIDTH="63" HEIGHT="21" WC="0.96" CONTENT="1886"/>
						</TextLine>
						<TextLine ID="line_21" HPOS="133" VPOS="907" WIDTH="754" HEIGHT="29">
							<String ID="string_175" HPOS="133" VPOS="908" WIDTH="37" HEIGHT="21" WC="0.93" CONTENT="års"/><SP WIDTH="9" VPOS="908" HPOS="170"/>
							<String ID="string_176" HPOS="179" VPOS="907" WIDTH="158" HEIGHT="28" WC="0.95" CONTENT="fortsättning,"/><SP WIDTH="8" VPOS="907" HPOS="337"/>
							<String ID="string_177" HPOS="345" VPOS="907" WIDTH="43" HEIGHT="21" WC="0.97" CONTENT="och"/><SP WIDTH="10" VPOS="907" HPOS="388"/>
							<String ID="string_178" HPOS="398" VPOS="910" WIDTH="42" HEIGHT="19" WC="0.89" CONTENT="art."/><SP WIDTH="9" VPOS="910" HPOS="440"/>
							<String ID="string_179" HPOS="449" VPOS="908" WIDTH="47" HEIGHT="20" WC="0.89" CONTENT="312"/><SP WIDTH="12" VPOS="908" HPOS="496"/>
							<String ID="string_180" HPOS="508" VPOS="907" WIDTH="8" HEIGHT="22" WC="0.95" CONTENT="i"/><SP WIDTH="9" VPOS="907" HPOS="516"/>
							<String ID="string_181" HPOS="525" VPOS="907" WIDTH="35" HEIGHT="22" WC="0.94" CONTENT="IX"/><SP WIDTH="7" VPOS="907" HPOS="560"/>
							<String ID="string_182" HPOS="567" VPOS="907" WIDTH="67" HEIGHT="22" WC="0.94" CONTENT="delen"/><SP WIDTH="8" VPOS="907" HPOS="634"/>
							<String ID="string_183" HPOS="642" VPOS="908" WIDTH="23" HEIGHT="21" WC="0.93" CONTENT="af"/><SP WIDTH="6" VPOS="908" HPOS="665"/>
							<String ID="string_184" HPOS="671" VPOS="907" WIDTH="130" HEIGHT="29" WC="0.92" CONTENT="Lagcodex,"/><SP WIDTH="8" VPOS="907" HPOS="801"/>
							<String ID="string_185" HPOS="809" VPOS="908" WIDTH="78" HEIGHT="21" WC="0.86" CONTENT="äfven-"/>
						</TextLine>
						<TextLine ID="line_22" HPOS="133" VPOS="941" WIDTH="755" HEIGHT="30">
							<String ID="string_186" HPOS="133" VPOS="949" WIDTH="55" HEIGHT="19" WC="0.96" CONTENT="som,"/><SP WIDTH="14" VPOS="949" HPOS="188"/>
							<String ID="string_187" HPOS="202" VPOS="941" WIDTH="42" HEIGHT="22" WC="0.96" CONTENT="sist"/><SP WIDTH="13" VPOS="941" HPOS="244"/>
							<String ID="string_188" HPOS="257" VPOS="941" WIDTH="43" HEIGHT="22" WC="0.93" CONTENT="och"/><SP WIDTH="10" VPOS="941" HPOS="300"/>
							<String ID="string_189" HPOS="310" VPOS="941" WIDTH="117" HEIGHT="29" WC="0.92" CONTENT="slutligen,"/><SP WIDTH="8" VPOS="941" HPOS="427"/>
							<String ID="string_190" HPOS="435" VPOS="941" WIDTH="167" HEIGHT="30" WC="0.96" CONTENT="förordningen"/><SP WIDTH="11" VPOS="941" HPOS="602"/>
							<String ID="string_191" HPOS="613" VPOS="943" WIDTH="23" HEIGHT="20" WC="0.96" CONTENT="af"/><SP WIDTH="12" VPOS="943" HPOS="636"/>
							<String ID="string_192" HPOS="648" VPOS="943" WIDTH="61" HEIGHT="20" WC="0.96" CONTENT="1891"/><SP WIDTH="13" VPOS="943" HPOS="709"/>
							<String ID="string_193" HPOS="722" VPOS="942" WIDTH="42" HEIGHT="21" WC="0.96" CONTENT="N:o"/><SP WIDTH="12" VPOS="942" HPOS="764"/>
							<String ID="string_194" HPOS="776" VPOS="943" WIDTH="38" HEIGHT="20" WC="0.96" CONTENT="27."/><SP WIDTH="19" VPOS="943" HPOS="814"/>
							<String ID="string_195" HPOS="833" VPOS="941" WIDTH="55" HEIGHT="22" WC="0.96" CONTENT="Alla"/>
						</TextLine>
						<TextLine ID="line_23" HPOS="134" VPOS="975" WIDTH="754" HEIGHT="30">
							<String ID="string_196" HPOS="134" VPOS="975" WIDTH="98" HEIGHT="22" WC="0.92" CONTENT="anförda"/><SP WIDTH="17" VPOS="975" HPOS="232"/>
							<String ID="string_197" HPOS="249" VPOS="975" WIDTH="187" HEIGHT="29" WC="0.92" CONTENT="lagstadganden"/><SP WIDTH="18" VPOS="975" HPOS="436"/>
							<String ID="string_198" HPOS="454" VPOS="976" WIDTH="141" HEIGHT="22" WC="0.92" CONTENT="tillerkänna"/><SP WIDTH="18" VPOS="976" HPOS="595"/>
							<String ID="string_199" HPOS="613" VPOS="984" WIDTH="78" HEIGHT="21" WC="0.92" CONTENT="ryssar"/><SP WIDTH="17" VPOS="984" HPOS="691"/>
							<String ID="string_200" HPOS="708" VPOS="977" WIDTH="89" HEIGHT="27" WC="0.93" CONTENT="(lärare,"/><SP WIDTH="14" VPOS="977" HPOS="797"/>
							<String ID="string_201" HPOS="811" VPOS="983" WIDTH="77" HEIGHT="22" WC="0.93" CONTENT="perso-"/>
						</TextLine>
						<TextLine ID="line_24" HPOS="134" VPOS="1010" WIDTH="754" HEIGHT="27">
							<String ID="string_202" HPOS="134" VPOS="1018" WIDTH="47" HEIGHT="19" WC="0.95" CONTENT="ner,"/><SP WIDTH="25" VPOS="1018" HPOS="181"/>
							<String ID="string_203" HPOS="206" VPOS="1010" WIDTH="100" HEIGHT="21" WC="0.95" CONTENT="hörande"/><SP WIDTH="23" VPOS="1010" HPOS="306"/>
							<String ID="string_204" HPOS="329" VPOS="1010" WIDTH="36" HEIGHT="21" WC="0.96" CONTENT="till"/><SP WIDTH="19" VPOS="1010" HPOS="365"/>
							<String ID="string_205" HPOS="384" VPOS="1010" WIDTH="45" HEIGHT="21" WC="0.92" CONTENT="den"/><SP WIDTH="19" VPOS="1010" HPOS="429"/>
							<String ID="string_206" HPOS="448" VPOS="1010" WIDTH="111" HEIGHT="22" WC="0.96" CONTENT="ortodoxa"/><SP WIDTH="18" VPOS="1010" HPOS="559"/>
							<String ID="string_207" HPOS="577" VPOS="1011" WIDTH="213" HEIGHT="26" WC="0.93" CONTENT="trosbekännelsen,"/><SP WIDTH="19" VPOS="1011" HPOS="790"/>
							<String ID="string_208" HPOS="809" VPOS="1019" WIDTH="28" HEIGHT="13" WC="0.96" CONTENT="m."/><SP WIDTH="19" VPOS="1019" HPOS="837"/>
							<String ID="string_209" HPOS="856" VPOS="1010" WIDTH="32" HEIGHT="27" WC="0.92" CONTENT="fl.)"/>
						</TextLine>
						<TextLine ID="line_25" HPOS="133" VPOS="1044" WIDTH="755" HEIGHT="29">
							<String ID="string_210" HPOS="133" VPOS="1044" WIDTH="114" HEIGHT="29" WC="0.96" CONTENT="rättighet"/><SP WIDTH="27" VPOS="1044" HPOS="247"/>
							<String ID="string_211" HPOS="274" VPOS="1047" WIDTH="35" HEIGHT="19" WC="0.96" CONTENT="att"/><SP WIDTH="26" VPOS="1047" HPOS="309"/>
							<String ID="string_212" HPOS="335" VPOS="1045" WIDTH="72" HEIGHT="21" WC="0.96" CONTENT="vistas"/><SP WIDTH="23" VPOS="1045" HPOS="407"/>
							<String ID="string_213" HPOS="430" VPOS="1045" WIDTH="43" HEIGHT="21" WC="0.96" CONTENT="och"/><SP WIDTH="18" VPOS="1045" HPOS="473"/>
							<String ID="string_214" HPOS="491" VPOS="1045" WIDTH="64" HEIGHT="28" WC="0.96" CONTENT="tjena"/><SP WIDTH="17" VPOS="1045" HPOS="555"/>
							<String ID="string_215" HPOS="572" VPOS="1045" WIDTH="9" HEIGHT="21" WC="0.96" CONTENT="i"/><SP WIDTH="18" VPOS="1045" HPOS="581"/>
							<String ID="string_216" HPOS="599" VPOS="1045" WIDTH="102" HEIGHT="22" WC="0.96" CONTENT="Finland"/><SP WIDTH="18" VPOS="1045" HPOS="701"/>
							<String ID="string_217" HPOS="719" VPOS="1045" WIDTH="7" HEIGHT="21" WC="0.96" CONTENT="i"/><SP WIDTH="19" VPOS="1045" HPOS="726"/>
							<String ID="string_218" HPOS="745" VPOS="1045" WIDTH="73" HEIGHT="21" WC="0.96" CONTENT="likhet"/><SP WIDTH="18" VPOS="1045" HPOS="818"/>
							<String ID="string_219" HPOS="836" VPOS="1044" WIDTH="52" HEIGHT="22" WC="0.96" CONTENT="med"/>
						</TextLine>
						<TextLine ID="line_26" HPOS="134" VPOS="1079" WIDTH="755" HEIGHT="28">
							<String ID="string_220" HPOS="134" VPOS="1079" WIDTH="92" HEIGHT="21" WC="0.96" CONTENT="landets"/><SP WIDTH="18" VPOS="1079" HPOS="226"/>
							<String ID="string_221" HPOS="244" VPOS="1087" WIDTH="60" HEIGHT="20" WC="0.96" CONTENT="egna"/><SP WIDTH="18" VPOS="1087" HPOS="304"/>
							<String ID="string_222" HPOS="322" VPOS="1079" WIDTH="135" HEIGHT="28" WC="0.93" CONTENT="inbyggare."/><SP WIDTH="38" VPOS="1079" HPOS="457"/>
							<String ID="string_223" HPOS="495" VPOS="1079" WIDTH="111" HEIGHT="22" WC="0.81" CONTENT="Komitén"/><SP WIDTH="17" VPOS="1079" HPOS="606"/>
							<String ID="string_224" HPOS="623" VPOS="1079" WIDTH="42" HEIGHT="22" WC="0.96" CONTENT="har"/><SP WIDTH="19" VPOS="1079" HPOS="665"/>
							<String ID="string_225" HPOS="684" VPOS="1082" WIDTH="76" HEIGHT="19" WC="0.96" CONTENT="ansett"/><SP WIDTH="18" VPOS="1082" HPOS="760"/>
							<String ID="string_226" HPOS="778" VPOS="1079" WIDTH="36" HEIGHT="28" WC="0.96" CONTENT="sig"/><SP WIDTH="17" VPOS="1079" HPOS="814"/>
							<String ID="string_227" HPOS="831" VPOS="1079" WIDTH="58" HEIGHT="21" WC="0.95" CONTENT="böra"/>
						</TextLine>
						<TextLine ID="line_27" HPOS="134" VPOS="1113" WIDTH="754" HEIGHT="29">
							<String ID="string_228" HPOS="134" VPOS="1113" WIDTH="61" HEIGHT="22" WC="0.96" CONTENT="fästa"/><SP WIDTH="29" VPOS="1113" HPOS="195"/>
							<String ID="string_229" HPOS="224" VPOS="1113" WIDTH="105" HEIGHT="22" WC="0.93" CONTENT="afseende"/><SP WIDTH="25" VPOS="1113" HPOS="329"/>
							<String ID="string_230" HPOS="354" VPOS="1114" WIDTH="13" HEIGHT="21" WC="0.91" CONTENT="å"/><SP WIDTH="21" VPOS="1114" HPOS="367"/>
							<String ID="string_231" HPOS="388" VPOS="1113" WIDTH="155" HEIGHT="28" WC="0.90" CONTENT="nyssberörda"/><SP WIDTH="26" VPOS="1113" HPOS="543"/>
							<String ID="string_232" HPOS="569" VPOS="1114" WIDTH="170" HEIGHT="28" WC="0.96" CONTENT="förordningar,"/><SP WIDTH="18" VPOS="1114" HPOS="739"/>
							<String ID="string_233" HPOS="757" VPOS="1114" WIDTH="71" HEIGHT="21" WC="0.93" CONTENT="ehuru"/><SP WIDTH="19" VPOS="1114" HPOS="828"/>
							<String ID="string_234" HPOS="847" VPOS="1113" WIDTH="41" HEIGHT="21" WC="0.91" CONTENT="fin-"/>
						</TextLine>
						<TextLine ID="line_28" HPOS="135" VPOS="1148" WIDTH="754" HEIGHT="28">
							<String ID="string_235" HPOS="135" VPOS="1155" WIDTH="71" HEIGHT="14" WC="0.89" CONTENT="narne"/><SP WIDTH="18" VPOS="1155" HPOS="206"/>
							<String ID="string_236" HPOS="224" VPOS="1148" WIDTH="108" HEIGHT="28" WC="0.95" CONTENT="ignorera"/><SP WIDTH="18" VPOS="1148" HPOS="332"/>
							<String ID="string_237" HPOS="350" VPOS="1148" WIDTH="57" HEIGHT="27" WC="0.93" CONTENT="dem,"/><SP WIDTH="21" VPOS="1148" HPOS="407"/>
							<String ID="string_238" HPOS="428" VPOS="1148" WIDTH="148" HEIGHT="21" WC="0.92" CONTENT="alldenstund"/><SP WIDTH="19" VPOS="1148" HPOS="576"/>
							<String ID="string_239" HPOS="595" VPOS="1149" WIDTH="28" HEIGHT="20" WC="0.95" CONTENT="de"/><SP WIDTH="13" VPOS="1149" HPOS="623"/>
							<String ID="string_240" HPOS="636" VPOS="1148" WIDTH="114" HEIGHT="22" WC="0.95" CONTENT="utfärdats"/><SP WIDTH="11" VPOS="1148" HPOS="750"/>
							<String ID="string_241" HPOS="761" VPOS="1151" WIDTH="57" HEIGHT="18" WC="0.93" CONTENT="utan"/><SP WIDTH="10" VPOS="1151" HPOS="818"/>
							<String ID="string_242" HPOS="828" VPOS="1150" WIDTH="61" HEIGHT="19" WC="0.92" CONTENT="stän-"/>
						</TextLine>
						<TextLine ID="line_29" HPOS="135" VPOS="1181" WIDTH="755" HEIGHT="28">
							<String ID="string_243" HPOS="135" VPOS="1181" WIDTH="81" HEIGHT="22" WC="0.91" CONTENT="dernas"/><SP WIDTH="25" VPOS="1181" HPOS="216"/>
							<String ID="string_244" HPOS="241" VPOS="1182" WIDTH="148" HEIGHT="22" WC="0.91" CONTENT="medvärkan."/><SP WIDTH="37" VPOS="1182" HPOS="389"/>
							<String ID="string_245" HPOS="426" VPOS="1183" WIDTH="80" HEIGHT="26" WC="0.96" CONTENT="(Detta"/><SP WIDTH="18" VPOS="1183" HPOS="506"/>
							<String ID="string_246" HPOS="524" VPOS="1183" WIDTH="118" HEIGHT="21" WC="0.93" CONTENT="framhölls"/><SP WIDTH="19" VPOS="1183" HPOS="642"/>
							<String ID="string_247" HPOS="661" VPOS="1185" WIDTH="15" HEIGHT="18" WC="0.92" CONTENT="t."/><SP WIDTH="21" VPOS="1185" HPOS="676"/>
							<String ID="string_248" HPOS="697" VPOS="1191" WIDTH="32" HEIGHT="13" WC="0.96" CONTENT="ex."/><SP WIDTH="24" VPOS="1191" HPOS="729"/>
							<String ID="string_249" HPOS="753" VPOS="1183" WIDTH="3" HEIGHT="20" WC="0.93" CONTENT="i"/><SP WIDTH="18" VPOS="1183" HPOS="756"/>
							<String ID="string_250" HPOS="774" VPOS="1183" WIDTH="116" HEIGHT="21" WC="0.92" CONTENT="Weissen-"/>
						</TextLine>
						<TextLine ID="line_30" HPOS="135" VPOS="1216" WIDTH="755" HEIGHT="30">
							<String ID="string_251" HPOS="135" VPOS="1216" WIDTH="68" HEIGHT="29" WC="0.93" CONTENT="bergs"/><SP WIDTH="18" VPOS="1216" HPOS="203"/>
							<String ID="string_252" HPOS="221" VPOS="1217" WIDTH="110" HEIGHT="26" WC="0.90" CONTENT="Komité)."/><SP WIDTH="35" VPOS="1217" HPOS="331"/>
							<String ID="string_253" HPOS="366" VPOS="1217" WIDTH="124" HEIGHT="21" WC="0.95" CONTENT="Dessutom"/><SP WIDTH="18" VPOS="1217" HPOS="490"/>
							<String ID="string_254" HPOS="508" VPOS="1217" WIDTH="42" HEIGHT="22" WC="0.96" CONTENT="har"/><SP WIDTH="17" VPOS="1217" HPOS="550"/>
							<String ID="string_255" HPOS="567" VPOS="1217" WIDTH="66" HEIGHT="22" WC="0.96" CONTENT="Hans"/><SP WIDTH="18" VPOS="1217" HPOS="633"/>
							<String ID="string_256" HPOS="651" VPOS="1217" WIDTH="108" HEIGHT="29" WC="0.96" CONTENT="Majestät"/><SP WIDTH="17" VPOS="1217" HPOS="759"/>
							<String ID="string_257" HPOS="776" VPOS="1217" WIDTH="114" HEIGHT="28" WC="0.96" CONTENT="Kejsaren"/>
						</TextLine>
						<TextLine ID="line_31" HPOS="136" VPOS="1251" WIDTH="755" HEIGHT="27">
							<String ID="string_258" HPOS="136" VPOS="1251" WIDTH="25" HEIGHT="21" WC="0.96" CONTENT="år"/><SP WIDTH="29" VPOS="1251" HPOS="161"/>
							<String ID="string_259" HPOS="190" VPOS="1251" WIDTH="64" HEIGHT="21" WC="0.96" CONTENT="1876"/><SP WIDTH="28" VPOS="1251" HPOS="254"/>
							<String ID="string_260" HPOS="282" VPOS="1252" WIDTH="31" HEIGHT="26" WC="0.92" CONTENT="(se"/><SP WIDTH="27" VPOS="1252" HPOS="313"/>
							<String ID="string_261" HPOS="340" VPOS="1251" WIDTH="353" HEIGHT="22" WC="0.90" CONTENT="Minister-Statssekreterarens"/><SP WIDTH="23" VPOS="1251" HPOS="693"/>
							<String ID="string_262" HPOS="716" VPOS="1251" WIDTH="118" HEIGHT="22" WC="0.96" CONTENT="skrifvelse"/><SP WIDTH="19" VPOS="1251" HPOS="834"/>
							<String ID="string_263" HPOS="853" VPOS="1251" WIDTH="38" HEIGHT="21" WC="0.96" CONTENT="till"/>
						</TextLine>
						<TextLine ID="line_32" HPOS="135" VPOS="1285" WIDTH="755" HEIGHT="29">
							<String ID="string_264" HPOS="135" VPOS="1285" WIDTH="193" HEIGHT="28" WC="0.90" CONTENT="Krigsministern"/><SP WIDTH="19" VPOS="1285" HPOS="328"/>
							<String ID="string_265" HPOS="347" VPOS="1285" WIDTH="23" HEIGHT="22" WC="0.96" CONTENT="af"/><SP WIDTH="18" VPOS="1285" HPOS="370"/>
							<String ID="string_266" HPOS="388" VPOS="1285" WIDTH="46" HEIGHT="22" WC="0.96" CONTENT="den"/><SP WIDTH="19" VPOS="1285" HPOS="434"/>
							<String ID="string_267" HPOS="453" VPOS="1286" WIDTH="13" HEIGHT="20" WC="0.96" CONTENT="2"/><SP WIDTH="15" VPOS="1286" HPOS="466"/>
							<String ID="string_268" HPOS="481" VPOS="1286" WIDTH="126" HEIGHT="21" WC="0.96" CONTENT="December"/><SP WIDTH="9" VPOS="1286" HPOS="607"/>
							<String ID="string_269" HPOS="616" VPOS="1286" WIDTH="44" HEIGHT="21" WC="0.96" CONTENT="N:o"/><SP WIDTH="11" VPOS="1286" HPOS="660"/>
							<String ID="string_270" HPOS="671" VPOS="1286" WIDTH="58" HEIGHT="27" WC="0.96" CONTENT="922)"/><SP WIDTH="10" VPOS="1286" HPOS="729"/>
							<String ID="string_271" HPOS="739" VPOS="1286" WIDTH="106" HEIGHT="28" WC="0.96" CONTENT="uttryckt"/><SP WIDTH="9" VPOS="1286" HPOS="845"/>
							<String ID="string_272" HPOS="854" VPOS="1285" WIDTH="36" HEIGHT="21" WC="0.96" CONTENT="sin"/>
						</TextLine>
						<TextLine ID="line_33" HPOS="136" VPOS="1319" WIDTH="754" HEIGHT="30">
							<String ID="string_273" HPOS="136" VPOS="1319" WIDTH="60" HEIGHT="28" WC="0.96" CONTENT="höga"/><SP WIDTH="18" VPOS="1319" HPOS="196"/>
							<String ID="string_274" HPOS="214" VPOS="1320" WIDTH="64" HEIGHT="29" WC="0.96" CONTENT="vilja,"/><SP WIDTH="26" VPOS="1320" HPOS="278"/>
							<String ID="string_275" HPOS="304" VPOS="1321" WIDTH="35" HEIGHT="20" WC="0.96" CONTENT="att"/><SP WIDTH="21" VPOS="1321" HPOS="339"/>
							<String ID="string_276" HPOS="360" VPOS="1320" WIDTH="68" HEIGHT="28" WC="0.96" CONTENT="ryske"/><SP WIDTH="19" VPOS="1320" HPOS="428"/>
							<String ID="string_277" HPOS="447" VPOS="1320" WIDTH="117" HEIGHT="21" WC="0.96" CONTENT="officerare"/><SP WIDTH="19" VPOS="1320" HPOS="564"/>
							<String ID="string_278" HPOS="583" VPOS="1321" WIDTH="71" HEIGHT="20" WC="0.96" CONTENT="måtte"/><SP WIDTH="19" VPOS="1321" HPOS="654"/>
							<String ID="string_279" HPOS="673" VPOS="1320" WIDTH="95" HEIGHT="21" WC="0.95" CONTENT="beredas"/><SP WIDTH="17" VPOS="1320" HPOS="768"/>
							<String ID="string_280" HPOS="785" VPOS="1319" WIDTH="105" HEIGHT="22" WC="0.95" CONTENT="tillträde"/>
						</TextLine>
						<TextLine ID="line_34" HPOS="136" VPOS="1353" WIDTH="754" HEIGHT="30">
							<String ID="string_281" HPOS="136" VPOS="1354" WIDTH="37" HEIGHT="21" WC="0.96" CONTENT="till"/><SP WIDTH="19" VPOS="1354" HPOS="173"/>
							<String ID="string_282" HPOS="192" VPOS="1354" WIDTH="27" HEIGHT="21" WC="0.96" CONTENT="de"/><SP WIDTH="18" VPOS="1354" HPOS="219"/>
							<String ID="string_283" HPOS="237" VPOS="1354" WIDTH="75" HEIGHT="21" WC="0.96" CONTENT="finska"/><SP WIDTH="19" VPOS="1354" HPOS="312"/>
							<String ID="string_284" HPOS="331" VPOS="1356" WIDTH="128" HEIGHT="27" WC="0.95" CONTENT="trupperna"/><SP WIDTH="18" VPOS="1356" HPOS="459"/>
							<String ID="string_285" HPOS="477" VPOS="1355" WIDTH="38" HEIGHT="20" WC="0.95" CONTENT="till"/><SP WIDTH="18" VPOS="1355" HPOS="515"/>
							<String ID="string_286" HPOS="533" VPOS="1354" WIDTH="42" HEIGHT="22" WC="0.96" CONTENT="och"/><SP WIDTH="18" VPOS="1354" HPOS="575"/>
							<String ID="string_287" HPOS="593" VPOS="1355" WIDTH="53" HEIGHT="21" WC="0.96" CONTENT="med"/><SP WIDTH="18" VPOS="1355" HPOS="646"/>
							<String ID="string_288" HPOS="664" VPOS="1357" WIDTH="57" HEIGHT="19" WC="0.96" CONTENT="utan"/><SP WIDTH="19" VPOS="1357" HPOS="721"/>
							<String ID="string_289" HPOS="740" VPOS="1353" WIDTH="150" HEIGHT="30" WC="0.96" CONTENT="iakttagande"/>
						</TextLine>
						<TextLine ID="line_35" HPOS="137" VPOS="1388" WIDTH="754" HEIGHT="29">
							<String ID="string_290" HPOS="137" VPOS="1388" WIDTH="23" HEIGHT="21" WC="0.96" CONTENT="af"/><SP WIDTH="26" VPOS="1388" HPOS="160"/>
							<String ID="string_291" HPOS="186" VPOS="1388" WIDTH="28" HEIGHT="21" WC="0.94" CONTENT="de"/><SP WIDTH="27" VPOS="1388" HPOS="214"/>
							<String ID="string_292" HPOS="241" VPOS="1388" WIDTH="159" HEIGHT="28" WC="0.94" CONTENT="formaliteter,"/><SP WIDTH="22" VPOS="1388" HPOS="400"/>
							<String ID="string_293" HPOS="422" VPOS="1396" WIDTH="49" HEIGHT="14" WC="0.95" CONTENT="som"/><SP WIDTH="18" VPOS="1396" HPOS="471"/>
							<String ID="string_294" HPOS="489" VPOS="1389" WIDTH="166" HEIGHT="28" WC="0.95" CONTENT="förordningen"/><SP WIDTH="19" VPOS="1389" HPOS="655"/>
							<String ID="string_295" HPOS="674" VPOS="1389" WIDTH="23" HEIGHT="21" WC="0.95" CONTENT="af"/><SP WIDTH="18" VPOS="1389" HPOS="697"/>
							<String ID="string_296" HPOS="715" VPOS="1389" WIDTH="44" HEIGHT="21" WC="0.96" CONTENT="den"/><SP WIDTH="19" VPOS="1389" HPOS="759"/>
							<String ID="string_297" HPOS="778" VPOS="1389" WIDTH="30" HEIGHT="20" WC="0.96" CONTENT="29"/><SP WIDTH="20" VPOS="1389" HPOS="808"/>
							<String ID="string_298" HPOS="828" VPOS="1389" WIDTH="63" HEIGHT="20" WC="0.96" CONTENT="Mars"/>
						</TextLine>
						<TextLine ID="line_36" HPOS="139" VPOS="1422" WIDTH="752" HEIGHT="28">
							<String ID="string_299" HPOS="139" VPOS="1422" WIDTH="64" HEIGHT="22" WC="0.85" CONTENT="1858"/><SP WIDTH="27" VPOS="1422" HPOS="203"/>
							<String ID="string_300" HPOS="230" VPOS="1422" WIDTH="155" HEIGHT="28" WC="0.85" CONTENT="föreskrifver,"/><SP WIDTH="27" VPOS="1422" HPOS="385"/>
							<String ID="string_301" HPOS="412" VPOS="1430" WIDTH="52" HEIGHT="14" WC="0.92" CONTENT="men"/><SP WIDTH="30" VPOS="1430" HPOS="464"/>
							<String ID="string_302" HPOS="494" VPOS="1423" WIDTH="100" HEIGHT="21" WC="0.88" CONTENT="Senaten"/><SP WIDTH="18" VPOS="1423" HPOS="594"/>
							<String ID="string_303" HPOS="612" VPOS="1423" WIDTH="35" HEIGHT="21" WC="0.96" CONTENT="för"/><SP WIDTH="18" VPOS="1423" HPOS="647"/>
							<String ID="string_304" HPOS="665" VPOS="1422" WIDTH="101" HEIGHT="22" WC="0.96" CONTENT="Finland"/><SP WIDTH="17" VPOS="1422" HPOS="766"/>
							<String ID="string_305" HPOS="783" VPOS="1422" WIDTH="42" HEIGHT="22" WC="0.96" CONTENT="har"/><SP WIDTH="18" VPOS="1422" HPOS="825"/>
							<String ID="string_306" HPOS="843" VPOS="1422" WIDTH="48" HEIGHT="22" WC="0.96" CONTENT="tills"/>
						</TextLine>
						<TextLine ID="line_37" HPOS="137" VPOS="1456" WIDTH="755" HEIGHT="29">
							<String ID="string_307" HPOS="137" VPOS="1456" WIDTH="55" HEIGHT="22" WC="0.95" CONTENT="dato"/><SP WIDTH="28" VPOS="1456" HPOS="192"/>
							<String ID="string_308" HPOS="220" VPOS="1456" WIDTH="50" HEIGHT="22" WC="0.96" CONTENT="icke"/><SP WIDTH="27" VPOS="1456" HPOS="270"/>
							<String ID="string_309" HPOS="297" VPOS="1456" WIDTH="102" HEIGHT="29" WC="0.96" CONTENT="vidtagit"/><SP WIDTH="26" VPOS="1456" HPOS="399"/>
							<String ID="string_310" HPOS="425" VPOS="1458" WIDTH="74" HEIGHT="27" WC="0.92" CONTENT="några"/><SP WIDTH="19" VPOS="1458" HPOS="499"/>
							<String ID="string_311" HPOS="518" VPOS="1456" WIDTH="108" HEIGHT="23" WC="0.92" CONTENT="ätdärder"/><SP WIDTH="19" VPOS="1456" HPOS="626"/>
							<String ID="string_312" HPOS="645" VPOS="1457" WIDTH="35" HEIGHT="22" WC="0.93" CONTENT="för"/><SP WIDTH="18" VPOS="1457" HPOS="680"/>
							<String ID="string_313" HPOS="698" VPOS="1456" WIDTH="151" HEIGHT="22" WC="0.96" CONTENT="utarbetande"/><SP WIDTH="20" VPOS="1456" HPOS="849"/>
							<String ID="string_314" HPOS="869" VPOS="1456" WIDTH="23" HEIGHT="22" WC="0.96" CONTENT="af"/>
						</TextLine>
					</TextBlock>
				</ComposedBlock>
			</PrintSpace>
		</Page>
	</Layout>
</alto>
