1111 1781
260 152 34 21 54

224 219 222 30 truppafdelningar
464 218 28 22 de
511 218 56 22 böra
586 217 99 22 inkallas
705 218 119 21 äfvensom
842 217 83 29 början
942 218 44 21 och

224 253 198 30 långvarigheten
450 253 23 21 af
498 253 187 28 öfningsmötena
703 252 41 21 vid
762 252 28 21 de
808 252 80 21 finska
905 254 81 27 trupp-

225 289 181 28 afdelningarna
432 295 54 21 eger
513 295 50 13 rum
584 287 81 28 hvarje
683 287 63 28 gång
764 287 30 28 på
812 286 175 29 framställning

224 323 24 22 af
274 322 204 30 Krigsministern,
504 329 84 20 genom
618 320 99 22 särskild
743 320 79 29 Nådig
848 321 137 28 befallning,

224 357 126 22 meddelad
368 356 37 22 till
424 356 86 22 allmän
528 355 132 22 kännedom
678 355 9 20 i
705 355 82 28 början
806 355 23 21 af
848 355 56 21 året.

435 429 41 18 Art.
494 428 40 19 104
555 427 37 20 och
613 428 40 19 105
669 427 99 20 fastställa
783 427 203 25 grundstadgandena

365 457 102 25 angående
489 456 152 25 öfningsmöten,
664 456 67 19 hvilka
749 456 6 19 i
771 456 31 19 sin
820 456 68 19 vidare
903 456 82 19 utveck-

365 486 42 24 ling
430 485 67 19 kunna
512 486 71 17 nästan
598 484 42 19 helt
655 485 38 18 och
709 484 60 20 hållet
785 484 99 25 tillämpas
900 485 25 24 på
940 485 45 19 Fin-

365 514 46 19 land
433 514 6 19 i
463 513 38 20 den
523 513 56 22 form,
599 519 42 13 som
657 515 22 17 är
694 513 83 24 stadgad
792 513 5 19 i
813 513 42 18 Mil.
871 513 42 19 förf.
929 513 56 19 saml.

365 542 44 19 Men
426 541 122 20 beträffande
568 541 127 19 förenämnda
710 541 190 25 grundstadganden
916 543 21 18 är
952 541 34 20 det

365 571 123 24 nödvändigt
510 572 29 17 att
561 569 47 25 ingä
630 569 26 26 pä
678 576 25 13 en
727 572 88 17 närmare
838 570 108 25 utredning
967 571 19 18 af

366 601 71 18 ämnet.

434 628 9 19 I
465 628 38 19 den
525 627 63 19 finska
610 627 186 24 värnepligtslagen,
816 633 43 12 som
876 627 110 25 medgifver

366 658 29 18 att
417 658 75 18 största
514 656 57 20 delen
594 655 19 19 af
635 655 24 19 de
683 655 117 25 uppbädade
820 655 12 19 ä
850 655 70 25 sjelfva
935 662 50 19 upp-

366 685 118 19 bädsstället
506 684 107 20 inskrifvas
635 684 121 19 omedelbart
777 684 32 19 vid
828 690 94 14 reserven
941 685 44 19 med

367 713 127 28 förbigäende
509 714 20 18 af
544 715 114 23 trupperna,
675 712 91 25 stadgas:

436 741 20 26 1)
472 742 152 24 Ofningsmöten
647 741 45 19 med
713 747 93 13 reserven
829 741 95 19 anställas
939 741 46 19 ärli-

366 777 38 19 gen
420 770 21 26 ($
458 770 25 26 9).

436 798 20 26 2)
472 799 162 19 Reservmännen
656 798 84 19 inkallas
762 798 52 19 blott
838 798 63 20 under
916 798 24 20 de
955 800 31 18 tre

366 828 63 19 första
444 827 53 28 åren,
512 827 19 19 d.
546 829 17 17 ä.
580 828 17 23 1,
614 827 11 19 2
642 826 37 20 och
695 827 12 19 3
723 826 135 20 årsklasserna
874 827 18 24 ($
910 826 25 25 9).

436 856 20 25 3)
472 856 121 24 Ofningarna
614 855 88 25 försiggä
723 856 64 18 under
802 856 29 18 för
846 855 38 19 alla
900 857 29 17 tre
944 857 41 17 mö-

367 887 46 17 tena
428 884 174 20 sammanräknadt
617 884 58 18 nittio
691 884 60 25 dagar
766 883 20 27 ($
804 884 39 25 10).

435 913 21 25 4)
472 913 44 19 Hur
538 913 59 19 dessa
620 912 57 19 nittio
700 912 60 25 dagar
775 912 85 20 fördelas
876 912 26 26 pä
916 913 25 19 de
956 914 30 18 tre

366 941 47 20 ären
436 944 52 16 samt
504 940 26 26 pä
544 941 69 19 hvilka
627 941 52 19 tider
695 943 77 17 mötena
786 947 37 19 ega
838 948 45 12 rum
899 941 86 19 faststäl-

366 970 29 20 les
410 970 20 19 af
446 970 85 19 Senaten
554 970 37 19 och
611 968 211 26 Generalguvernören
838 969 26 25 pä
879 969 106 20 framställ-

366 998 49 26 ning
437 999 20 19 af
478 998 148 20 vederbörande
641 998 52 19 befäl
707 998 20 25 ($
745 998 39 25 10).
813 998 78 19 Härvid
906 1000 22 17 är
943 998 43 19 icke

366 1029 90 17 närmare
478 1027 94 25 angifvet,
593 1026 77 20 hvilket
692 1026 49 20 befäl
758 1033 46 19 eger
818 1029 47 23 göra
880 1026 105 20 framställ-

366 1056 48 24 ning
430 1062 31 13 om
478 1055 114 20 utsättande
607 1056 20 18 af
642 1057 72 22 möten,
730 1056 52 18 hvad
797 1055 87 20 Senaten
899 1056 86 18 tillkom-

366 1090 42 14 mer
423 1086 29 18 att
474 1084 7 19 i
504 1084 55 19 detta
578 1084 34 19 fall
627 1084 68 24 afgöra
711 1084 36 20 och
762 1084 52 19 hvad
830 1084 156 24 Generalguver-

366 1115 61 18 nören
449 1113 61 25 afgör,
533 1115 52 17 samt
607 1112 54 19 hvad
684 1119 43 13 som
750 1113 98 19 erfordrar
863 1115 123 22 gemensamt

366 1142 66 19 beslut
454 1142 20 19 af
495 1142 25 19 de
543 1141 50 20 båda
615 1147 88 19 organen
725 1142 28 19 för
771 1142 39 19 den
826 1141 64 20 lokala
905 1141 80 20 förvalt-

366 1171 81 24 ningen.

436 1199 116 20 Sedermera
567 1199 36 18 har
618 1199 29 19 för
663 1199 115 24 utveckling
788 1199 19 19 af
819 1199 66 24 dessa,
894 1198 22 20 är
932 1199 54 20 1878

366 1228 118 19 föreskrifna
499 1227 132 25 stadganden,
643 1227 26 25 pä
679 1227 96 20 Senatens
790 1227 148 25 framställning
950 1227 37 20 och

366 1255 221 26 Generalguvernörens
611 1255 121 25 tillstyrkan,
755 1256 6 19 i
784 1256 84 19 Finland
890 1256 97 19 utfärdats

366 1285 124 25 »förordning
510 1284 103 25 angäende
633 1290 104 14 reservens
752 1285 135 24 organisation
903 1285 36 19 och
955 1287 31 17 ut-

366 1313 107 25 bildning»,
488 1314 60 19 hvars
563 1313 89 19 innehäll
668 1313 150 20 sammanfattas
833 1313 93 20 sälunda:

437 1342 19 25 1)
471 1342 37 19 För
532 1344 165 17 reservmännens
720 1342 114 25 utbildning
849 1342 76 19 indelas
942 1342 45 19 Fin-

366 1371 53 25 land,
440 1371 62 25 enligt
526 1370 97 20 Senatens
644 1370 71 24 beslut,
731 1371 4 18 i
752 1371 26 19 32
795 1371 192 25 reservkompanidi-

366 1399 64 24 strikt,
445 1399 93 20 förenade
554 1399 30 19 till
600 1399 12 19 8
629 1399 251 25 reservhataljonsdistrikt,
891 1402 28 17 ett
929 1399 59 20 hvart

367 1428 121 19 omfattande
504 1428 44 24 fyra
562 1427 249 25 reservkompanidistrikt.
