1111 1778
811 152 31 21 55

330 218 18 25 2)
364 217 45 20 Alla
424 217 156 26 mötesskyldige
596 219 115 18 reservmän
727 217 53 19 inom
791 217 24 20 de
826 218 54 19 kom-

259 252 78 17 muner,
352 246 66 19 hvilka
433 246 19 18 af
467 247 29 18 ett
512 245 71 19 sådant
598 245 84 20 distrikt
692 246 99 24 omfattas,
801 246 79 19 tillhöra

259 275 113 19 distriktets
387 274 168 25 reservkompani.

330 303 20 24 3)
365 303 113 18 Reservens
493 302 52 19 befäl
561 304 81 23 utgöres
658 303 30 18 af:
700 303 18 23 a)
730 302 150 20 Befälhafvaren

260 333 30 18 för
304 331 63 19 finska
381 331 106 25 militären,
503 337 41 12 som
561 331 35 18 har
611 330 97 20 inseende
722 331 56 19 öfver
793 331 44 19 hela
850 337 30 14 re-

260 366 78 17 serven,
354 361 51 17 samt
425 358 18 26 b)
461 359 34 19 det
511 358 22 20 så
549 358 74 19 kallade
639 359 104 25 »ständiga
758 359 122 19 reservbefä-

260 388 42 24 let»,
327 387 108 20 bestående
458 387 20 19 af
500 387 246 19 Distriktsstabsofficeren
769 388 28 18 för
812 387 68 25 hvarje

259 416 186 25 bataljonsdistrikt,
469 422 25 13 en
517 415 145 25 kompanichef,
686 422 25 12 en
734 416 98 24 fältväbel,
855 422 26 13 en

260 446 136 22 rustmästare,
412 444 43 24 fyra
479 444 249 25 plutonsunderofficerare
743 444 37 19 och
795 450 24 14 en
835 444 45 20 fält-

260 474 46 19 skär
321 473 29 19 för
366 472 66 25 hvarje
447 472 177 26 kompanidistrikt.

329 501 82 19 Utöfver
433 501 148 19 ofvannämnda
603 507 97 19 personer
722 501 128 19 underhälles
869 501 12 19 &

261 530 139 19 motsvarande
415 530 67 18 aktiva
497 530 63 18 finska
577 530 250 24 skarpskyttebataljoners
841 532 40 17 stat

260 565 25 14 en
302 558 85 20 särskild
402 558 226 25 instruktionspersonal
644 557 119 26 (bestående
778 558 19 19 af
810 564 24 14 en
846 564 34 14 su-

260 587 151 23 balternofficer,
434 588 13 18 4
470 587 171 23 underofficerare,
665 588 13 18 4
697 587 103 25 gefrejtrar
815 587 37 19 och
868 588 12 18 2

260 616 115 24 signalister
393 616 30 18 för
437 615 68 25 hvarje
520 615 189 25 kompanidistrikt),
725 615 79 20 hvilken
819 617 62 23 ytter-

261 645 61 24 ligare
344 644 107 19 förstärkes
473 650 72 18 genom
567 644 164 25 kommendering
750 644 19 19 af
783 646 29 17 ett
827 644 54 19 antal

261 673 164 19 underofficerare
447 673 37 18 och
506 672 103 25 gefrejtrar
624 672 44 19 frän
686 672 144 25 bataljonernas
845 673 36 18 all-

260 703 74 17 männa
350 703 98 22 numerär,
466 701 64 24 enligt
546 701 160 19 Befälhafvarens
722 701 29 19 för
766 701 63 19 finska
845 701 35 19 mi-

261 730 70 19 litären
348 730 97 24 pröfning.

330 758 21 25 4)
366 758 39 19 Det
418 758 92 25 ständiga
521 757 81 19 befälets
613 757 154 25 hufvudsakliga
777 757 104 25 äliggande

261 788 81 24 utgöres
358 786 19 19 af
392 792 104 14 reservens
512 786 123 24 utbildning;
653 786 47 19 dess
715 786 61 25 öfriga
791 786 89 25 äliggan-

261 816 39 18 den
322 815 44 19 åter
384 815 43 19 afse
442 814 183 26 upprätthållandet
640 815 20 18 af
676 815 104 19 militärisk
796 814 86 25 ordning

261 844 37 20 och
321 843 93 25 disciplin
437 845 52 17 samt
511 843 127 19 underhället
662 844 36 18 och
722 844 103 18 ekonomin
849 843 32 19 vid

262 872 141 25 kompanierna
419 872 64 19 under
497 872 165 24 öfningsmötena.

332 900 71 20 Vidare
419 900 54 26 spela
489 900 269 25 reservkompanidistrikten
769 900 44 19 med
824 900 58 20 deras

262 929 93 25 ständiga
377 929 51 19 befäl
452 935 24 13 en
501 929 79 24 mycket
598 929 48 19 liten
664 929 29 19 rol
710 929 34 19 vid
759 929 24 19 de
797 929 85 19 förbere-

261 958 65 19 dande
349 958 36 19 och
405 957 255 25 värkställighetsarbetena
675 958 30 19 för
719 963 104 14 reservens
839 963 42 13 mo-

262 986 107 25 bilisering,
384 986 128 19 alldenstund
527 986 55 19 detta
597 986 52 19 befäl
664 986 43 19 icke
722 986 29 19 för
766 986 50 19 rulla
828 986 54 19 öfver

262 1021 93 13 reserven
371 1015 36 19 och
422 1015 43 19 icke
481 1015 82 19 befattar
579 1014 31 25 sig
626 1015 46 19 med
682 1015 47 19 dess
739 1014 142 26 uppbädande;

262 1044 32 19 vid
317 1043 118 20 inträffande
458 1043 85 25 krigstid
564 1043 102 20 användes
688 1043 45 20 hela
748 1043 33 19 det
797 1043 86 19 nämnda

262 1072 91 24 ständiga
375 1072 77 24 befälet,
474 1072 5 18 i
503 1072 96 18 händelse
618 1071 128 20 landtvärnet
767 1071 115 25 uppställes,

262 1101 30 19 till
308 1100 133 26 uppsättning
456 1101 19 18 af
489 1100 196 19 landtvärnskadrar.

332 1129 88 19 Sälunda
443 1129 92 24 äsyftade
557 1129 25 19 de
606 1134 101 19 personer,
730 1134 41 14 som
788 1128 95 25 uppgjort

262 1158 39 19 den
324 1158 64 19 finska
411 1157 181 25 värnepligtslagen
613 1158 37 18 och
672 1157 161 25 förordningarna
848 1162 34 14 an-

262 1186 78 26 gäende
362 1192 98 18 reserven,
479 1186 156 25 uppenbarligen
652 1188 29 17 att
696 1186 128 19 koncentrera
838 1185 46 19 hela

263 1215 156 25 tyngdpunkten
434 1215 6 19 i
456 1215 164 24 författningarna
636 1221 32 13 om
684 1220 93 14 reserven
795 1214 26 25 pä
836 1214 47 19 den-

262 1250 36 13 nas
322 1244 119 24 utbildning,
465 1243 159 19 öfverlemnande
646 1243 37 19 allt
706 1243 33 19 det
760 1243 62 25 öfriga
840 1248 43 14 som

262 1272 57 20 rörde
335 1278 93 13 reserven
443 1271 21 20 ät
479 1272 38 19 den
533 1271 59 20 civila
608 1272 105 24 styrelsen.
743 1271 56 19 Inom
815 1271 69 25 Krigs-

263 1300 105 20 ministerii
393 1300 162 25 centralstyrelse
580 1300 106 20 förefinnas
712 1300 48 24 inga
787 1300 97 24 skriftliga

262 1329 104 26 uppgifter
381 1329 38 19 och
433 1329 52 19 intet
501 1328 95 24 material,
611 1334 43 14 som
670 1329 53 25 legat
738 1328 30 20 till
779 1328 65 25 grund
854 1328 30 20 för

262 1358 151 19 betänkandena
429 1358 33 18 vid
478 1357 126 20 utfärdandet
619 1358 20 18 af
654 1357 127 20 förenämnda
796 1356 88 26 lagstad-

263 1386 85 26 ganden,
371 1392 46 14 men
441 1386 34 20 det
497 1388 23 17 är
542 1386 74 24 tydligt
638 1388 30 17 att
689 1386 39 19 den
742 1385 64 20 lokala
821 1385 64 19 finska

264 1415 107 24 styrelsen,
394 1414 91 25 ömtåligt
513 1414 100 19 värnande
635 1414 39 19 alla
696 1414 44 19 sina
763 1414 22 19 sä
807 1414 77 19 kallade

263 1443 122 25 grundlagar
407 1443 38 19 och
467 1443 119 20 försonande
605 1443 30 24 sig
651 1443 45 19 med
712 1442 173 25 nödvändigheten

263 1472 20 19 af
299 1472 39 19 den
354 1471 100 20 allmänna
477 1471 149 25 värnepligtens
641 1471 109 24 införande,
764 1471 62 19 likväl
841 1471 44 19 icke
