1123 1773
840 137 12 21 5

126 205 68 23 blefve
213 205 112 22 faststäldt
340 205 54 22 efter
409 205 189 28 Krigsministerns
613 204 108 29 pröfning,
737 205 7 22 i
760 205 41 22 den
817 205 67 28 enligt

127 242 40 21 art.
184 241 11 21 7
211 241 7 21 i
233 240 103 28 förslaget
358 240 33 22 till
413 240 174 29 Värnepligtslag
608 240 35 22 för
656 240 92 23 Finland
763 240 121 28 stadgande

128 275 99 27 ordning.

192 309 111 28 Härjemte
318 309 39 22 har
370 309 38 28 jag
422 309 101 22 hemstält
538 309 37 22 det
591 309 84 22 täcktes
689 309 62 22 Hans
764 308 120 29 Kejserliga

127 344 112 28 Majestät:

199 378 69 22 under
282 378 119 27 förklaring
417 379 34 21 att
466 377 156 23 ofvanberörda
637 377 74 28 frågor
726 378 112 27 angående
850 379 34 20 ut-

125 413 116 28 jemnande
260 413 24 22 af
301 413 40 21 den
357 412 114 28 personela
487 413 39 21 och
540 411 113 23 finansiela
668 412 216 28 värnepligtstungan

128 448 6 21 i
156 447 91 22 Finland
269 447 39 22 och
329 447 8 22 i
359 447 163 27 Kejsaredömet
545 446 109 23 äfvensom
675 447 40 21 den
731 447 7 21 i
753 446 131 22 sistanförda

128 483 94 21 moment
244 481 105 28 ingående
371 481 163 28 bestämningen
557 487 35 16 om
615 481 190 27 Krigsministerns
826 480 58 22 befo-

128 515 77 29 genhet
228 515 61 22 skola
309 515 114 22 betraktas
442 515 70 22 såsom
528 515 109 22 allmänna
651 515 233 28 riksangelägenheter,

128 564 28 3 —
172 551 8 22 i
197 551 72 21 Nåder
284 550 107 22 anbefalla
406 552 33 20 att
456 550 108 22 desamma
580 550 62 22 skola
656 550 74 22 vidare
744 549 118 23 behandlas
877 550 7 21 i

129 586 40 22 den
185 585 97 28 ordning,
293 591 45 16 som
349 585 69 22 finnes
429 584 100 23 faststäld
539 585 7 22 i
560 585 27 22 de
600 585 41 22 den
651 586 13 21 3
675 585 97 22 sistlidne
779 584 105 23 Februari

128 619 133 23 stadfästade
283 619 211 28 Grundstadganden
517 621 64 26 samt,
604 619 7 22 i
637 619 107 22 anseende
767 619 32 22 till
821 619 63 22 deras

129 657 54 20 nära
198 654 104 23 samband
317 654 48 22 med
381 654 36 22 det
433 654 80 21 urtima
527 653 145 28 landtdagens
689 653 134 28 granskning
842 653 42 22 för-

130 690 109 22 närvande
255 689 161 22 underkastade
431 689 103 28 förslaget
548 689 33 22 till
596 689 177 28 Värnepligtslag
786 689 35 22 för
835 689 49 22 Fin-

130 724 57 27 land,
202 730 30 15 nu
248 723 140 22 öfverlemnas
404 723 32 22 till
451 723 93 22 berörda
558 723 117 28 landtdags
690 723 120 22 utlåtande.

195 753 19 27 Å
236 758 50 22 mitt
309 758 156 22 ofvananförda
480 757 275 29 föredragningsmemorial
770 757 40 23 har
825 758 60 22 Hans

129 794 102 28 Majestät
245 793 103 29 Kejsaren
364 793 93 28 behagat
472 793 41 22 den
528 794 28 21 23
571 792 146 23 innevarande
731 793 60 22 Mars
805 793 80 27 Högst-

130 828 144 28 egenhändigt
289 828 78 22 teckna
381 827 94 29 följande
489 828 130 22 resolution:
637 828 84 22 »Dessa
727 828 83 28 frågor
817 828 68 25 skola,

130 864 9 20 i
154 862 104 22 anseende
278 863 34 21 till
328 863 63 21 deras
407 862 139 29 oskiljaktiga
560 862 107 22 samband
681 862 49 22 med
744 862 142 29 värnepligts-

130 898 69 28 lagen,
221 897 136 27 oförtöfvadt
379 897 143 28 öfverlemnas
544 898 36 21 till
598 898 82 21 urtima
694 897 144 28 landtdagens
852 899 34 19 ut-

131 933 107 22 låtande«.

195 967 40 22 Till
258 967 135 28 fullgörande
415 965 24 24 af
459 967 71 22 denna
550 966 86 29 Nådiga
657 966 117 29 befallning
796 965 33 24 får
848 967 38 28 jag

129 1002 79 22 härhos
223 1002 128 22 öfversända
366 1002 85 23 afskrift
466 1002 23 22 af
502 1003 40 21 den
558 1002 36 22 vid
608 1002 165 23 Hufvudstaben
784 1002 102 22 nedsatta

130 1037 111 22 Komiténs
263 1036 116 29 protokoll,
398 1037 7 22 i
427 1038 26 21 10
472 1037 115 29 exemplar,
611 1037 129 22 anhållande
763 1036 124 29 ödmjukast

130 1072 37 22 det
181 1071 49 23 ville
244 1071 67 22 Eders
326 1071 121 22 Excellens:

198 1107 25 27 a)
238 1106 129 22 öfverlemna
381 1106 141 23 förenämnda
536 1105 74 29 frågor
625 1106 7 21 i
647 1105 41 22 den
704 1106 7 21 i
726 1105 26 29 $$
767 1106 20 27 2,
803 1107 28 20 26
846 1105 40 22 och

130 1142 28 21 50
179 1141 246 28 Landtdagsordningen
453 1141 23 22 af
501 1141 24 22 år
549 1141 55 22 1869
630 1140 87 29 angifna
740 1141 92 27 ordning
853 1140 33 22 till

130 1175 133 22 Ständernas
277 1175 36 22 vid
324 1175 41 22 den
376 1182 29 16 nu
418 1176 112 27 pågående
539 1175 82 23 urtima
631 1175 132 28 landtdagen
771 1176 7 21 i
787 1175 100 27 Helsing-

130 1210 44 22 fors
189 1210 120 28 utlåtande,
325 1211 57 21 samt

199 1245 23 28 b)
244 1245 48 22 med
315 1245 100 22 afseende
435 1245 12 22 å
467 1246 41 21 art.
524 1246 13 21 4
552 1244 41 23 och
608 1246 13 21 5
636 1245 8 22 i
660 1242 227 30 Grundstadgandena

131 1278 23 23 af
173 1279 41 22 den
234 1280 12 21 3
266 1279 104 22 Februari
387 1280 60 26 1899,
463 1279 7 22 i
485 1279 69 22 sinom
569 1279 33 23 tid
617 1279 34 22 till
665 1279 43 30 mig
722 1279 93 22 insända
829 1278 57 23 utlå-

130 1314 80 21 tanden
232 1314 7 22 i
261 1314 68 27 sagda
350 1314 73 27 frågor
446 1315 37 26 (m.
499 1320 27 15 m.
544 1315 54 21 1—7
614 1314 7 23 i
637 1314 70 21 denna
729 1313 121 27 skrifvelse)
866 1312 23 22 af

130 1348 138 27 landtdagen,
283 1347 95 23 Senaten
393 1348 108 23 äfvensom
517 1348 23 22 af
552 1348 69 22 Eders
636 1348 110 23 Excellens
762 1347 40 23 och
817 1347 70 22 Gene-

131 1383 166 29 ralguvernören
320 1383 59 23 öfver
401 1383 98 27 Finland,
514 1383 29 30 pä
558 1382 38 23 det
607 1383 39 28 jag
660 1383 128 26 sedermera,
801 1382 86 33 jemlikt
