1109 1811
838 166 13 21 5

131 236 94 20 rotarna
251 234 97 22 fortfara
375 237 36 18 att
437 235 107 28 existera,
566 234 72 22 sedan
656 235 67 21 deras
741 233 146 23 verksamhet

131 268 61 22 blott
209 269 122 28 vilkorligt
349 269 80 21 blifvit
445 269 94 22 instäld.
567 269 138 22 Emellertid
718 273 25 17 är
755 269 40 21 det
806 268 81 28 kändt,

132 305 35 19 att
184 303 45 21 den
247 303 116 21 allmänna
381 303 163 29 värnepligten
556 303 103 22 infördes
673 303 65 22 såväl
750 304 9 20 i
771 303 117 29 Ryssland

132 344 49 15 som
199 337 43 22 ock
254 337 8 21 i
275 337 101 22 Finland
388 337 95 22 alldeles
499 338 51 21 icke
564 338 125 28 vilkorligt
698 340 57 20 utan
765 337 122 27 definitivt,

132 372 52 22 med
201 371 163 30 upphäfvande
383 372 23 21 af
425 372 45 22 alla
489 372 84 22 dittills
591 372 111 28 gällande
720 374 86 26 system
818 372 23 22 af
853 372 35 21 in-

133 407 62 21 delta
212 409 96 26 trupper
326 406 8 21 i
352 406 109 28 Finland,
479 407 253 28 rekrytutskrifningar
749 407 9 21 i
773 406 116 29 Ryssland

133 450 28 13 m.
185 449 37 19 m.,
245 440 107 22 hvarföre
379 440 130 22 rusthållen
527 440 43 22 och
588 443 95 20 rotarna
702 441 43 21 alls
763 442 51 20 icke
832 441 57 21 böra

132 480 96 18 nämnas
237 475 9 21 i
255 475 74 29 lagen,
344 475 150 22 alldenstund
507 476 58 21 efter
578 476 134 22 införandet
731 476 23 21 af
771 475 118 29 personlig

133 510 132 28 värnepligt
289 510 72 28 något
383 512 72 20 annat
473 512 87 26 system
577 510 52 22 icke
647 510 80 22 vidare
739 510 48 22 kan
805 510 84 28 ifräga-

133 545 98 21 komma.
251 544 44 21 Att
307 544 128 22 rusthållen
445 544 44 22 och
498 547 95 19 rotarna
603 545 8 21 i
620 544 145 22 närvarande
776 544 35 22 tid
820 544 69 22 förlo-

134 582 36 19 rat
187 578 80 29 hvarje
284 578 120 29 betydelse
416 579 9 21 i
437 579 137 21 militäriskt
587 579 107 22 afseende
706 579 103 28 framgår
821 579 69 21 äfven

136 613 69 27 deraf,
224 615 35 19 att
268 613 74 28 enligt
351 613 93 28 Nådiga
453 613 168 29 förordningen
631 613 44 22 den
686 614 14 21 5
711 613 102 29 Augusti
824 613 64 21 1886

135 647 118 29 upphörde
263 647 134 22 tillochmed
408 647 45 22 den
461 648 168 29 vakansafgift,
637 655 48 14 som
695 647 193 28 rotehemmanen,

134 682 80 22 hvilka
232 681 59 22 ända
309 682 37 21 till
363 682 176 29 värnepligtens
558 683 121 21 införande
698 683 107 28 utgjorde
821 689 69 21 grun-

135 716 45 22 den
203 716 36 21 för
263 716 91 21 landets
372 716 152 28 härväsende,
542 717 144 22 fortfarande
705 717 80 28 erlagt.
821 717 69 20 Rust-

135 751 88 21 hållens
247 751 43 21 och
312 753 104 19 rotarnes
435 751 136 29 skyldighet
589 754 34 19 att
641 751 118 29 uppställa
777 751 114 28 krigsfolk

135 785 47 22 blef
209 785 51 22 dem
287 785 98 28 aflyftad
412 785 36 22 för
475 786 68 21 alltid
561 786 52 21 från
632 786 44 21 den
699 785 70 22 stund
787 786 40 21 det
843 793 47 20 nya

136 822 109 27 systemet
263 820 22 21 af
304 820 85 21 allmän
407 820 135 29 värnepligt
559 820 113 22 infördes:
691 820 98 21 derefter
807 820 83 21 befria-

136 854 39 22 des
194 854 27 21 de
238 855 135 28 ytterligare
391 854 52 22 från
456 854 45 22 den
518 855 154 21 kvarstående
682 855 164 28 skyldigheten
856 856 35 19 att

136 889 93 28 erlägga
241 889 188 27 vakansafgiften
441 889 9 21 i
463 889 138 29 penningar,
611 889 82 21 hvaraf
706 889 106 29 tydligen
823 896 67 21 synes

136 925 36 20 att
189 923 27 21 de
234 923 97 21 förlorat
348 922 81 30 hvarje
447 924 121 28 betydelse
581 924 8 20 i
601 923 46 21 den
659 924 102 21 militära
773 924 118 28 organisa-

136 958 86 21 tionen.
258 957 12 21 I
287 957 58 29 följd
365 958 23 20 af
406 958 40 20 det
458 958 72 28 sagda
542 958 42 22 har
595 958 113 21 Komitén
721 960 76 20 ansett
809 958 83 28 nödigt

135 992 102 21 utesluta
255 993 13 25 $
288 992 13 20 2
320 992 8 20 i
346 992 110 28 gällande
475 992 76 22 finska
567 992 40 29 lag
620 992 44 22 och
677 995 85 19 ersätta
775 992 116 22 den
822 988 12 38 i
843 992 48 22 för-

136 1026 74 29 slaget
227 1026 52 22 med
298 1026 99 22 artikeln
417 1027 13 20 2
451 1026 23 22 af
492 1026 175 30 Kejsardömets
685 1027 46 28 lag.

205 1096 45 20 Art.
266 1098 20 19 3.
314 1096 11 20 I
337 1095 109 29 gällande
459 1096 186 28 värnepligtslag
657 1096 36 22 för
705 1095 101 22 Finland
818 1095 73 21 finnes

136 1130 20 28 ej
184 1130 77 28 någon
288 1130 123 29 anvisning
438 1130 62 21 huru
522 1131 76 21 finnar
619 1130 80 22 kunna
717 1130 104 22 frikallas
839 1130 51 21 från

136 1165 66 28 ryskt
228 1164 194 29 undersäteskap;
449 1173 54 13 men
525 1165 149 22 alldenstund
693 1165 82 28 frågan
793 1172 37 14 om
847 1164 45 21 den

136 1198 70 28 ålder,
224 1199 40 21 vid
282 1199 95 21 hvilken
395 1199 86 27 finnen,
501 1201 74 20 såsom
588 1199 101 22 varande
702 1200 55 28 rysk
769 1199 123 21 undersäte

137 1232 43 22 och
198 1232 87 22 således
303 1233 101 29 lydande
423 1233 74 21 under
516 1234 75 21 denna
609 1234 46 28 lag,
674 1234 47 21 kan
733 1234 96 28 utflytta
841 1233 51 21 från

136 1268 162 28 Kejsardömet
315 1270 57 20 utan
390 1268 94 28 förfång
502 1268 37 22 för
556 1268 164 29 värnepligten
732 1268 43 22 och
786 1270 59 20 utan
857 1270 36 18 att

136 1302 90 21 kränka
253 1302 50 22 dess
330 1302 202 29 grundprinciper,
551 1310 67 21 synes
641 1305 86 26 ytterst
749 1303 83 28 vigtig,
850 1301 43 22 har

136 1336 117 28 Komitén,
272 1344 48 14 som
344 1337 79 21 funnit
447 1337 40 21 det
508 1345 57 13 vara
583 1337 145 29 fullkomligt
745 1337 95 21 rättvist
857 1338 36 20 att

136 1370 106 29 tillämpa
260 1372 30 27 på
308 1371 113 21 Finlands
440 1372 112 21 invånare
571 1371 27 21 de
616 1371 139 29 fordringar,
774 1378 50 15 som
837 1371 55 28 Kej-

137 1404 125 22 sardömets
284 1406 39 28 lag
341 1406 8 20 i
367 1406 64 21 detta
457 1406 109 21 afseende
584 1406 135 28 uppställer,
737 1406 63 22 velat
817 1405 76 22 införa

136 1440 8 21 i
163 1439 110 29 förslaget
291 1440 37 21 till
345 1440 61 21 finsk
424 1440 40 28 lag
484 1440 62 29 3:dje
559 1440 100 22 artikeln
671 1440 9 21 i
693 1440 142 22 sistnämnda
846 1440 45 28 lag.
