1111 1773
248 132 15 20 8

212 200 116 29 ningarna
346 202 23 21 af
387 202 44 21 den
451 202 31 21 23
501 202 64 27 Juni,
587 202 30 21 16
637 202 102 21 Oktober
758 201 43 21 och
823 202 28 20 13
870 201 98 22 Novem-

212 235 41 21 ber
279 236 65 21 1854
368 239 60 19 samt
448 236 45 22 den
517 237 29 21 13
565 236 128 22 December
714 234 74 30 1855)
807 236 48 21 blef
872 236 96 21 militär-

211 272 103 26 tungans
330 270 129 29 utgörande
472 271 74 27 enligt
557 271 247 28 indelningssystemet
816 270 153 28 provisoriskt

212 304 124 22 återstäldt
366 306 41 20 och
435 305 190 29 vakansafgiften
653 304 124 28 afskaffad;
806 312 52 14 men
884 312 83 20 genom

211 338 193 30 förordningarna
432 340 22 21 af
483 340 64 21 1867
573 340 54 27 (den
653 340 30 21 25
709 339 111 27 Oktober)
839 338 43 22 och
903 339 63 21 1868

212 372 54 27 (den
285 374 29 20 21
335 374 76 28 April)
429 374 78 22 blefvo
526 374 28 21 de
566 374 76 22 finska
657 374 310 28 skarpskyttebataljonerna

210 408 108 28 upplösta
346 408 41 22 och
415 409 197 28 vakansafgiften,
637 408 22 22 d.
684 416 21 14 v.
724 416 16 13 s.
760 408 98 28 afgiften
877 408 34 21 för
929 408 38 22 be-

212 442 76 21 frielse
307 442 52 23 frän
377 443 147 22 underhället
542 444 23 21 af
583 443 126 29 krigsman,
729 444 59 27 änyo
808 442 82 22 införd.
928 442 38 22 Se-

211 477 104 22 dermera
342 478 46 21 blef
415 486 83 21 genom
527 478 165 28 förordningen
716 477 23 22 af
760 478 44 21 den
830 478 13 21 5
865 477 102 29 Augusti

213 512 64 21 1886
305 513 195 28 vakansafgiften,
528 513 95 22 hvilken
651 514 85 19 ersatte
763 513 133 28 roteringen
924 512 42 21 och

211 553 47 14 som
283 550 62 18 ännu
369 547 77 21 kunde
469 547 118 21 betraktas
606 548 75 20 säsom
700 555 28 13 en
746 547 122 21 kvarlefva
886 547 23 21 af
927 546 39 21 det

211 581 66 21 forna
294 581 222 29 indelningsverket,
536 582 48 21 helt
597 581 43 22 och
653 581 72 22 hållet
738 581 110 29 upphäfd,
862 581 44 22 och
920 581 45 21 kan

210 615 98 22 sälunda
326 616 53 21 hela
397 616 40 21 det
456 616 22 21 af
496 616 99 22 svenska
613 616 126 28 konungen
756 616 58 21 Karl
827 616 35 21 XI
865 611 14 37 i
896 616 70 21 slutet

210 649 23 22 af
251 650 117 29 sjuttonde
388 651 158 21 århundradet
563 651 92 22 införda
667 653 111 26 systemet
792 651 34 20 för
838 651 127 20 militärens

209 685 162 28 uppställning
390 685 43 22 och
451 685 122 22 underhåll
592 693 66 14 anses
677 685 94 22 alldeles
790 685 131 21 afskaffadt.

278 719 11 21 I
302 719 36 22 sin
351 719 160 29 underdåniga
524 720 186 21 svarsskrifvelse
723 719 96 22 anförde
833 719 130 28 ständerna,

209 753 73 21 bland
306 757 81 18 annat:
411 757 49 26 ,att
480 756 13 25 8
519 755 13 20 2
554 755 51 21 icke
624 755 43 21 har
685 754 88 22 formen
792 755 23 20 af
833 756 34 19 ett
885 753 79 22 defini-

209 788 45 21 tivt
279 788 165 28 upphäfvande
471 789 23 21 af
518 789 38 21 det
574 789 90 21 indelta
682 789 205 28 militärsystemet,
906 791 57 18 utan

209 826 25 17 är
262 823 98 21 affattad
384 824 74 21 såsom
480 831 28 14 en
527 821 168 31 suspendering
714 823 65 22 deraf
797 824 29 27 på
845 823 118 21 obestämd

208 856 42 27 tid,
269 857 47 21 kan
340 857 51 21 icke
416 858 109 28 fråntaga
548 859 26 25 $$
600 859 19 26 1,
639 859 22 25 2,
681 858 42 21 och
743 859 13 20 3
776 858 16 26 (i
811 857 152 29 värnepligts-

208 892 69 27 lagen
298 892 36 21 för
355 892 111 27 Finland)
487 893 136 28 betydelsen
642 893 23 21 af
683 895 35 19 att
737 893 74 21 blifva
828 892 109 28 gällande
955 892 8 20 i

208 926 79 21 stället
307 926 34 22 för
360 928 12 24 $
393 927 30 21 18
442 928 7 20 i
465 927 238 28 Regeringsformen".
731 927 83 21 Denna
827 926 136 22 ständernas

208 960 109 29 tolkning
335 961 48 21 kan
401 962 51 20 icke
470 962 75 28 gillas,
564 962 29 21 då
611 962 124 28 grundlag,
754 962 76 20 såsom
842 961 74 21 kändt
932 964 31 24 är,

207 995 47 27 just
279 994 89 22 derföre
397 1004 66 13 anses
487 996 35 22 för
543 996 79 27 sådan,
645 999 34 18 att
698 996 44 21 den
761 996 80 28 skiljer
859 996 35 28 sig
912 996 51 20 från

208 1028 73 22 andra
298 1030 67 28 lagar
382 1037 84 21 genom
484 1033 71 19 större
573 1030 83 29 stadga
675 1031 43 21 och
731 1030 165 28 beständighet
909 1030 54 21 eller

208 1066 34 18 att
261 1064 45 21 den
325 1064 50 21 icke
395 1068 25 18 är
438 1065 143 28 provisorisk
598 1065 57 21 eller
673 1065 111 28 tillfällig.
814 1065 12 21 I
844 1064 65 22 detta
922 1064 41 21 fall

206 1098 66 26 gifva
300 1098 58 22 dock
377 1099 125 21 ständerna
520 1099 248 29 grundlagsbetydelse
786 1100 25 20 åt
829 1102 33 18 ett
880 1098 83 22 sådant

207 1132 129 28 stadgande
355 1134 8 20 i
381 1135 13 25 $
414 1134 22 27 2,
455 1141 48 14 som
522 1134 72 28 enligt
612 1133 67 22 deras
697 1142 57 20 egen
768 1134 110 28 tolkning
890 1136 73 18 veter-

206 1166 64 28 ligen
289 1171 26 17 är
332 1168 154 27 provisoriskt
504 1168 42 22 och
565 1168 126 28 vilkorligt.

276 1201 56 21 Sina
351 1202 80 21 vidare
450 1205 145 25 argumenter
613 1202 60 22 hade
692 1202 126 22 ständerna
830 1202 51 21 icke
894 1209 68 21 grup-

206 1238 66 24 perat
296 1236 70 28 kring
387 1236 28 22 de
435 1237 113 21 särskilda
571 1237 167 28 paragraferna
759 1237 8 21 i
785 1236 178 29 värnepligtsla-

205 1277 52 20 gen,
276 1272 58 20 utan
352 1272 150 20 sammanfört
520 1271 52 22 dem
591 1271 43 22 och
652 1272 51 21 med
723 1279 28 13 en
770 1271 97 22 allmänt
886 1270 76 22 hållen

205 1304 141 29 motivering
373 1306 102 28 påpekat
499 1306 204 28 nödvändigheten
727 1306 23 21 af
770 1308 34 19 att
823 1306 36 21 till
876 1305 86 29 grund-

205 1338 97 28 lagarna
320 1339 124 22 hänfördes
464 1342 27 25 $$
511 1341 21 27 3,
552 1340 21 27 4,
594 1341 21 27 5,
636 1341 21 27 6,
678 1341 21 27 9,
721 1341 37 26 13,
779 1340 31 21 20
830 1340 42 21 och
894 1340 67 20 123i

204 1373 222 29 värnepligtslagen.

276 1408 44 20 Vid
344 1408 174 22 skärskådande
542 1408 22 22 af
582 1408 137 22 ständernas
739 1409 145 28 ståndpunkt
902 1409 8 21 i
929 1408 33 22 af-

204 1442 83 20 seende
306 1450 14 14 å
337 1443 159 28 nyssnämnda
514 1444 133 28 paragrafer
666 1443 63 22 finna
741 1444 24 21 vi
777 1443 110 21 hurusom
900 1445 62 19 stän-
