1114 1786
822 149 26 21 35

118 217 130 27 Wiborgska
260 217 204 27 jägarregementet,
481 222 45 16 som
542 216 7 21 i
564 216 60 22 Mars
642 216 80 22 månad
740 217 52 21 1813
809 216 69 28 afgick

118 251 32 22 till
165 250 33 23 S:t
213 250 131 28 Petersburg
359 251 33 21 för
408 250 150 28 vakthållning
572 250 8 22 i
595 250 175 28 Kejsaredömets
787 250 91 22 hufvud-

119 286 55 26 stad,
198 285 94 22 derifrån
315 286 79 20 nästan
415 284 41 22 alla
480 286 90 25 trupper
592 284 70 22 blifvit
677 284 201 22 afkommenderade

119 320 33 21 till
167 319 219 28 krigsskådeplatsen.
418 319 10 21 I
443 319 33 22 S:t
495 319 132 28 Petersburg
642 319 90 27 kvarlåg
747 320 131 26 regementet

119 354 33 21 till
171 353 93 28 Augusti
283 353 79 22 månad
374 354 24 21 år
411 354 61 26 1814,
490 353 27 22 då
532 353 120 22 detsamma
666 353 5 22 i
682 353 54 28 följd
747 353 23 22 af
778 355 101 26 trupper-

121 394 40 16 nas
172 388 119 21 återkomst
307 387 55 22 efter
379 387 87 22 fredens
485 387 122 22 afslutande
626 387 46 22 icke
687 387 74 22 vidare
771 387 106 22 behöfdes.

121 422 64 22 Såväl
201 423 24 20 år
242 423 53 20 1812
312 429 46 15 som
377 421 61 22 äfven
455 422 69 21 under
540 421 40 22 den
592 421 94 28 följande
696 422 60 21 tiden
767 422 63 21 hafva
840 421 39 22 fin-

123 463 68 16 narne
214 457 61 21 alltid
290 457 48 21 med
353 457 119 27 fullkomlig
487 456 161 28 beredvillighet
663 457 69 21 iklädt
748 457 31 27 sig
794 457 85 27 uppoff-

121 491 74 28 ringar
210 491 33 22 för
258 491 75 22 Rikets
349 491 89 22 försvar.

189 526 43 21 Det
255 525 22 22 af
298 526 43 27 mig
363 526 48 21 med
434 526 56 21 Herr
506 525 160 22 Ordförandens
683 525 126 28 begifvande
825 532 55 21 upp-

121 561 58 21 lästa
193 560 84 28 Nädiga
292 560 124 22 manifestet
431 560 23 22 af
468 561 41 21 den
525 561 46 26 15/,,
590 561 59 21 Mars
667 562 54 20 1810
737 561 143 27 ådagalägger

121 594 96 28 tydligen
240 595 76 27 Kejsar
335 594 121 22 Alexander
471 594 29 21 I:s
516 594 88 27 afsigter
618 594 134 22 beträffande
766 594 92 21 Finland
873 594 6 21 i

122 629 117 22 allmänhet
261 629 39 21 och
323 629 27 21 de
372 628 69 22 finska
461 630 120 25 trupperna
596 629 6 20 i
618 629 122 27 synnerhet,
757 629 7 21 i
779 629 37 21 det
830 628 49 21 Han

121 663 48 22 icke
184 663 49 22 ville
247 663 71 22 införa
338 663 125 28 någonting,
480 669 45 16 som
540 663 69 22 skulle
624 663 70 22 strida
709 665 57 20 emot
780 663 100 27 gällande

121 697 42 28 lag.
194 697 29 22 Af
237 704 81 15 samma
334 698 80 27 åsigter
429 697 93 22 rörande
536 697 92 22 Finland
643 697 73 22 leddes
732 697 60 22 äfven
804 697 76 28 Kejsar

121 731 123 22 Alexander
259 732 28 21 I:s
303 732 61 27 Höge
380 731 144 22 efterträdare
538 732 30 27 på
578 731 174 28 Kejsaredömets
763 733 57 20 tron.
843 731 37 22 Uti

121 766 85 28 Nådiga
221 766 124 22 Manifestet
361 766 22 21 af
397 767 40 21 den
454 767 46 27 1!/,,
515 767 50 21 Juni
584 767 60 26 1854,
656 767 111 27 angående
778 767 102 27 återupp-

122 801 102 22 sättande
247 801 22 21 af
291 801 40 22 den
354 801 70 22 finska
443 801 81 22 indelta
548 801 112 27 militären,
677 801 112 22 anbefalde
805 801 76 27 Kejsar

123 835 87 22 Nikolai
224 835 10 22 I
251 837 33 20 att
300 836 26 21 de
338 836 7 21 i
356 835 124 22 manifestet
495 836 85 27 angifna
596 836 78 27 nådiga
690 835 192 28 bestämningarna

123 870 69 21 skulle
207 870 87 27 bringas
310 871 6 20 i
331 870 162 27 verkställighet
510 871 20 20 »i
545 871 92 27 enlighet
647 871 48 20 med
706 871 84 20 landets
798 871 83 27 grund-

123 904 64 27 lagar
203 904 38 21 och
254 904 104 28 gällande
368 904 190 28 författningare,
575 904 39 21 och
630 904 27 21 då
670 904 60 28 fråga
741 904 95 28 uppstod
847 910 34 16 om

123 938 174 27 reorganisation
321 938 23 21 af
357 938 147 28 värnepligten
520 938 7 22 i
542 938 97 27 Finland,
656 938 108 22 uttalades
780 939 6 21 i
802 938 80 28 Nådigt

123 972 96 28 reskript
238 972 23 22 af
274 973 77 27 Kejsar
366 972 121 22 Alexander
502 972 21 22 II
539 973 39 21 den
595 974 25 20 31
637 973 117 21 December
772 974 60 25 1870,
849 974 33 20 att

123 1006 7 21 i
147 1007 115 27 anledning
278 1007 23 21 af
313 1008 64 20 väckt
387 1007 62 27 fråga
460 1014 33 14 om
503 1007 274 27 beväringsskyldighetens
788 1008 94 21 utsträc-

124 1040 73 21 kande
212 1041 32 20 till
259 1041 174 27 Kejsaredömets
450 1041 42 21 alla
499 1041 133 27 folkklasser,
644 1042 6 20 i
661 1041 144 22 betraktande
816 1041 66 27 tagits

123 1074 124 27 billigheten
271 1075 23 21 af
311 1077 33 20 att
362 1081 26 16 en
404 1075 95 22 likartad
514 1075 122 28 värnepligt
652 1075 61 22 äfven
729 1075 67 22 blefve
812 1075 71 22 införd

125 1109 33 21 uti
181 1109 215 27 Storfurstendömet,
412 1110 6 20 i
434 1109 73 22 stället
530 1109 33 22 för
586 1110 36 21 det
641 1110 27 21 då
683 1110 117 21 bestående
816 1109 67 22 indel-

125 1144 144 27 ningsverket,
291 1145 59 20 »med
369 1144 141 28 iakttagande
525 1145 75 21 dervid
616 1145 30 26 af
658 1145 25 20 de
700 1145 7 20 i
722 1145 100 21 Finland
835 1145 49 27 gäl-

126 1179 64 19 lande
206 1179 63 26 lagar
283 1179 38 21 och
332 1179 187 27 författningar«.

194 1212 10 21 I
220 1212 41 22 alla
277 1212 62 27 tider,
356 1212 59 22 såväl
430 1212 46 22 före
494 1213 103 21 Finlands
615 1212 99 28 förening
729 1213 47 21 med
784 1213 100 27 Kejsare-

126 1246 73 22 dömet
221 1247 107 27 Ryssland
350 1253 45 15 som
415 1248 69 20 under
499 1248 26 21 de
540 1247 103 22 förflutna
658 1249 27 20 90
702 1248 51 21 åren
769 1247 55 22 efter
838 1248 46 21 lan-

127 1281 48 21 dets
197 1281 100 27 eröfring,
313 1281 64 22 hafva
392 1282 98 22 finnarne
505 1282 97 28 fullgjort
616 1283 33 21 sin
665 1283 127 27 värnepligt,
808 1282 75 28 tjenat,

125 1316 74 20 stridit
221 1316 39 20 och
283 1316 48 21 med
354 1316 124 22 obefläckad
501 1318 38 20 ära
560 1316 152 28 upprätthållit
728 1317 38 21 sitt
781 1316 103 28 förtjenta

128 1350 62 26 rykte
213 1350 22 20 af
256 1351 84 26 trogna,
364 1350 190 28 sjelfuppoffrande
577 1352 38 20 och
632 1352 78 26 tappre
725 1351 96 21 soldater
836 1351 7 21 i
858 1351 26 21 de

129 1384 57 21 olika
209 1384 229 28 nationaltruppernas
461 1385 40 27 led,
525 1387 53 19 utan
599 1387 33 19 att
647 1386 71 26 någon
735 1385 113 27 olägenhet
865 1384 22 22 af

128 1425 26 15 en
181 1418 67 22 sådan
272 1419 147 26 organisation
443 1419 23 21 af
488 1419 40 21 den
552 1419 69 21 finska
644 1419 106 21 militären
770 1420 115 26 försports.
