1111 1778
804 170 30 21 65

115 240 116 29 grundlag
246 247 65 14 anses
322 240 41 21 och
374 239 72 22 borde
457 239 97 22 stånden
564 239 90 22 derföre
665 239 205 27 öfverenskomma,

115 275 81 21 hvilka
218 274 145 29 stadganden
387 273 70 22 borde
477 281 65 14 anses
560 273 36 22 för
613 273 117 29 grundlag
748 274 29 28 på
795 273 76 29 grund

117 309 23 22 af
158 309 65 22 deras
241 309 105 21 innehåll
365 308 42 22 och
426 307 146 24 förhållande
591 308 37 21 till
641 307 72 23 redan
726 307 144 22 existerande

116 343 148 29 grundlagar.

185 378 12 21 I
214 379 13 26 8
248 378 20 27 1,
287 376 83 22 fortfor
388 376 53 28 han,
461 378 59 20 talas
539 384 36 14 om
594 378 82 20 tronen
696 376 42 22 och
756 376 115 22 fädernes-

117 412 85 22 landet.
238 412 55 22 Man
312 411 46 22 kan
377 418 45 15 ana
441 411 43 22 och
502 412 132 27 förutsätta,
654 413 35 20 att
708 410 101 22 Senaten
820 411 51 21 fun-

117 447 36 21 nit
181 446 51 22 skäl
259 448 35 20 att
314 444 110 24 förändra
447 446 64 22 detta
529 446 95 28 uttryck
643 445 30 27 (d.
692 453 21 14 v.
733 453 16 14 s.
767 446 8 21 i
793 445 79 22 stället

117 482 36 21 för
171 480 65 23 ordet
255 480 85 30 ,riket"
361 480 87 22 insätta
467 480 65 22 ordet
552 480 232 29 ,fäderneslandet");
799 480 73 28 några

118 516 104 27 motiver,
242 517 70 27 öppet
339 514 129 30 framlagda
487 515 60 21 inför
564 515 112 22 nationen
696 514 175 29 (landtdagen?)

118 551 89 21 känner
232 550 39 29 jag
295 550 51 21 icke
368 549 43 22 till.
448 550 46 21 För
511 550 48 21 min
578 549 38 22 del
635 553 25 19 är
678 550 39 28 jag
736 548 136 30 öfvertygad

118 585 84 27 derom,
228 587 35 19 att
289 584 162 28 värnepligten
478 584 51 23 icke
553 584 47 22 kan
625 584 97 28 åläggas
743 584 36 22 för
800 584 72 28 något

119 622 72 19 annat
217 619 108 22 ändamål
352 622 29 18 än
409 618 199 22 fäderneslandets
636 618 99 28 försvar;
753 626 54 14 man
824 618 48 22 kan

118 654 51 22 icke
188 654 72 22 tänka
279 654 35 28 sig
333 655 34 19 att
385 653 76 22 finska
479 653 116 23 militären
614 653 76 22 skulle
708 660 65 15 anses
786 652 86 30 pligtig

119 691 35 19 att
172 688 92 29 deltaga
278 688 8 22 i
298 688 46 22 alla
357 688 155 22 stormaktens
525 688 147 27 (Rysslands)
687 688 94 27 företag.
803 687 69 22 Lika-

118 722 64 22 ledes
208 723 47 21 kan
282 721 150 23 landtvärnet
458 722 51 21 icke
531 722 71 21 hafva
620 724 73 20 annat
711 721 113 28 ändamål,
844 725 29 18 än

118 757 198 22 fäderneslandets
334 756 96 22 försvar.

187 791 78 29 Några
293 791 72 22 talare
392 791 93 29 förbigä
511 791 8 22 i
547 791 225 28 värnepligtslagens
791 791 14 26 $
825 790 47 21 123

119 825 66 22 ordet
212 827 153 27 »derigenom»>.
402 825 137 22 Emellertid
564 825 108 29 angifver
698 825 63 22 detta
779 825 43 22 ord
839 825 34 21 det

119 861 54 21 enda
190 863 48 25 sätt,
256 861 31 28 pä
304 860 91 22 hvilket
414 860 102 22 Finland
536 864 24 17 är
578 859 95 30 skyldig
686 861 35 20 att
731 859 143 22 understöda

119 895 123 28 Ryssland.

188 929 54 22 Med
270 929 66 22 ordet
365 932 100 19 »ftromen»
495 930 46 21 kan
569 929 51 22 icke
645 931 73 20 annat
735 929 90 27 förstås,
844 932 30 18 än

119 965 108 21 Finlands
246 965 77 28 lagliga
340 965 101 27 regering.
478 964 48 22 När
544 964 39 21 det
600 964 8 21 i
626 963 62 22 finsk
705 963 39 29 lag
761 963 59 22 talas
836 970 38 15 om

120 1001 35 19 att
172 1002 72 18 värna
264 1000 95 27 ytronen
378 998 43 22 och
440 997 209 29 fäderneslandet*,
668 1000 129 20 motsvarar
809 997 65 22 detta

119 1033 119 29 uttrycket
262 1033 104 22 försvara
384 1033 109 22 Finland.
529 1033 131 28 Begreppet
681 1032 126 29 ,Finland*
828 1039 46 14 om-

120 1068 72 21 fattar
209 1067 59 21 både
286 1067 80 22 landet
385 1067 44 22 och
447 1069 89 20 tronen.
572 1067 36 21 Då
627 1074 55 14 man
699 1067 76 21 tillika
789 1066 86 22 förkla-

120 1109 43 20 rar,
192 1104 34 19 att
253 1101 39 23 det
317 1105 25 18 är
360 1109 83 22 genom
461 1104 35 20 att
513 1102 105 22 försvara
636 1101 108 28 Finland,
763 1108 48 15 som
830 1100 44 22 den

119 1137 75 21 finska
212 1136 118 22 militären
348 1136 110 29 bidrager
477 1137 36 21 till
532 1136 187 29 Kejsaredömets
738 1136 94 27 försvar,
850 1136 25 21 så

120 1171 43 22 har
188 1179 54 14 man
260 1171 53 22 med
331 1171 128 22 detsamma
478 1174 58 26 sagt,
555 1173 35 20 att
608 1171 29 22 de
654 1171 76 22 finska
748 1172 127 27 trupperna

120 1205 52 22 icke
198 1206 30 28 på
257 1206 71 29 något
346 1208 72 20 annat
437 1208 46 19 sätt
501 1206 80 22 kunna
599 1205 95 30 deltaga
712 1205 8 22 i
737 1204 138 31 Kejsaredö-

120 1242 58 20 mets
195 1240 96 22 försvar.

189 1274 254 29 Landtdagsutskottet
470 1274 42 23 har
539 1275 92 28 antagit
657 1274 77 22 denna
759 1273 44 22 och
824 1273 50 23 icke

120 1309 78 29 någon
226 1317 77 14 annan
322 1309 153 29 formulering
494 1309 23 22 af
536 1310 13 26 8
570 1310 11 20 1
601 1309 9 22 i
627 1308 220 29 värnepligtslagen,
866 1307 9 21 i

121 1343 157 30 förhoppning
300 1346 36 19 att
353 1344 139 29 paragrafen
511 1344 8 21 i
538 1343 76 22 denna
632 1343 60 22 form
710 1343 73 22 skulle
801 1341 75 23 blifva

121 1377 136 23 stadfästad.

190 1413 103 27 Hisinger
310 1412 107 28 föreslog,
437 1414 36 20 att
490 1412 8 21 i
516 1413 28 26 8$
566 1412 11 21 1
597 1411 43 22 och
661 1411 47 22 123
728 1411 70 22 orden
817 1412 59 27 ,tro-

120 1454 47 17 nen
198 1447 43 21 och
270 1445 201 26 fäderneslandet*
499 1446 75 26 skulle
601 1448 98 20 ersättas
726 1444 51 27 med
805 1444 71 23 orden

796 1476 11 19 5
