1109 1773
817 166 31 20 95

196 234 46 20 Art.
262 234 48 20 129.
340 233 49 21 Art.
405 233 46 21 176
465 233 8 21 i
486 233 176 29 Kejsardömets
675 233 142 29 författning
827 236 56 19 mot-

128 275 79 14 svarar
225 269 12 25 &
257 268 30 20 95
301 268 9 20 i
323 267 45 21 den
379 267 76 22 finska
469 268 74 28 lagen.
578 268 51 21 Den
645 268 132 28 väsentliga
798 268 85 21 skilna-

128 302 44 22 den
191 302 97 21 emellan
308 301 66 22 dessa
392 302 78 21 bestär
489 302 55 27 deri,
564 304 34 19 att
617 302 145 21 sistnämnda
775 302 108 28 paragraf

129 336 148 22 föreskrifver
301 339 35 19 att
358 336 46 22 alla
426 336 111 28 frivillige
555 336 40 22 vid
614 336 28 22 de
660 336 76 22 finska
755 339 128 27 trupperna

128 371 65 21 skola
210 370 138 22 underhälla
367 370 43 22 och
428 370 71 22 kläda
517 371 35 28 sig
565 372 30 27 pä
605 378 59 21 egen
674 371 135 21 bekostnad.
829 370 54 22 Med

128 405 90 28 hänsyn
237 405 85 27 dertill,
341 407 35 19 att
388 405 75 28 enligt
475 404 45 22 den
530 405 133 28 föreslagna
671 413 47 20 nya
729 406 154 28 värnepligts-

128 440 68 28 lagen
214 440 40 21 vid
273 439 28 21 de
317 439 76 21 finska
405 441 126 26 trupperna
540 440 81 21 kunna
630 440 73 21 vinna
712 440 91 21 inträde
815 440 67 21 äfven

128 481 109 21 personer
254 474 51 21 frän
325 473 72 22 andra
417 477 29 18 än
464 473 75 22 finska
557 473 46 28 län,
622 474 36 21 för
675 473 81 22 hvilka
769 481 27 14 en
811 473 72 22 sädan

129 507 117 23 föreskrift
263 515 56 14 vore
331 508 150 28 betungande
495 508 8 21 i
514 508 130 29 jomförelse
657 508 52 21 med
720 507 162 23 motsvarande

129 542 146 29 stadganden
294 543 7 20 i
319 542 176 29 Kejsardömets
513 543 45 28 lag,
577 543 96 21 hvilken
688 542 67 22 deras
768 543 115 21 kamrater

128 577 44 21 och
197 577 123 22 landsmän
341 581 39 17 äro
402 576 177 28 underkastade,
598 577 43 22 har
658 577 111 21 Komitön
788 577 69 21 äfven
875 577 8 20 i

128 611 64 22 detta
219 611 132 22 hänseende
379 611 63 22 velat
469 611 84 22 föreslä
575 611 118 28 enhetliga
711 611 172 22 bestämmelser

128 646 35 21 för
190 646 46 21 alla
263 645 64 22 delar
345 645 23 22 af
387 645 44 22 den
450 653 170 21 gemensamma
638 646 70 28 ryska
727 646 78 21 armén
824 649 59 18 samt

128 681 30 28 pä
176 680 77 22 denna
271 680 76 29 grund
366 682 77 19 ansett
461 680 83 29 nödigt
563 681 54 21 att
601 676 14 37 i
631 681 110 28 förslaget
755 680 36 21 till
802 684 80 18 värne-

128 715 113 28 pligtslag
258 715 36 21 för
312 714 102 21 Finland
427 715 86 21 införes
529 717 42 19 art.
586 715 45 21 176
643 715 8 21 i
661 715 173 28 Kejsardömets
843 715 40 27 lag

128 749 52 21 med
197 749 111 28 behöriga
328 749 132 28 ändringar.

197 819 46 20 Art.
270 819 49 20 130.
357 817 42 22 Om
417 817 112 29 rättighet
547 818 36 21 för
601 818 110 28 frivillige
731 820 34 19 att
781 817 51 22 boi
845 825 38 13 en-

128 852 73 21 skildt
224 852 95 21 kvarter
343 852 95 28 stadgas
459 853 9 20 i
486 853 13 26 $8
519 853 30 20 95
569 853 8 20 i
596 852 109 29 gällande
723 852 76 21 finska
817 851 39 28 lag
873 851 8 21 i

128 886 166 29 sammanhang
312 886 52 23 med
376 887 177 21 bestämmelsen
567 894 36 14 om
615 887 124 29 frivilliges
751 885 130 23 underhäll.

128 921 110 22 Komitön
257 921 42 22 har
317 923 77 20 ansett
412 921 83 29 nödigt
509 922 115 28 inrymma
636 921 67 22 dessa
715 920 146 30 stadganden
875 921 8 21 i

129 958 84 19 tvenne
240 956 76 21 skilda
341 956 103 27 artiklar,
463 956 74 21 säsom
556 956 65 21 fallet
639 960 26 17 är
683 956 8 21 i
708 955 175 29 Kejsardömets

128 990 45 29 lag,
197 989 52 22 med
271 990 95 21 hvilken
385 989 45 22 den
449 990 76 21 finska
542 990 69 28 lagen
629 991 30 27 pä
677 989 150 29 Allerhögsta
844 989 39 21 be-

128 1025 101 28 fallning
247 1025 59 21 skall
324 1025 96 28 bringas
438 1025 9 20 i
465 1027 115 18 närmaste
599 1024 244 22 öfverensstämmelse.

196 1094 46 21 Art.
268 1095 44 20 131.
349 1093 12 21 1
379 1094 13 25 8
412 1093 31 22 96
464 1093 23 22 af
504 1093 45 21 den
571 1093 75 22 finska
664 1093 75 28 lagen,
758 1099 49 14 som
825 1094 58 19 mot-

128 1135 79 14 svarar
226 1130 41 19 art.
289 1128 48 21 178
355 1127 8 22 i
382 1127 175 29 Kejsardömets
575 1127 46 29 lag,
640 1127 74 21 finnes
733 1127 20 28 ej
770 1126 113 29 angifvet,

128 1163 36 20 att
182 1163 13 20 &
213 1162 211 28 Krigsministeriet
443 1162 134 21 ankommer
595 1164 35 19 att
647 1161 116 22 fastställa
775 1161 108 28 reglerna

127 1196 37 21 för
181 1196 122 29 frivilliges
321 1196 164 29 tjenstgöring.
521 1196 87 21 Vidare
626 1196 55 28 ingå
699 1196 8 21 i
726 1195 72 29 sagda
817 1202 66 21 para-

128 1230 52 29 graf
198 1230 87 22 sådana
303 1231 182 28 bestämningar,
504 1230 81 22 hvilka
604 1230 69 22 borde
692 1231 23 20 få
733 1238 52 13 rum
802 1229 6 21 i
823 1229 61 22 Mili-

128 1267 51 19 tära
205 1265 290 28 författningssamlingen,
523 1266 75 20 såsom
621 1265 120 28 angående
759 1264 124 27 frivilliges

128 1299 123 22 befordran
269 1299 37 21 till
324 1299 199 22 underofficerare.

196 1333 34 21 På
248 1333 77 29 grund
343 1333 23 22 af
384 1333 40 22 det
442 1333 143 28 ofvansagda
603 1333 42 22 har
662 1333 112 22 Komitén
787 1333 6 21 i
805 1332 79 21 stället

128 1367 36 22 för
182 1369 13 25 &
215 1368 30 21 96
264 1368 73 22 infört
354 1368 8 21 i
380 1368 113 29 förslaget
511 1371 41 18 art.
575 1368 46 21 178
634 1368 9 21 i
651 1367 176 29 Kejsardömets
837 1366 46 28 lag.

197 1437 46 21 Art.
263 1438 49 20 132.
337 1437 84 21 Denna
440 1437 90 27 artikel,
549 1445 48 13 som
615 1437 52 21 icke
679 1437 125 21 äterfinnes
817 1436 8 21 i
837 1435 46 21 den

128 1471 75 21 finska
221 1471 70 28 lagen
309 1471 43 22 och
370 1479 49 14 som
438 1471 105 22 affattats
561 1471 8 21 i
587 1471 104 28 enlighet
709 1471 52 22 med
777 1472 42 20 art.
836 1469 47 22 179
