1109 1756
815 155 31 21 23

124 224 231 28 omständigheterna
373 224 74 21 under
466 226 33 19 ett
517 224 54 29 krig
590 227 35 18 att
643 231 94 22 operera
755 225 7 20 i
780 223 101 22 Finland

127 259 153 22 tillsammans
290 259 51 21 med
352 259 28 21 de
389 259 83 27 finska,
481 259 23 21 af
510 259 67 21 dessa
584 258 89 22 erhålla
679 261 36 19 ett
721 258 160 27 tvifvelaktigt

124 293 134 22 understöd.
293 293 158 28 Uppfostrade
478 293 74 22 under
578 293 99 22 fredstid
705 293 59 22 efter
788 292 94 22 alldeles

127 332 105 25 säregna,
250 328 24 28 ja
291 327 136 22 tillochmed
444 327 143 22 fremmande
605 328 109 27 grunder,
733 327 66 22 skola
817 327 66 21 dessa

127 365 96 26 trupper
240 361 73 22 under
331 361 102 29 krigstid
448 362 67 28 gifva
526 362 83 21 endast
622 362 45 28 det,
680 362 97 22 hvartill
790 361 27 22 de
830 361 53 21 blif-

127 398 35 21 vit
189 396 91 22 inlärda
301 397 8 20 i
329 396 106 21 fredstid.
471 396 91 22 Endast
589 404 29 14 en
641 397 67 28 dylik
726 397 104 20 sträfvan
849 397 33 20 att

128 431 132 28 organisera
278 431 90 21 landets
387 431 90 22 försvar
494 431 52 21 med
565 433 54 26 eget
635 431 51 22 folk
702 431 43 22 och
758 439 59 20 egna
829 437 54 21 pen-

128 465 154 29 ningemedel,
300 468 58 19 utan
376 465 71 28 ryska
460 465 90 22 arméns
560 466 101 27 bistånd,
671 466 47 21 kan
727 465 101 22 förklara
838 464 45 21 den

128 501 74 28 enligt
212 500 107 29 gällande
329 499 75 22 finska
413 500 186 29 värnepligtslag
609 500 114 28 stadgade
733 499 150 29 organisatio-

127 543 47 14 nen
193 535 24 21 af
240 537 125 26 trupperna
383 534 43 21 och
445 535 28 20 de
491 535 195 28 utomordentligt
704 535 68 21 korta
789 535 95 28 tjenste-

128 570 93 21 tiderna
239 569 134 28 isynnerhet
391 569 8 20 i
417 576 115 14 reserven.

199 604 23 26 2)
241 603 168 28 Förklaringen
429 605 34 20 att
482 604 28 21 de
528 603 77 22 finska
614 606 127 26 trupperna
750 603 40 22 vid
800 606 84 18 mönst-

128 639 81 27 ringar
232 638 61 21 visat
311 638 35 28 sig
364 637 59 29 fylla
441 638 28 21 de
489 641 131 26 strängaste
638 638 133 27 fordringar
789 637 42 22 och
850 639 34 19 att

126 673 151 28 olägenheter
295 673 42 21 och
355 672 193 29 bristfälligheter
567 672 50 22 icke
635 673 42 21 hos
691 672 52 22 dem
753 671 131 27 förmärkts,

128 708 48 20 kan
204 707 115 29 knappast
345 707 137 28 godkännas
504 708 75 20 såsom
601 707 50 21 skäl
670 708 35 21 för
722 706 162 22 bibehållande

129 742 24 21 af
180 742 27 20 de
234 742 134 21 nuvarande
395 742 179 28 tjenstetiderna
596 742 35 21 för
649 742 72 28 sagda
739 744 101 26 trupper,
859 743 26 25 ty

127 777 78 20 såsom
223 776 124 21 måttstock
365 776 35 21 för
418 779 137 26 truppernas
573 776 106 29 verkliga
692 775 192 29 stridsduglighet

130 812 64 28 tjena
212 810 51 22 icke
282 811 156 27 mönstringar
451 815 58 17 utan
522 811 231 28 krigserfarenheten.
777 810 53 21 Men
844 809 42 21 all-

131 844 117 22 denstund
266 844 27 22 de
312 844 75 22 finska
400 847 126 27 trupperna
539 845 52 21 icke
604 853 44 20 ega
660 845 76 21 denna
749 844 137 26 erfarenhet,

131 880 29 21 då
179 879 102 22 deremot
299 879 45 21 den
361 879 76 29 öfriga
455 880 71 28 ryska
539 880 79 21 armén
631 880 53 21 med
694 879 106 22 afseende
812 879 12 21 å
836 878 50 21 sina

130 914 147 29 tjenstetider
289 921 62 14 vann
361 914 134 22 densamma
504 915 56 21 åren
572 914 169 27 1877—1878,
750 914 72 21 måste
832 920 53 14 man

130 948 41 22 vid
190 948 124 28 afgörande
334 948 23 22 af
373 948 84 29 frågan
476 948 121 29 angående
615 948 28 21 de
661 948 76 22 finska
749 951 137 26 truppernas

130 983 108 28 verkliga
257 982 189 29 krigsduglighet
464 984 9 20 i
491 991 28 13 en
536 983 95 21 framtid
651 983 127 21 inskränka
796 982 35 28 sig
850 981 37 22 till

130 1018 99 20 allmänt
247 1024 174 22 resonnemang.
440 1018 47 21 Det
505 1018 47 21 kan
571 1018 51 21 icke
640 1018 115 21 bestridas
774 1020 35 18 att
821 1017 15 21 5
850 1017 36 20 års

130 1052 131 27 öfningstid
289 1052 67 21 alltid
382 1052 60 22 skall
461 1052 104 22 medföra
585 1055 71 18 större
674 1055 69 25 nytta
762 1056 29 17 än
811 1052 12 20 3-
844 1052 42 25 års,

130 1086 137 28 isynnerhet
285 1086 41 22 vid
344 1086 139 22 kavalleriet
502 1086 256 29 (dragonregementet).
786 1086 28 28 Ej
833 1085 55 21 alle-

131 1123 53 19 nast
202 1120 36 22 för
256 1121 117 22 soldatens
391 1122 138 28 uppfostran
548 1125 57 17 utan
623 1121 70 21 också
711 1121 35 21 för
764 1121 57 21 hans
840 1127 48 14 mer

130 1155 58 21 eller
205 1156 89 21 mindre
312 1156 150 21 harmoniska
480 1156 44 21 och
541 1155 155 28 fullständiga
714 1155 135 27 utbildning
863 1152 25 23 är

133 1190 13 20 3
166 1190 25 20 år
210 1190 94 21 alldeles
318 1190 163 28 otillräckligt;
495 1198 55 13 man
562 1190 42 21 bör
613 1190 92 21 komma
714 1190 55 28 ihåg
779 1192 34 19 att
823 1188 65 22 tiden

130 1226 71 26 utgör
219 1227 34 19 ett
271 1225 23 21 af
312 1224 27 22 de
357 1225 129 21 förnämsta
504 1224 91 22 medlen
604 1224 36 21 för
649 1223 205 22 åstadkommande
865 1223 23 21 af

132 1258 45 21 den
195 1259 151 28 erforderliga
364 1259 77 22 andan
460 1259 64 22 inom
542 1262 131 25 trupperna.

203 1294 22 26 3)
253 1294 170 28 Förklaringen
444 1296 37 19 att
499 1293 168 28 emigrationen
684 1293 111 29 möjligen
813 1292 75 21 skulle

130 1327 59 22 ökas
202 1327 94 28 derhän,
307 1332 34 17 att
355 1328 80 21 halfva
444 1328 169 28 befolkningen
622 1328 90 21 komme
723 1330 34 19 att
769 1327 119 28 emigrera,

132 1365 26 18 är
184 1361 115 30 knappast
327 1363 114 28 grundad,
470 1363 98 21 emedan
592 1362 45 21 den
655 1362 51 21 icke
729 1362 118 21 bekräftas
866 1361 23 21 af

128 1396 134 22 statistiska
280 1397 60 21 data.

201 1431 37 21 En
256 1432 25 20 så
299 1431 65 22 stark
383 1432 141 27 emigration
541 1431 153 22 förekommer
706 1431 8 21 i
727 1430 163 29 Kejsardömet

131 1465 53 21 icke
203 1473 40 14 ens
261 1465 72 22 bland
351 1465 106 29 judarna,
476 1465 83 22 hvilka
577 1465 66 28 dock,
662 1466 75 21 såsom
754 1465 88 22 bekant
858 1468 31 24 är,
