<?xml version="1.0" encoding="UTF-8"?>
<alto xmlns="http://www.loc.gov/standards/alto/ns-v3#" xmlns:xlink="http://www.w3.org/1999/xlink" xmlns:xsi="http://www.w3.org/2001/XMLSchema-instance" xsi:schemaLocation="http://www.loc.gov/standards/alto/ns-v3# http://www.loc.gov/alto/v3/alto-3-0.xsd">
	<Description>
		<MeasurementUnit>pixel</MeasurementUnit>
		<sourceImageInformation>
			<fileName>/tmp/tess_dl1foj4u_input.PNG</fileName>
		</sourceImageInformation>
		<OCRProcessing ID="OCR_0">
			<ocrProcessingStep>
				<processingSoftware>
					<softwareName>tesseract 5.3.4</softwareName>
				</processingSoftware>
			</ocrProcessingStep>
		</OCRProcessing>
	</Description>
	<Layout>
		<Page WIDTH="1111" HEIGHT="1814" PHYSICAL_IMG_NR="0" ID="page_0">
			<PrintSpace HPOS="0" VPOS="0" WIDTH="1111" HEIGHT="1814">
				<ComposedBlock ID="cblock_0" HPOS="812" VPOS="136" WIDTH="24" HEIGHT="20">
					<TextBlock ID="block_0" HPOS="812" VPOS="136" WIDTH="24" HEIGHT="20">
						<TextLine ID="line_0" HPOS="812" VPOS="136" WIDTH="24" HEIGHT="20">
							<String ID="string_0" HPOS="812" VPOS="136" WIDTH="24" HEIGHT="20" WC="0.96" CONTENT="13"/>
						</TextLine>
					</TextBlock>
				</ComposedBlock>
				<ComposedBlock ID="cblock_1" HPOS="109" VPOS="203" WIDTH="758" HEIGHT="563">
					<TextBlock ID="block_1" HPOS="110" VPOS="203" WIDTH="756" HEIGHT="56">
						<TextLine ID="line_1" HPOS="110" VPOS="203" WIDTH="756" HEIGHT="28">
							<String ID="string_1" HPOS="110" VPOS="204" WIDTH="133" HEIGHT="27" WC="0.92" CONTENT="uppskjutes,"/><SP WIDTH="24" VPOS="204" HPOS="243"/>
							<String ID="string_2" HPOS="267" VPOS="203" WIDTH="44" HEIGHT="22" WC="0.96" CONTENT="ifall"/><SP WIDTH="18" VPOS="203" HPOS="311"/>
							<String ID="string_3" HPOS="329" VPOS="204" WIDTH="26" HEIGHT="21" WC="0.96" CONTENT="de"/><SP WIDTH="16" VPOS="204" HPOS="355"/>
							<String ID="string_4" HPOS="371" VPOS="204" WIDTH="72" HEIGHT="21" WC="0.96" CONTENT="derom"/><SP WIDTH="16" VPOS="204" HPOS="443"/>
							<String ID="string_5" HPOS="459" VPOS="203" WIDTH="93" HEIGHT="27" WC="0.95" CONTENT="anhålla,"/><SP WIDTH="15" VPOS="203" HPOS="552"/>
							<String ID="string_6" HPOS="567" VPOS="203" WIDTH="34" HEIGHT="22" WC="0.93" CONTENT="för"/><SP WIDTH="15" VPOS="203" HPOS="601"/>
							<String ID="string_7" HPOS="616" VPOS="203" WIDTH="134" HEIGHT="22" WC="0.91" CONTENT="slutförande"/><SP WIDTH="16" VPOS="203" HPOS="750"/>
							<String ID="string_8" HPOS="766" VPOS="203" WIDTH="24" HEIGHT="22" WC="0.96" CONTENT="af"/><SP WIDTH="14" VPOS="203" HPOS="790"/>
							<String ID="string_9" HPOS="804" VPOS="203" WIDTH="62" HEIGHT="22" WC="0.95" CONTENT="deras"/>
						</TextLine>
						<TextLine ID="line_2" HPOS="110" VPOS="237" WIDTH="92" HEIGHT="22">
							<String ID="string_10" HPOS="110" VPOS="237" WIDTH="92" HEIGHT="22" WC="0.96" CONTENT="studier:"/>
						</TextLine>
					</TextBlock>
					<TextBlock ID="block_2" HPOS="109" VPOS="277" WIDTH="757" HEIGHT="131">
						<TextLine ID="line_3" HPOS="180" VPOS="277" WIDTH="685" HEIGHT="30">
							<String ID="string_11" HPOS="180" VPOS="279" WIDTH="20" HEIGHT="27" WC="0.95" CONTENT="1)"/><SP WIDTH="16" VPOS="279" HPOS="200"/>
							<String ID="string_12" HPOS="216" VPOS="279" WIDTH="32" HEIGHT="20" WC="0.92" CONTENT="till"/><SP WIDTH="24" VPOS="279" HPOS="248"/>
							<String ID="string_13" HPOS="272" VPOS="279" WIDTH="48" HEIGHT="21" WC="0.92" CONTENT="dess"/><SP WIDTH="23" VPOS="279" HPOS="320"/>
							<String ID="string_14" HPOS="343" VPOS="279" WIDTH="27" HEIGHT="21" WC="0.96" CONTENT="de"/><SP WIDTH="21" VPOS="279" HPOS="370"/>
							<String ID="string_15" HPOS="391" VPOS="279" WIDTH="96" HEIGHT="26" WC="0.93" CONTENT="uppnått"/><SP WIDTH="22" VPOS="279" HPOS="487"/>
							<String ID="string_16" HPOS="509" VPOS="279" WIDTH="98" HEIGHT="28" WC="0.91" CONTENT="tjugutvå"/><SP WIDTH="16" VPOS="279" HPOS="607"/>
							<String ID="string_17" HPOS="623" VPOS="279" WIDTH="36" HEIGHT="21" WC="0.96" CONTENT="års"/><SP WIDTH="16" VPOS="279" HPOS="659"/>
							<String ID="string_18" HPOS="675" VPOS="278" WIDTH="71" HEIGHT="21" WC="0.96" CONTENT="ålder:"/><SP WIDTH="15" VPOS="278" HPOS="746"/>
							<String ID="string_19" HPOS="761" VPOS="277" WIDTH="35" HEIGHT="22" WC="0.96" CONTENT="för"/><SP WIDTH="15" VPOS="277" HPOS="796"/>
							<String ID="string_20" HPOS="811" VPOS="279" WIDTH="54" HEIGHT="25" WC="0.96" CONTENT="dem,"/>
						</TextLine>
						<TextLine ID="line_4" HPOS="110" VPOS="312" WIDTH="755" HEIGHT="28">
							<String ID="string_21" HPOS="110" VPOS="319" WIDTH="46" HEIGHT="15" WC="0.95" CONTENT="som"/><SP WIDTH="23" VPOS="319" HPOS="156"/>
							<String ID="string_22" HPOS="179" VPOS="313" WIDTH="85" HEIGHT="27" WC="0.95" CONTENT="åtnjuta"/><SP WIDTH="15" VPOS="313" HPOS="264"/>
							<String ID="string_23" HPOS="279" VPOS="313" WIDTH="153" HEIGHT="26" WC="0.96" CONTENT="undervisning"/><SP WIDTH="14" VPOS="313" HPOS="432"/>
							<String ID="string_24" HPOS="446" VPOS="313" WIDTH="8" HEIGHT="21" WC="0.96" CONTENT="i"/><SP WIDTH="14" VPOS="313" HPOS="454"/>
							<String ID="string_25" HPOS="468" VPOS="313" WIDTH="101" HEIGHT="21" WC="0.96" CONTENT="läroverk"/><SP WIDTH="16" VPOS="313" HPOS="569"/>
							<String ID="string_26" HPOS="585" VPOS="313" WIDTH="23" HEIGHT="21" WC="0.95" CONTENT="af"/><SP WIDTH="13" VPOS="313" HPOS="608"/>
							<String ID="string_27" HPOS="621" VPOS="313" WIDTH="70" HEIGHT="21" WC="0.96" CONTENT="andra"/><SP WIDTH="14" VPOS="313" HPOS="691"/>
							<String ID="string_28" HPOS="705" VPOS="313" WIDTH="123" HEIGHT="26" WC="0.93" CONTENT="kategorin;"/><SP WIDTH="17" VPOS="313" HPOS="828"/>
							<String ID="string_29" HPOS="845" VPOS="312" WIDTH="20" HEIGHT="21" WC="0.92" CONTENT="d."/>
						</TextLine>
						<TextLine ID="line_5" HPOS="109" VPOS="347" WIDTH="757" HEIGHT="28">
							<String ID="string_30" HPOS="109" VPOS="354" WIDTH="19" HEIGHT="15" WC="0.92" CONTENT="v."/><SP WIDTH="17" VPOS="354" HPOS="128"/>
							<String ID="string_31" HPOS="145" VPOS="353" WIDTH="16" HEIGHT="16" WC="0.70" CONTENT="s."/><SP WIDTH="16" VPOS="353" HPOS="161"/>
							<String ID="string_32" HPOS="177" VPOS="348" WIDTH="7" HEIGHT="21" WC="0.96" CONTENT="i"/><SP WIDTH="14" VPOS="348" HPOS="184"/>
							<String ID="string_33" HPOS="198" VPOS="347" WIDTH="140" HEIGHT="28" WC="0.96" CONTENT="fullständiga"/><SP WIDTH="22" VPOS="347" HPOS="338"/>
							<String ID="string_34" HPOS="360" VPOS="347" WIDTH="107" HEIGHT="22" WC="0.95" CONTENT="klassiska"/><SP WIDTH="22" VPOS="347" HPOS="467"/>
							<String ID="string_35" HPOS="489" VPOS="347" WIDTH="39" HEIGHT="22" WC="0.93" CONTENT="och"/><SP WIDTH="23" VPOS="347" HPOS="528"/>
							<String ID="string_36" HPOS="551" VPOS="347" WIDTH="115" HEIGHT="27" WC="0.91" CONTENT="reallyceer"/><SP WIDTH="23" VPOS="347" HPOS="666"/>
							<String ID="string_37" HPOS="689" VPOS="349" WIDTH="56" HEIGHT="20" WC="0.96" CONTENT="samt"/><SP WIDTH="15" VPOS="349" HPOS="745"/>
							<String ID="string_38" HPOS="760" VPOS="347" WIDTH="7" HEIGHT="21" WC="0.96" CONTENT="i"/><SP WIDTH="17" VPOS="347" HPOS="767"/>
							<String ID="string_39" HPOS="784" VPOS="348" WIDTH="26" HEIGHT="21" WC="0.93" CONTENT="de"/><SP WIDTH="18" VPOS="348" HPOS="810"/>
							<String ID="string_40" HPOS="828" VPOS="347" WIDTH="38" HEIGHT="22" WC="0.91" CONTENT="all-"/>
						</TextLine>
						<TextLine ID="line_6" HPOS="110" VPOS="381" WIDTH="508" HEIGHT="27">
							<String ID="string_41" HPOS="110" VPOS="384" WIDTH="80" HEIGHT="20" WC="0.90" CONTENT="männa"/><SP WIDTH="14" VPOS="384" HPOS="190"/>
							<String ID="string_42" HPOS="204" VPOS="382" WIDTH="112" HEIGHT="22" WC="0.96" CONTENT="klasserna"/><SP WIDTH="15" VPOS="382" HPOS="316"/>
							<String ID="string_43" HPOS="331" VPOS="381" WIDTH="23" HEIGHT="22" WC="0.96" CONTENT="af"/><SP WIDTH="12" VPOS="381" HPOS="354"/>
							<String ID="string_44" HPOS="366" VPOS="382" WIDTH="81" HEIGHT="21" WC="0.93" CONTENT="Finska"/><SP WIDTH="15" VPOS="382" HPOS="447"/>
							<String ID="string_45" HPOS="462" VPOS="382" WIDTH="156" HEIGHT="26" WC="0.71" CONTENT="kadettkären;"/>
						</TextLine>
					</TextBlock>
					<TextBlock ID="block_3" HPOS="110" VPOS="421" WIDTH="756" HEIGHT="64">
						<TextLine ID="line_7" HPOS="179" VPOS="421" WIDTH="687" HEIGHT="29">
							<String ID="string_46" HPOS="179" VPOS="423" WIDTH="22" HEIGHT="27" WC="0.96" CONTENT="2)"/><SP WIDTH="15" VPOS="423" HPOS="201"/>
							<String ID="string_47" HPOS="216" VPOS="423" WIDTH="32" HEIGHT="20" WC="0.96" CONTENT="till"/><SP WIDTH="16" VPOS="423" HPOS="248"/>
							<String ID="string_48" HPOS="264" VPOS="423" WIDTH="48" HEIGHT="20" WC="0.97" CONTENT="dess"/><SP WIDTH="16" VPOS="423" HPOS="312"/>
							<String ID="string_49" HPOS="328" VPOS="423" WIDTH="26" HEIGHT="20" WC="0.93" CONTENT="de"/><SP WIDTH="16" VPOS="423" HPOS="354"/>
							<String ID="string_50" HPOS="370" VPOS="423" WIDTH="95" HEIGHT="26" WC="0.93" CONTENT="uppnått"/><SP WIDTH="15" VPOS="423" HPOS="465"/>
							<String ID="string_51" HPOS="480" VPOS="422" WIDTH="115" HEIGHT="28" WC="0.27" CONTENT="tjugufyra"/><SP WIDTH="16" VPOS="422" HPOS="595"/>
							<String ID="string_52" HPOS="611" VPOS="423" WIDTH="37" HEIGHT="20" WC="0.96" CONTENT="års"/><SP WIDTH="15" VPOS="423" HPOS="648"/>
							<String ID="string_53" HPOS="663" VPOS="422" WIDTH="72" HEIGHT="21" WC="0.96" CONTENT="ålder:"/><SP WIDTH="15" VPOS="422" HPOS="735"/>
							<String ID="string_54" HPOS="750" VPOS="421" WIDTH="34" HEIGHT="22" WC="0.93" CONTENT="för"/><SP WIDTH="13" VPOS="421" HPOS="784"/>
							<String ID="string_55" HPOS="797" VPOS="421" WIDTH="69" HEIGHT="22" WC="0.95" CONTENT="elever"/>
						</TextLine>
						<TextLine ID="line_8" HPOS="110" VPOS="456" WIDTH="661" HEIGHT="29">
							<String ID="string_56" HPOS="110" VPOS="457" WIDTH="35" HEIGHT="22" WC="0.93" CONTENT="vid"/><SP WIDTH="15" VPOS="457" HPOS="145"/>
							<String ID="string_57" HPOS="160" VPOS="456" WIDTH="261" HEIGHT="29" WC="0.92" CONTENT="sjökaptensafdelningen"/><SP WIDTH="15" VPOS="456" HPOS="421"/>
							<String ID="string_58" HPOS="436" VPOS="457" WIDTH="7" HEIGHT="21" WC="0.93" CONTENT="i"/><SP WIDTH="16" VPOS="457" HPOS="443"/>
							<String ID="string_59" HPOS="459" VPOS="457" WIDTH="216" HEIGHT="27" WC="0.91" CONTENT="navigationsskolor,"/><SP WIDTH="17" VPOS="457" HPOS="675"/>
							<String ID="string_60" HPOS="692" VPOS="456" WIDTH="38" HEIGHT="22" WC="0.91" CONTENT="och"/><SP WIDTH="18" VPOS="456" HPOS="730"/>
							<String ID="string_61" HPOS="748" VPOS="469" WIDTH="23" HEIGHT="2" WC="0.91" CONTENT="—"/>
						</TextLine>
					</TextBlock>
					<TextBlock ID="block_4" HPOS="110" VPOS="495" WIDTH="756" HEIGHT="132">
						<TextLine ID="line_9" HPOS="179" VPOS="495" WIDTH="686" HEIGHT="30">
							<String ID="string_62" HPOS="179" VPOS="497" WIDTH="22" HEIGHT="27" WC="0.96" CONTENT="3)"/><SP WIDTH="16" VPOS="497" HPOS="201"/>
							<String ID="string_63" HPOS="217" VPOS="497" WIDTH="32" HEIGHT="20" WC="0.96" CONTENT="till"/><SP WIDTH="23" VPOS="497" HPOS="249"/>
							<String ID="string_64" HPOS="272" VPOS="497" WIDTH="48" HEIGHT="21" WC="0.96" CONTENT="dess"/><SP WIDTH="24" VPOS="497" HPOS="320"/>
							<String ID="string_65" HPOS="344" VPOS="497" WIDTH="25" HEIGHT="21" WC="0.93" CONTENT="de"/><SP WIDTH="24" VPOS="497" HPOS="369"/>
							<String ID="string_66" HPOS="393" VPOS="497" WIDTH="95" HEIGHT="26" WC="0.91" CONTENT="uppnått"/><SP WIDTH="19" VPOS="497" HPOS="488"/>
							<String ID="string_67" HPOS="507" VPOS="497" WIDTH="99" HEIGHT="28" WC="0.90" CONTENT="tjugusju"/><SP WIDTH="16" VPOS="497" HPOS="606"/>
							<String ID="string_68" HPOS="622" VPOS="497" WIDTH="37" HEIGHT="20" WC="0.96" CONTENT="års"/><SP WIDTH="16" VPOS="497" HPOS="659"/>
							<String ID="string_69" HPOS="675" VPOS="497" WIDTH="71" HEIGHT="20" WC="0.95" CONTENT="ålder:"/><SP WIDTH="15" VPOS="497" HPOS="746"/>
							<String ID="string_70" HPOS="761" VPOS="495" WIDTH="35" HEIGHT="22" WC="0.96" CONTENT="för"/><SP WIDTH="15" VPOS="495" HPOS="796"/>
							<String ID="string_71" HPOS="811" VPOS="496" WIDTH="54" HEIGHT="25" WC="0.96" CONTENT="dem,"/>
						</TextLine>
						<TextLine ID="line_10" HPOS="111" VPOS="529" WIDTH="755" HEIGHT="29">
							<String ID="string_72" HPOS="111" VPOS="537" WIDTH="45" HEIGHT="15" WC="0.93" CONTENT="som"/><SP WIDTH="23" VPOS="537" HPOS="156"/>
							<String ID="string_73" HPOS="179" VPOS="531" WIDTH="88" HEIGHT="21" WC="0.89" CONTENT="studera"/><SP WIDTH="22" VPOS="531" HPOS="267"/>
							<String ID="string_74" HPOS="289" VPOS="531" WIDTH="35" HEIGHT="21" WC="0.92" CONTENT="vid"/><SP WIDTH="22" VPOS="531" HPOS="324"/>
							<String ID="string_75" HPOS="346" VPOS="531" WIDTH="100" HEIGHT="21" WC="0.92" CONTENT="läroverk"/><SP WIDTH="23" VPOS="531" HPOS="446"/>
							<String ID="string_76" HPOS="469" VPOS="531" WIDTH="23" HEIGHT="21" WC="0.96" CONTENT="af"/><SP WIDTH="12" VPOS="531" HPOS="492"/>
							<String ID="string_77" HPOS="504" VPOS="531" WIDTH="70" HEIGHT="22" WC="0.93" CONTENT="första"/><SP WIDTH="15" VPOS="531" HPOS="574"/>
							<String ID="string_78" HPOS="589" VPOS="531" WIDTH="120" HEIGHT="27" WC="0.93" CONTENT="kategorin,"/><SP WIDTH="17" VPOS="531" HPOS="709"/>
							<String ID="string_79" HPOS="726" VPOS="531" WIDTH="19" HEIGHT="21" WC="0.93" CONTENT="d."/><SP WIDTH="16" VPOS="531" HPOS="745"/>
							<String ID="string_80" HPOS="761" VPOS="537" WIDTH="20" HEIGHT="15" WC="0.96" CONTENT="v."/><SP WIDTH="16" VPOS="537" HPOS="781"/>
							<String ID="string_81" HPOS="797" VPOS="537" WIDTH="17" HEIGHT="15" WC="0.96" CONTENT="s."/><SP WIDTH="16" VPOS="537" HPOS="814"/>
							<String ID="string_82" HPOS="830" VPOS="529" WIDTH="36" HEIGHT="22" WC="0.96" CONTENT="vid"/>
						</TextLine>
						<TextLine ID="line_11" HPOS="110" VPOS="565" WIDTH="756" HEIGHT="28">
							<String ID="string_83" HPOS="110" VPOS="565" WIDTH="118" HEIGHT="28" WC="0.96" CONTENT="Kejserliga"/><SP WIDTH="15" VPOS="565" HPOS="228"/>
							<String ID="string_84" HPOS="243" VPOS="565" WIDTH="131" HEIGHT="22" WC="0.96" CONTENT="Alexanders"/><SP WIDTH="15" VPOS="565" HPOS="374"/>
							<String ID="string_85" HPOS="389" VPOS="565" WIDTH="157" HEIGHT="22" WC="0.96" CONTENT="Universitetet"/><SP WIDTH="15" VPOS="565" HPOS="546"/>
							<String ID="string_86" HPOS="561" VPOS="565" WIDTH="39" HEIGHT="22" WC="0.93" CONTENT="och"/><SP WIDTH="12" VPOS="565" HPOS="600"/>
							<String ID="string_87" HPOS="612" VPOS="565" WIDTH="153" HEIGHT="28" WC="0.93" CONTENT="Polytekniska"/><SP WIDTH="9" VPOS="565" HPOS="765"/>
							<String ID="string_88" HPOS="774" VPOS="565" WIDTH="92" HEIGHT="22" WC="0.93" CONTENT="Institu-"/>
						</TextLine>
						<TextLine ID="line_12" HPOS="111" VPOS="599" WIDTH="628" HEIGHT="28">
							<String ID="string_89" HPOS="111" VPOS="601" WIDTH="33" HEIGHT="20" WC="0.96" CONTENT="tet"/><SP WIDTH="14" VPOS="601" HPOS="144"/>
							<String ID="string_90" HPOS="158" VPOS="600" WIDTH="6" HEIGHT="21" WC="0.96" CONTENT="i"/><SP WIDTH="15" VPOS="600" HPOS="164"/>
							<String ID="string_91" HPOS="179" VPOS="599" WIDTH="140" HEIGHT="28" WC="0.96" CONTENT="Helsingfors,"/><SP WIDTH="16" VPOS="599" HPOS="319"/>
							<String ID="string_92" HPOS="335" VPOS="601" WIDTH="57" HEIGHT="20" WC="0.96" CONTENT="samt"/><SP WIDTH="15" VPOS="601" HPOS="392"/>
							<String ID="string_93" HPOS="407" VPOS="600" WIDTH="35" HEIGHT="21" WC="0.93" CONTENT="vid"/><SP WIDTH="14" VPOS="600" HPOS="442"/>
							<String ID="string_94" HPOS="456" VPOS="600" WIDTH="177" HEIGHT="21" WC="0.92" CONTENT="Forstinstitutet"/><SP WIDTH="15" VPOS="600" HPOS="633"/>
							<String ID="string_95" HPOS="648" VPOS="600" WIDTH="6" HEIGHT="21" WC="0.93" CONTENT="i"/><SP WIDTH="15" VPOS="600" HPOS="654"/>
							<String ID="string_96" HPOS="669" VPOS="600" WIDTH="70" HEIGHT="21" WC="0.93" CONTENT="Evois."/>
						</TextLine>
					</TextBlock>
					<TextBlock ID="block_5" HPOS="110" VPOS="627" WIDTH="757" HEIGHT="139">
						<TextLine ID="line_13" HPOS="180" VPOS="627" WIDTH="687" HEIGHT="35">
							<String ID="string_97" HPOS="180" VPOS="627" WIDTH="28" HEIGHT="27" WC="0.92" CONTENT="Ät"/><SP WIDTH="15" VPOS="627" HPOS="208"/>
							<String ID="string_98" HPOS="223" VPOS="633" WIDTH="68" HEIGHT="22" WC="0.90" CONTENT="finske"/><SP WIDTH="14" VPOS="633" HPOS="291"/>
							<String ID="string_99" HPOS="305" VPOS="634" WIDTH="129" HEIGHT="27" WC="0.91" CONTENT="infödingar,"/><SP WIDTH="16" VPOS="634" HPOS="434"/>
							<String ID="string_100" HPOS="450" VPOS="641" WIDTH="45" HEIGHT="14" WC="0.93" CONTENT="som"/><SP WIDTH="15" VPOS="641" HPOS="495"/>
							<String ID="string_101" HPOS="510" VPOS="634" WIDTH="126" HEIGHT="28" WC="0.92" CONTENT="uppfostras"/><SP WIDTH="16" VPOS="634" HPOS="636"/>
							<String ID="string_102" HPOS="652" VPOS="635" WIDTH="7" HEIGHT="20" WC="0.93" CONTENT="i"/><SP WIDTH="15" VPOS="635" HPOS="659"/>
							<String ID="string_103" HPOS="674" VPOS="634" WIDTH="98" HEIGHT="21" WC="0.91" CONTENT="läroverk"/><SP WIDTH="13" VPOS="634" HPOS="772"/>
							<String ID="string_104" HPOS="785" VPOS="635" WIDTH="7" HEIGHT="20" WC="0.93" CONTENT="i"/><SP WIDTH="10" VPOS="635" HPOS="792"/>
							<String ID="string_105" HPOS="802" VPOS="634" WIDTH="65" HEIGHT="26" WC="0.93" CONTENT="Ryss-"/>
						</TextLine>
						<TextLine ID="line_14" HPOS="110" VPOS="668" WIDTH="756" HEIGHT="28">
							<String ID="string_106" HPOS="110" VPOS="668" WIDTH="63" HEIGHT="22" WC="0.92" CONTENT="lands"/><SP WIDTH="22" VPOS="668" HPOS="173"/>
							<String ID="string_107" HPOS="195" VPOS="668" WIDTH="68" HEIGHT="28" WC="0.91" CONTENT="öfriga"/><SP WIDTH="22" VPOS="668" HPOS="263"/>
							<String ID="string_108" HPOS="285" VPOS="670" WIDTH="154" HEIGHT="26" WC="0.92" CONTENT="guvernement"/><SP WIDTH="22" VPOS="670" HPOS="439"/>
							<String ID="string_109" HPOS="461" VPOS="669" WIDTH="39" HEIGHT="21" WC="0.93" CONTENT="och"/><SP WIDTH="15" VPOS="669" HPOS="500"/>
							<String ID="string_110" HPOS="515" VPOS="669" WIDTH="119" HEIGHT="27" WC="0.92" CONTENT="provinser,"/><SP WIDTH="16" VPOS="669" HPOS="634"/>
							<String ID="string_111" HPOS="650" VPOS="668" WIDTH="87" HEIGHT="28" WC="0.96" CONTENT="beviljas"/><SP WIDTH="15" VPOS="668" HPOS="737"/>
							<String ID="string_112" HPOS="752" VPOS="668" WIDTH="34" HEIGHT="22" WC="0.93" CONTENT="för"/><SP WIDTH="16" VPOS="668" HPOS="786"/>
							<String ID="string_113" HPOS="802" VPOS="668" WIDTH="64" HEIGHT="22" WC="0.92" CONTENT="afslu-"/>
						</TextLine>
						<TextLine ID="line_15" HPOS="111" VPOS="703" WIDTH="755" HEIGHT="27">
							<String ID="string_114" HPOS="111" VPOS="703" WIDTH="66" HEIGHT="21" WC="0.92" CONTENT="tande"/><SP WIDTH="15" VPOS="703" HPOS="177"/>
							<String ID="string_115" HPOS="192" VPOS="703" WIDTH="23" HEIGHT="21" WC="0.96" CONTENT="af"/><SP WIDTH="13" VPOS="703" HPOS="215"/>
							<String ID="string_116" HPOS="228" VPOS="703" WIDTH="82" HEIGHT="21" WC="0.93" CONTENT="studier"/><SP WIDTH="16" VPOS="703" HPOS="310"/>
							<String ID="string_117" HPOS="326" VPOS="703" WIDTH="78" HEIGHT="21" WC="0.92" CONTENT="sädant"/><SP WIDTH="15" VPOS="703" HPOS="404"/>
							<String ID="string_118" HPOS="419" VPOS="703" WIDTH="97" HEIGHT="27" WC="0.93" CONTENT="uppskof"/><SP WIDTH="13" VPOS="703" HPOS="516"/>
							<String ID="string_119" HPOS="529" VPOS="704" WIDTH="48" HEIGHT="21" WC="0.92" CONTENT="med"/><SP WIDTH="15" VPOS="704" HPOS="577"/>
							<String ID="string_120" HPOS="592" VPOS="703" WIDTH="86" HEIGHT="22" WC="0.92" CONTENT="inträde"/><SP WIDTH="16" VPOS="703" HPOS="678"/>
							<String ID="string_121" HPOS="694" VPOS="703" WIDTH="35" HEIGHT="21" WC="0.93" CONTENT="vid"/><SP WIDTH="10" VPOS="703" HPOS="729"/>
							<String ID="string_122" HPOS="739" VPOS="704" WIDTH="127" HEIGHT="26" WC="0.92" CONTENT="trupperna,"/>
						</TextLine>
						<TextLine ID="line_16" HPOS="111" VPOS="737" WIDTH="480" HEIGHT="29">
							<String ID="string_123" HPOS="111" VPOS="743" WIDTH="46" HEIGHT="15" WC="0.91" CONTENT="som"/><SP WIDTH="16" VPOS="743" HPOS="157"/>
							<String ID="string_124" HPOS="173" VPOS="737" WIDTH="69" HEIGHT="22" WC="0.91" CONTENT="elever"/><SP WIDTH="14" VPOS="737" HPOS="242"/>
							<String ID="string_125" HPOS="256" VPOS="738" WIDTH="35" HEIGHT="21" WC="0.96" CONTENT="vid"/><SP WIDTH="15" VPOS="738" HPOS="291"/>
							<String ID="string_126" HPOS="306" VPOS="738" WIDTH="63" HEIGHT="21" WC="0.93" CONTENT="dessa"/><SP WIDTH="14" VPOS="738" HPOS="369"/>
							<String ID="string_127" HPOS="383" VPOS="738" WIDTH="100" HEIGHT="21" WC="0.92" CONTENT="läroverk"/><SP WIDTH="16" VPOS="738" HPOS="483"/>
							<String ID="string_128" HPOS="499" VPOS="738" WIDTH="92" HEIGHT="28" WC="0.92" CONTENT="ätnjuta."/>
						</TextLine>
					</TextBlock>
				</ComposedBlock>
				<ComposedBlock ID="cblock_2" HPOS="111" VPOS="794" WIDTH="757" HEIGHT="194">
					<TextBlock ID="block_6" HPOS="111" VPOS="794" WIDTH="757" HEIGHT="194">
						<TextLine ID="line_17" HPOS="180" VPOS="794" WIDTH="687" HEIGHT="28">
							<String ID="string_129" HPOS="180" VPOS="796" WIDTH="50" HEIGHT="19" WC="0.94" CONTENT="Art."/><SP WIDTH="23" VPOS="796" HPOS="230"/>
							<String ID="string_130" HPOS="253" VPOS="797" WIDTH="42" HEIGHT="19" WC="0.92" CONTENT="43."/><SP WIDTH="30" VPOS="797" HPOS="295"/>
							<String ID="string_131" HPOS="325" VPOS="795" WIDTH="76" HEIGHT="21" WC="0.89" CONTENT="Elever"/><SP WIDTH="15" VPOS="795" HPOS="401"/>
							<String ID="string_132" HPOS="416" VPOS="795" WIDTH="7" HEIGHT="21" WC="0.90" CONTENT="i"/><SP WIDTH="15" VPOS="795" HPOS="423"/>
							<String ID="string_133" HPOS="438" VPOS="795" WIDTH="99" HEIGHT="21" WC="0.88" CONTENT="läroverk"/><SP WIDTH="22" VPOS="795" HPOS="537"/>
							<String ID="string_134" HPOS="559" VPOS="795" WIDTH="23" HEIGHT="21" WC="0.96" CONTENT="af"/><SP WIDTH="20" VPOS="795" HPOS="582"/>
							<String ID="string_135" HPOS="602" VPOS="794" WIDTH="70" HEIGHT="22" WC="0.93" CONTENT="första"/><SP WIDTH="22" VPOS="794" HPOS="672"/>
							<String ID="string_136" HPOS="694" VPOS="794" WIDTH="113" HEIGHT="28" WC="0.92" CONTENT="kategorin"/><SP WIDTH="21" VPOS="794" HPOS="807"/>
							<String ID="string_137" HPOS="828" VPOS="795" WIDTH="39" HEIGHT="19" WC="0.92" CONTENT="äro"/>
						</TextLine>
						<TextLine ID="line_18" HPOS="111" VPOS="828" WIDTH="757" HEIGHT="28">
							<String ID="string_138" HPOS="111" VPOS="828" WIDTH="135" HEIGHT="28" WC="0.89" CONTENT="berättigade"/><SP WIDTH="22" VPOS="828" HPOS="246"/>
							<String ID="string_139" HPOS="268" VPOS="830" WIDTH="34" HEIGHT="20" WC="0.96" CONTENT="att"/><SP WIDTH="18" VPOS="830" HPOS="302"/>
							<String ID="string_140" HPOS="320" VPOS="831" WIDTH="74" HEIGHT="19" WC="0.93" CONTENT="senast"/><SP WIDTH="14" VPOS="831" HPOS="394"/>
							<String ID="string_141" HPOS="408" VPOS="830" WIDTH="38" HEIGHT="20" WC="0.92" CONTENT="tvä"/><SP WIDTH="15" VPOS="830" HPOS="446"/>
							<String ID="string_142" HPOS="461" VPOS="830" WIDTH="103" HEIGHT="21" WC="0.92" CONTENT="mänader"/><SP WIDTH="15" VPOS="830" HPOS="564"/>
							<String ID="string_143" HPOS="579" VPOS="829" WIDTH="46" HEIGHT="22" WC="0.93" CONTENT="före"/><SP WIDTH="15" VPOS="829" HPOS="625"/>
							<String ID="string_144" HPOS="640" VPOS="829" WIDTH="111" HEIGHT="27" WC="0.92" CONTENT="uppbädet"/><SP WIDTH="15" VPOS="829" HPOS="751"/>
							<String ID="string_145" HPOS="766" VPOS="828" WIDTH="34" HEIGHT="22" WC="0.93" CONTENT="till"/><SP WIDTH="16" VPOS="828" HPOS="800"/>
							<String ID="string_146" HPOS="816" VPOS="828" WIDTH="52" HEIGHT="21" WC="0.91" CONTENT="lott-"/>
						</TextLine>
						<TextLine ID="line_19" HPOS="111" VPOS="862" WIDTH="755" HEIGHT="29">
							<String ID="string_147" HPOS="111" VPOS="863" WIDTH="51" HEIGHT="27" WC="0.93" CONTENT="ning"/><SP WIDTH="22" VPOS="863" HPOS="162"/>
							<String ID="string_148" HPOS="184" VPOS="863" WIDTH="85" HEIGHT="21" WC="0.91" CONTENT="anmäla"/><SP WIDTH="19" VPOS="863" HPOS="269"/>
							<String ID="string_149" HPOS="288" VPOS="864" WIDTH="32" HEIGHT="21" WC="0.93" CONTENT="sin"/><SP WIDTH="17" VPOS="864" HPOS="320"/>
							<String ID="string_150" HPOS="337" VPOS="864" WIDTH="82" HEIGHT="21" WC="0.92" CONTENT="önskan"/><SP WIDTH="17" VPOS="864" HPOS="419"/>
							<String ID="string_151" HPOS="436" VPOS="865" WIDTH="34" HEIGHT="20" WC="0.96" CONTENT="att"/><SP WIDTH="14" VPOS="865" HPOS="470"/>
							<String ID="string_152" HPOS="484" VPOS="866" WIDTH="79" HEIGHT="25" WC="0.93" CONTENT="utgöra"/><SP WIDTH="15" VPOS="866" HPOS="563"/>
							<String ID="string_153" HPOS="578" VPOS="864" WIDTH="149" HEIGHT="26" WC="0.91" CONTENT="värnepligten"/><SP WIDTH="15" VPOS="864" HPOS="727"/>
							<String ID="string_154" HPOS="742" VPOS="864" WIDTH="72" HEIGHT="20" WC="0.92" CONTENT="säsom"/><SP WIDTH="16" VPOS="864" HPOS="814"/>
							<String ID="string_155" HPOS="830" VPOS="862" WIDTH="36" HEIGHT="21" WC="0.89" CONTENT="fri-"/>
						</TextLine>
						<TextLine ID="line_20" HPOS="111" VPOS="896" WIDTH="757" HEIGHT="29">
							<String ID="string_156" HPOS="111" VPOS="897" WIDTH="75" HEIGHT="27" WC="0.92" CONTENT="villige."/><SP WIDTH="30" VPOS="897" HPOS="186"/>
							<String ID="string_157" HPOS="216" VPOS="898" WIDTH="39" HEIGHT="24" WC="0.95" CONTENT="De,"/><SP WIDTH="23" VPOS="898" HPOS="255"/>
							<String ID="string_158" HPOS="278" VPOS="904" WIDTH="46" HEIGHT="15" WC="0.93" CONTENT="som"/><SP WIDTH="22" VPOS="904" HPOS="324"/>
							<String ID="string_159" HPOS="346" VPOS="898" WIDTH="75" HEIGHT="21" WC="0.92" CONTENT="härom"/><SP WIDTH="23" VPOS="898" HPOS="421"/>
							<String ID="string_160" HPOS="444" VPOS="898" WIDTH="89" HEIGHT="27" WC="0.91" CONTENT="anmält,"/><SP WIDTH="22" VPOS="898" HPOS="533"/>
							<String ID="string_161" HPOS="555" VPOS="898" WIDTH="80" HEIGHT="22" WC="0.91" CONTENT="befrias"/><SP WIDTH="20" VPOS="898" HPOS="635"/>
							<String ID="string_162" HPOS="655" VPOS="897" WIDTH="48" HEIGHT="22" WC="0.92" CONTENT="frän"/><SP WIDTH="15" VPOS="897" HPOS="703"/>
							<String ID="string_163" HPOS="718" VPOS="898" WIDTH="95" HEIGHT="26" WC="0.93" CONTENT="lottning"/><SP WIDTH="15" VPOS="898" HPOS="813"/>
							<String ID="string_164" HPOS="828" VPOS="896" WIDTH="40" HEIGHT="22" WC="0.96" CONTENT="och"/>
						</TextLine>
						<TextLine ID="line_21" HPOS="111" VPOS="931" WIDTH="757" HEIGHT="29">
							<String ID="string_165" HPOS="111" VPOS="932" WIDTH="85" HEIGHT="21" WC="0.96" CONTENT="komma"/><SP WIDTH="15" VPOS="932" HPOS="196"/>
							<String ID="string_166" HPOS="211" VPOS="932" WIDTH="7" HEIGHT="21" WC="0.93" CONTENT="i"/><SP WIDTH="16" VPOS="932" HPOS="218"/>
							<String ID="string_167" HPOS="234" VPOS="932" WIDTH="128" HEIGHT="28" WC="0.91" CONTENT="ätnjutande"/><SP WIDTH="15" VPOS="932" HPOS="362"/>
							<String ID="string_168" HPOS="377" VPOS="932" WIDTH="24" HEIGHT="21" WC="0.96" CONTENT="af"/><SP WIDTH="12" VPOS="932" HPOS="401"/>
							<String ID="string_169" HPOS="413" VPOS="932" WIDTH="40" HEIGHT="22" WC="0.93" CONTENT="här"/><SP WIDTH="15" VPOS="932" HPOS="453"/>
							<String ID="string_170" HPOS="468" VPOS="932" WIDTH="63" HEIGHT="22" WC="0.93" CONTENT="ofvan"/><SP WIDTH="16" VPOS="932" HPOS="531"/>
							<String ID="string_171" HPOS="547" VPOS="932" WIDTH="106" HEIGHT="28" WC="0.92" CONTENT="stadgade"/><SP WIDTH="16" VPOS="932" HPOS="653"/>
							<String ID="string_172" HPOS="669" VPOS="932" WIDTH="94" HEIGHT="28" WC="0.92" CONTENT="uppskof"/><SP WIDTH="13" VPOS="932" HPOS="763"/>
							<String ID="string_173" HPOS="776" VPOS="931" WIDTH="34" HEIGHT="22" WC="0.93" CONTENT="för"/><SP WIDTH="11" VPOS="931" HPOS="810"/>
							<String ID="string_174" HPOS="821" VPOS="932" WIDTH="47" HEIGHT="20" WC="0.93" CONTENT="stu-"/>
						</TextLine>
						<TextLine ID="line_22" HPOS="112" VPOS="966" WIDTH="212" HEIGHT="22">
							<String ID="string_175" HPOS="112" VPOS="966" WIDTH="56" HEIGHT="21" WC="0.91" CONTENT="diers"/><SP WIDTH="16" VPOS="966" HPOS="168"/>
							<String ID="string_176" HPOS="184" VPOS="966" WIDTH="140" HEIGHT="22" WC="0.91" CONTENT="slutförande."/>
						</TextLine>
					</TextBlock>
				</ComposedBlock>
				<ComposedBlock ID="cblock_3" HPOS="111" VPOS="1024" WIDTH="758" HEIGHT="166">
					<TextBlock ID="block_7" HPOS="111" VPOS="1024" WIDTH="758" HEIGHT="166">
						<TextLine ID="line_23" HPOS="180" VPOS="1024" WIDTH="688" HEIGHT="28">
							<String ID="string_177" HPOS="180" VPOS="1026" WIDTH="50" HEIGHT="18" WC="0.93" CONTENT="Art."/><SP WIDTH="24" VPOS="1026" HPOS="230"/>
							<String ID="string_178" HPOS="254" VPOS="1026" WIDTH="41" HEIGHT="18" WC="0.96" CONTENT="44."/><SP WIDTH="30" VPOS="1026" HPOS="295"/>
							<String ID="string_179" HPOS="325" VPOS="1024" WIDTH="112" HEIGHT="27" WC="0.96" CONTENT="Personer,"/><SP WIDTH="21" VPOS="1024" HPOS="437"/>
							<String ID="string_180" HPOS="458" VPOS="1031" WIDTH="45" HEIGHT="15" WC="0.96" CONTENT="som"/><SP WIDTH="16" VPOS="1031" HPOS="503"/>
							<String ID="string_181" HPOS="519" VPOS="1026" WIDTH="48" HEIGHT="20" WC="0.93" CONTENT="med"/><SP WIDTH="15" VPOS="1026" HPOS="567"/>
							<String ID="string_182" HPOS="582" VPOS="1025" WIDTH="113" HEIGHT="27" WC="0.92" CONTENT="framgäng"/><SP WIDTH="15" VPOS="1025" HPOS="695"/>
							<String ID="string_183" HPOS="710" VPOS="1024" WIDTH="90" HEIGHT="22" WC="0.92" CONTENT="afslutat"/><SP WIDTH="15" VPOS="1024" HPOS="800"/>
							<String ID="string_184" HPOS="815" VPOS="1024" WIDTH="53" HEIGHT="21" WC="0.97" CONTENT="kurs"/>
						</TextLine>
						<TextLine ID="line_24" HPOS="111" VPOS="1058" WIDTH="757" HEIGHT="28">
							<String ID="string_185" HPOS="111" VPOS="1058" WIDTH="7" HEIGHT="21" WC="0.93" CONTENT="i"/><SP WIDTH="15" VPOS="1058" HPOS="118"/>
							<String ID="string_186" HPOS="133" VPOS="1058" WIDTH="91" HEIGHT="22" WC="0.92" CONTENT="ortodox"/><SP WIDTH="16" VPOS="1058" HPOS="224"/>
							<String ID="string_187" HPOS="240" VPOS="1059" WIDTH="72" HEIGHT="27" WC="0.92" CONTENT="andlig"/><SP WIDTH="15" VPOS="1059" HPOS="312"/>
							<String ID="string_188" HPOS="327" VPOS="1059" WIDTH="98" HEIGHT="21" WC="0.91" CONTENT="akademi"/><SP WIDTH="17" VPOS="1059" HPOS="425"/>
							<String ID="string_189" HPOS="442" VPOS="1059" WIDTH="50" HEIGHT="21" WC="0.93" CONTENT="eller"/><SP WIDTH="11" VPOS="1059" HPOS="492"/>
							<String ID="string_190" HPOS="503" VPOS="1060" WIDTH="144" HEIGHT="26" WC="0.92" CONTENT="seminarium,"/><SP WIDTH="13" VPOS="1060" HPOS="647"/>
							<String ID="string_191" HPOS="660" VPOS="1060" WIDTH="106" HEIGHT="21" WC="0.92" CONTENT="äfvensom"/><SP WIDTH="10" VPOS="1060" HPOS="766"/>
							<String ID="string_192" HPOS="776" VPOS="1058" WIDTH="37" HEIGHT="22" WC="0.93" CONTENT="vid"/><SP WIDTH="9" VPOS="1058" HPOS="813"/>
							<String ID="string_193" HPOS="822" VPOS="1060" WIDTH="46" HEIGHT="20" WC="0.93" CONTENT="teo-"/>
						</TextLine>
						<TextLine ID="line_25" HPOS="111" VPOS="1092" WIDTH="758" HEIGHT="29">
							<String ID="string_194" HPOS="111" VPOS="1093" WIDTH="82" HEIGHT="27" WC="0.93" CONTENT="logiska"/><SP WIDTH="15" VPOS="1093" HPOS="193"/>
							<String ID="string_195" HPOS="208" VPOS="1093" WIDTH="120" HEIGHT="22" WC="0.96" CONTENT="fakulteten"/><SP WIDTH="16" VPOS="1093" HPOS="328"/>
							<String ID="string_196" HPOS="344" VPOS="1093" WIDTH="23" HEIGHT="22" WC="0.93" CONTENT="af"/><SP WIDTH="13" VPOS="1093" HPOS="367"/>
							<String ID="string_197" HPOS="380" VPOS="1094" WIDTH="131" HEIGHT="22" WC="0.93" CONTENT="Alexanders"/><SP WIDTH="15" VPOS="1094" HPOS="511"/>
							<String ID="string_198" HPOS="526" VPOS="1094" WIDTH="135" HEIGHT="27" WC="0.93" CONTENT="universitet,"/><SP WIDTH="16" VPOS="1094" HPOS="661"/>
							<String ID="string_199" HPOS="677" VPOS="1094" WIDTH="84" HEIGHT="27" WC="0.93" CONTENT="ätnjuta"/><SP WIDTH="11" VPOS="1094" HPOS="761"/>
							<String ID="string_200" HPOS="772" VPOS="1093" WIDTH="54" HEIGHT="22" WC="0.93" CONTENT="efter"/><SP WIDTH="11" VPOS="1093" HPOS="826"/>
							<String ID="string_201" HPOS="837" VPOS="1092" WIDTH="32" HEIGHT="22" WC="0.93" CONTENT="af-"/>
						</TextLine>
						<TextLine ID="line_26" HPOS="111" VPOS="1128" WIDTH="757" HEIGHT="28">
							<String ID="string_202" HPOS="111" VPOS="1128" WIDTH="72" HEIGHT="21" WC="0.92" CONTENT="slutad"/><SP WIDTH="15" VPOS="1128" HPOS="183"/>
							<String ID="string_203" HPOS="198" VPOS="1128" WIDTH="52" HEIGHT="21" WC="0.96" CONTENT="kurs"/><SP WIDTH="17" VPOS="1128" HPOS="250"/>
							<String ID="string_204" HPOS="267" VPOS="1129" WIDTH="32" HEIGHT="20" WC="0.93" CONTENT="ett"/><SP WIDTH="15" VPOS="1129" HPOS="299"/>
							<String ID="string_205" HPOS="314" VPOS="1129" WIDTH="36" HEIGHT="21" WC="0.93" CONTENT="ärs"/><SP WIDTH="15" VPOS="1129" HPOS="350"/>
							<String ID="string_206" HPOS="365" VPOS="1128" WIDTH="95" HEIGHT="28" WC="0.92" CONTENT="uppskof"/><SP WIDTH="11" VPOS="1128" HPOS="460"/>
							<String ID="string_207" HPOS="471" VPOS="1128" WIDTH="33" HEIGHT="22" WC="0.93" CONTENT="för"/><SP WIDTH="10" VPOS="1128" HPOS="504"/>
							<String ID="string_208" HPOS="514" VPOS="1129" WIDTH="103" HEIGHT="21" WC="0.92" CONTENT="inträde"/><SP WIDTH="-6" VPOS="1129" HPOS="617"/>
							<String ID="string_209" HPOS="611" VPOS="1124" WIDTH="9" HEIGHT="36" WC="0.96" CONTENT="i"/><SP WIDTH="10" VPOS="1124" HPOS="620"/>
							<String ID="string_210" HPOS="630" VPOS="1129" WIDTH="36" HEIGHT="21" WC="0.93" CONTENT="det"/><SP WIDTH="11" VPOS="1129" HPOS="666"/>
							<String ID="string_211" HPOS="677" VPOS="1129" WIDTH="85" HEIGHT="27" WC="0.93" CONTENT="andliga"/><SP WIDTH="10" VPOS="1129" HPOS="762"/>
							<String ID="string_212" HPOS="772" VPOS="1128" WIDTH="96" HEIGHT="25" WC="0.90" CONTENT="ständet,"/>
						</TextLine>
						<TextLine ID="line_27" HPOS="111" VPOS="1162" WIDTH="407" HEIGHT="28">
							<String ID="string_213" HPOS="111" VPOS="1162" WIDTH="80" HEIGHT="22" WC="0.90" CONTENT="hvilket"/><SP WIDTH="15" VPOS="1162" HPOS="191"/>
							<String ID="string_214" HPOS="206" VPOS="1162" WIDTH="80" HEIGHT="22" WC="0.93" CONTENT="befriar"/><SP WIDTH="14" VPOS="1162" HPOS="286"/>
							<String ID="string_215" HPOS="300" VPOS="1162" WIDTH="48" HEIGHT="22" WC="0.91" CONTENT="frän"/><SP WIDTH="15" VPOS="1162" HPOS="348"/>
							<String ID="string_216" HPOS="363" VPOS="1163" WIDTH="155" HEIGHT="27" WC="0.91" CONTENT="värnepligten."/>
						</TextLine>
					</TextBlock>
				</ComposedBlock>
				<ComposedBlock ID="cblock_4" HPOS="111" VPOS="1220" WIDTH="758" HEIGHT="131">
					<TextBlock ID="block_8" HPOS="111" VPOS="1220" WIDTH="758" HEIGHT="131">
						<TextLine ID="line_28" HPOS="180" VPOS="1220" WIDTH="688" HEIGHT="28">
							<String ID="string_217" HPOS="180" VPOS="1222" WIDTH="50" HEIGHT="18" WC="0.95" CONTENT="Art."/><SP WIDTH="17" VPOS="1222" HPOS="230"/>
							<String ID="string_218" HPOS="247" VPOS="1222" WIDTH="42" HEIGHT="18" WC="0.96" CONTENT="45."/><SP WIDTH="25" VPOS="1222" HPOS="289"/>
							<String ID="string_219" HPOS="314" VPOS="1220" WIDTH="43" HEIGHT="22" WC="0.96" CONTENT="För"/><SP WIDTH="15" VPOS="1220" HPOS="357"/>
							<String ID="string_220" HPOS="372" VPOS="1227" WIDTH="110" HEIGHT="21" WC="0.93" CONTENT="personer,"/><SP WIDTH="16" VPOS="1227" HPOS="482"/>
							<String ID="string_221" HPOS="498" VPOS="1221" WIDTH="71" HEIGHT="21" WC="0.92" CONTENT="hvilka"/><SP WIDTH="15" VPOS="1221" HPOS="569"/>
							<String ID="string_222" HPOS="584" VPOS="1221" WIDTH="35" HEIGHT="21" WC="0.93" CONTENT="vid"/><SP WIDTH="11" VPOS="1221" HPOS="619"/>
							<String ID="string_223" HPOS="630" VPOS="1220" WIDTH="65" HEIGHT="22" WC="0.93" CONTENT="finskt"/><SP WIDTH="10" VPOS="1220" HPOS="695"/>
							<String ID="string_224" HPOS="705" VPOS="1221" WIDTH="99" HEIGHT="21" WC="0.93" CONTENT="läroverk"/><SP WIDTH="11" VPOS="1221" HPOS="804"/>
							<String ID="string_225" HPOS="815" VPOS="1226" WIDTH="53" HEIGHT="16" WC="0.93" CONTENT="vun-"/>
						</TextLine>
						<TextLine ID="line_29" HPOS="111" VPOS="1254" WIDTH="758" HEIGHT="28">
							<String ID="string_226" HPOS="111" VPOS="1254" WIDTH="33" HEIGHT="21" WC="0.91" CONTENT="nit"/><SP WIDTH="19" VPOS="1254" HPOS="144"/>
							<String ID="string_227" HPOS="163" VPOS="1254" WIDTH="69" HEIGHT="21" WC="0.93" CONTENT="nedan"/><SP WIDTH="21" VPOS="1254" HPOS="232"/>
							<String ID="string_228" HPOS="253" VPOS="1255" WIDTH="87" HEIGHT="27" WC="0.92" CONTENT="angifna"/><SP WIDTH="16" VPOS="1255" HPOS="340"/>
							<String ID="string_229" HPOS="356" VPOS="1255" WIDTH="187" HEIGHT="27" WC="0.92" CONTENT="bildningsgrader"/><SP WIDTH="15" VPOS="1255" HPOS="543"/>
							<String ID="string_230" HPOS="558" VPOS="1256" WIDTH="39" HEIGHT="21" WC="0.93" CONTENT="och"/><SP WIDTH="15" VPOS="1256" HPOS="597"/>
							<String ID="string_231" HPOS="612" VPOS="1255" WIDTH="73" HEIGHT="21" WC="0.92" CONTENT="hvilka"/><SP WIDTH="15" VPOS="1255" HPOS="685"/>
							<String ID="string_232" HPOS="700" VPOS="1255" WIDTH="60" HEIGHT="22" WC="0.93" CONTENT="skola"/><SP WIDTH="15" VPOS="1255" HPOS="760"/>
							<String ID="string_233" HPOS="775" VPOS="1255" WIDTH="94" HEIGHT="26" WC="0.92" CONTENT="fullgöra"/>
						</TextLine>
						<TextLine ID="line_30" HPOS="111" VPOS="1288" WIDTH="758" HEIGHT="29">
							<String ID="string_234" HPOS="111" VPOS="1288" WIDTH="33" HEIGHT="22" WC="0.92" CONTENT="sin"/><SP WIDTH="15" VPOS="1288" HPOS="144"/>
							<String ID="string_235" HPOS="159" VPOS="1288" WIDTH="121" HEIGHT="28" WC="0.91" CONTENT="värnepligt"/><SP WIDTH="15" VPOS="1288" HPOS="280"/>
							<String ID="string_236" HPOS="295" VPOS="1290" WIDTH="29" HEIGHT="26" WC="0.96" CONTENT="pä"/><SP WIDTH="14" VPOS="1290" HPOS="324"/>
							<String ID="string_237" HPOS="338" VPOS="1290" WIDTH="71" HEIGHT="26" WC="0.96" CONTENT="grund"/><SP WIDTH="17" VPOS="1290" HPOS="409"/>
							<String ID="string_238" HPOS="426" VPOS="1290" WIDTH="22" HEIGHT="20" WC="0.80" CONTENT="af"/><SP WIDTH="8" VPOS="1290" HPOS="448"/>
							<String ID="string_239" HPOS="456" VPOS="1290" WIDTH="101" HEIGHT="27" WC="0.80" CONTENT="lottning,"/><SP WIDTH="12" VPOS="1290" HPOS="557"/>
							<String ID="string_240" HPOS="569" VPOS="1291" WIDTH="37" HEIGHT="20" WC="0.93" CONTENT="äro"/><SP WIDTH="11" VPOS="1291" HPOS="606"/>
							<String ID="string_241" HPOS="617" VPOS="1289" WIDTH="116" HEIGHT="22" WC="0.84" CONTENT="faststälda"/><SP WIDTH="9" VPOS="1289" HPOS="733"/>
							<String ID="string_242" HPOS="742" VPOS="1289" WIDTH="127" HEIGHT="22" WC="0.95" CONTENT="förkortade"/>
						</TextLine>
						<TextLine ID="line_31" HPOS="111" VPOS="1322" WIDTH="456" HEIGHT="29">
							<String ID="string_243" HPOS="111" VPOS="1322" WIDTH="142" HEIGHT="28" WC="0.90" CONTENT="tjenstetider,"/><SP WIDTH="17" VPOS="1322" HPOS="253"/>
							<String ID="string_244" HPOS="270" VPOS="1323" WIDTH="67" HEIGHT="27" WC="0.96" CONTENT="enligt"/><SP WIDTH="15" VPOS="1323" HPOS="337"/>
							<String ID="string_245" HPOS="352" VPOS="1324" WIDTH="94" HEIGHT="27" WC="0.96" CONTENT="följande"/><SP WIDTH="15" VPOS="1324" HPOS="446"/>
							<String ID="string_246" HPOS="461" VPOS="1324" WIDTH="106" HEIGHT="27" WC="0.96" CONTENT="grunder:"/>
						</TextLine>
					</TextBlock>
				</ComposedBlock>
				<ComposedBlock ID="cblock_5" HPOS="110" VPOS="1373" WIDTH="762" HEIGHT="97">
					<TextBlock ID="block_9" HPOS="110" VPOS="1373" WIDTH="762" HEIGHT="97">
						<TextLine ID="line_32" HPOS="182" VPOS="1373" WIDTH="690" HEIGHT="29">
							<String ID="string_247" HPOS="182" VPOS="1374" WIDTH="20" HEIGHT="27" WC="0.96" CONTENT="1)"/><SP WIDTH="19" VPOS="1374" HPOS="202"/>
							<String ID="string_248" HPOS="221" VPOS="1375" WIDTH="33" HEIGHT="25" WC="0.93" CONTENT="de,"/><SP WIDTH="18" VPOS="1375" HPOS="254"/>
							<String ID="string_249" HPOS="272" VPOS="1375" WIDTH="72" HEIGHT="21" WC="0.89" CONTENT="hvilka"/><SP WIDTH="16" VPOS="1375" HPOS="344"/>
							<String ID="string_250" HPOS="360" VPOS="1376" WIDTH="127" HEIGHT="26" WC="0.90" CONTENT="genomgätt"/><SP WIDTH="15" VPOS="1376" HPOS="487"/>
							<String ID="string_251" HPOS="502" VPOS="1375" WIDTH="127" HEIGHT="27" WC="0.96" CONTENT="fullständig"/><SP WIDTH="15" VPOS="1375" HPOS="629"/>
							<String ID="string_252" HPOS="644" VPOS="1376" WIDTH="52" HEIGHT="20" WC="0.96" CONTENT="kurs"/><SP WIDTH="15" VPOS="1376" HPOS="696"/>
							<String ID="string_253" HPOS="711" VPOS="1376" WIDTH="7" HEIGHT="20" WC="0.93" CONTENT="i"/><SP WIDTH="15" VPOS="1376" HPOS="718"/>
							<String ID="string_254" HPOS="733" VPOS="1375" WIDTH="99" HEIGHT="21" WC="0.92" CONTENT="läroverk"/><SP WIDTH="17" VPOS="1375" HPOS="832"/>
							<String ID="string_255" HPOS="849" VPOS="1373" WIDTH="23" HEIGHT="22" WC="0.97" CONTENT="af"/>
						</TextLine>
						<TextLine ID="line_33" HPOS="110" VPOS="1408" WIDTH="759" HEIGHT="29">
							<String ID="string_256" HPOS="110" VPOS="1408" WIDTH="69" HEIGHT="21" WC="0.90" CONTENT="första"/><SP WIDTH="22" VPOS="1408" HPOS="179"/>
							<String ID="string_257" HPOS="201" VPOS="1409" WIDTH="119" HEIGHT="27" WC="0.92" CONTENT="kategorin,"/><SP WIDTH="25" VPOS="1409" HPOS="320"/>
							<String ID="string_258" HPOS="345" VPOS="1412" WIDTH="55" HEIGHT="19" WC="0.96" CONTENT="samt"/><SP WIDTH="24" VPOS="1412" HPOS="400"/>
							<String ID="string_259" HPOS="424" VPOS="1410" WIDTH="32" HEIGHT="26" WC="0.93" CONTENT="de,"/><SP WIDTH="23" VPOS="1410" HPOS="456"/>
							<String ID="string_260" HPOS="479" VPOS="1410" WIDTH="73" HEIGHT="21" WC="0.91" CONTENT="hvilka"/><SP WIDTH="18" VPOS="1410" HPOS="552"/>
							<String ID="string_261" HPOS="570" VPOS="1410" WIDTH="127" HEIGHT="27" WC="0.92" CONTENT="genomgätt"/><SP WIDTH="15" VPOS="1410" HPOS="697"/>
							<String ID="string_262" HPOS="712" VPOS="1416" WIDTH="36" HEIGHT="15" WC="0.93" CONTENT="sex"/><SP WIDTH="15" VPOS="1416" HPOS="748"/>
							<String ID="string_263" HPOS="763" VPOS="1408" WIDTH="106" HEIGHT="22" WC="0.93" CONTENT="klasser"/><SP WIDTH="-13" VPOS="1408" HPOS="869"/>
							<String ID="string_264" HPOS="856" VPOS="1404" WIDTH="17" HEIGHT="38" WC="0.96" CONTENT="i"/>
						</TextLine>
						<TextLine ID="line_34" HPOS="111" VPOS="1443" WIDTH="760" HEIGHT="27">
							<String ID="string_265" HPOS="111" VPOS="1443" WIDTH="83" HEIGHT="20" WC="0.93" CONTENT="statens"/><SP WIDTH="23" VPOS="1443" HPOS="194"/>
							<String ID="string_266" HPOS="217" VPOS="1443" WIDTH="54" HEIGHT="21" WC="0.91" CONTENT="real-"/><SP WIDTH="22" VPOS="1443" HPOS="271"/>
							<String ID="string_267" HPOS="293" VPOS="1443" WIDTH="51" HEIGHT="22" WC="0.93" CONTENT="eller"/><SP WIDTH="22" VPOS="1443" HPOS="344"/>
							<String ID="string_268" HPOS="366" VPOS="1443" WIDTH="108" HEIGHT="22" WC="0.89" CONTENT="klassiska"/><SP WIDTH="22" VPOS="1443" HPOS="474"/>
							<String ID="string_269" HPOS="496" VPOS="1444" WIDTH="107" HEIGHT="26" WC="0.92" CONTENT="läroverk,"/><SP WIDTH="22" VPOS="1444" HPOS="603"/>
							<String ID="string_270" HPOS="625" VPOS="1443" WIDTH="107" HEIGHT="22" WC="0.92" CONTENT="äfvensom"/><SP WIDTH="16" VPOS="1443" HPOS="732"/>
							<String ID="string_271" HPOS="748" VPOS="1443" WIDTH="32" HEIGHT="26" WC="0.93" CONTENT="de,"/><SP WIDTH="17" VPOS="1443" HPOS="780"/>
							<String ID="string_272" HPOS="797" VPOS="1443" WIDTH="74" HEIGHT="21" WC="0.92" CONTENT="hvilka"/>
						</TextLine>
					</TextBlock>
				</ComposedBlock>
			</PrintSpace>
		</Page>
	</Layout>
</alto>
