1114 1786
267 123 28 20 40

308 192 24 26 2)
350 190 34 25 de,
400 189 73 21 hvilka
483 189 65 27 aflagt
559 195 87 16 examen
657 189 54 21 efter
722 189 102 22 särskildt
835 195 108 22 program,
955 197 47 15 som

239 225 55 22 efter
317 224 83 22 träffad
419 223 216 22 öfverenskommelse
651 223 48 22 med
714 223 178 27 Krigsministern
908 225 39 21 och
964 225 39 21 Mi-

238 259 84 22 nistern
342 258 36 21 för
393 257 207 28 folkupplysningen,
617 257 23 22 af
653 257 227 27 Generalguvernören
895 261 107 25 uppgöres

240 294 39 20 och
302 293 103 21 insändes
429 292 33 21 till
485 292 70 26 Nådig
571 291 138 22 stadfästelse
723 292 50 27 (art.
792 293 46 26 124,
855 299 64 15 mom.
936 295 20 25 3,
972 294 30 26 b),

241 328 40 21 och
296 326 78 23 hvilka
390 326 117 21 benämnas
522 326 100 27 frivillige
637 326 24 21 af
673 326 68 21 andra
755 326 121 27 kategorin,
887 339 27 3 —
926 328 34 20 två
971 329 30 20 år.

310 386 54 19 Art.
381 385 48 19 127.
454 382 75 22 Såsom
545 382 158 28 normalperiod
714 383 32 21 för
757 382 112 28 frivilliges
880 384 122 26 antagande

240 420 6 20 i
262 419 68 27 tjenst
347 424 64 15 anses
426 418 59 21 tiden
501 417 46 22 från
564 418 41 20 den
623 418 24 20 15
664 418 46 26 (27)
726 418 91 26 Augusti
833 418 34 21 till
881 418 40 21 den
934 420 8 19 1
956 419 46 27 (13)

240 453 99 21 Oktober
356 452 73 27 hvarje
445 453 32 20 år.
507 452 143 27 Tjenstetiden
665 452 33 21 för
714 452 54 25 dem,
784 458 46 16 som
846 452 97 28 antagits
958 453 46 21 före

241 488 40 20 den
301 488 9 20 1
328 487 49 27 (13)
393 486 134 27 September,
543 486 78 21 räknas
636 486 47 21 från
694 486 40 21 den
746 488 10 19 1
769 487 46 26 (13)
826 486 127 28 September
964 488 39 21 och

240 522 34 22 för
289 522 45 21 alla
350 521 70 27 öfriga
440 532 24 4 —
480 520 47 22 från
543 520 41 22 den
602 522 9 20 1
629 520 46 28 (13)
692 520 102 22 Oktober.

311 567 51 17 Anm.
386 566 95 22 Frivillige
493 566 64 17 kunna
569 566 74 18 inträda
655 566 30 17 vid
697 567 101 21 trupperna
810 566 56 18 äfven
878 567 24 22 på
914 567 58 18 andra
980 567 23 18 ti-

241 596 32 17 der
291 597 24 15 än
328 594 60 17 under
400 594 165 22 normalperioden,
577 594 17 17 d.
607 599 16 12 v.
636 599 13 12 s.
662 594 58 17 under
731 594 52 17 tiden
795 594 42 18 från
850 595 35 18 den
898 597 7 14 1
921 595 39 23 (13)
972 595 31 18 Ja-

241 623 54 19 nuari
306 623 32 18 till
351 622 35 18 den
400 623 20 17 15
433 622 40 24 (27)
481 622 86 23 Augusti,
576 627 41 13 men
625 622 68 18 räknas
701 622 54 18 deras
763 623 97 22 tjenstetid
869 623 54 19 äfven
931 623 6 18 i
944 623 60 19 denna

241 652 90 18 händelse
343 651 43 18 från
400 651 35 18 den
449 652 8 16 1
472 651 39 23 (13)
524 651 106 22 September
642 650 32 19 det
685 651 26 22 år,
724 651 22 18 de
754 652 96 22 mottagits
858 652 30 18 vid
896 654 107 21 trupperna.

312 701 52 19 Art.
381 700 51 18 128.
463 697 109 27 Frivillige
589 700 118 24 emottagas
723 698 77 21 endast
813 698 34 22 till
858 698 146 27 befattningar

242 734 35 21 vid
298 734 87 21 fronten
401 732 35 21 vid
452 732 45 21 alla
512 734 95 24 trupper,
623 732 38 21 der
677 732 100 27 frivillige
793 732 66 28 enligt
875 735 43 19 stat
932 732 70 22 finnas

242 768 108 22 anstälda.
373 766 65 22 Valet
454 766 24 21 af
486 766 176 27 truppafdelning
672 766 83 22 lemnas
766 766 32 22 till
810 766 62 22 deras
883 769 49 24 eget
942 767 60 26 skön,

242 804 104 20 förutsatt
362 801 65 21 likväl
444 802 33 20 att
488 801 87 21 antalet
585 800 101 28 frivillige
696 801 35 21 vid
741 802 203 26 truppafdelningen
956 801 48 21 icke

244 836 146 23 öfverskrider
413 836 40 21 den
475 837 71 25 gräns,
562 842 45 14 som
623 835 128 21 bestämmes
767 836 23 21 af
803 836 201 26 Krigsministeriet.

243 872 75 22 Under
341 870 92 27 krigstid
456 870 87 22 inträda
567 869 99 27 frivillige
685 870 54 21 först
754 870 34 21 vid
805 870 25 21 de
846 870 68 22 finska
930 872 73 25 trupp-

244 905 175 27 afdelningarnas
435 904 161 27 depottrupper.

314 951 44 17 Anm
376 951 16 16 1.
417 949 185 22 Medicinedoktorer,
620 949 69 22 läkare,
706 950 112 17 veterinärer
836 950 34 17 och
883 949 122 19 farmaceuter

243 980 57 18 bland
318 979 88 22 frivillige
424 978 103 23 berättigas
544 979 29 16 att
584 977 31 18 vid
627 979 101 21 trupperna
739 978 51 22 tjena
802 978 6 17 i
821 978 132 23 befattningar,
966 983 38 13 som

244 1010 92 17 motsvara
349 1007 53 18 deras
414 1007 45 18 kall.
483 1007 43 18 Ifall
538 1006 141 23 ifrågavarande
691 1011 87 18 personer
790 1007 40 18 icke
839 1007 90 18 anställas
938 1007 6 17 i
953 1007 51 18 aktiv

244 1038 65 22 tjenst,
327 1038 45 16 utan
392 1035 73 18 direkte
482 1035 31 18 vid
525 1040 90 17 reserven,
628 1035 52 18 skola
692 1035 22 18 de
725 1035 76 18 kvarstä
813 1035 5 17 i
831 1035 105 18 densamma
947 1035 59 18 under

244 1067 71 17 tretton
327 1065 26 18 är.

314 1094 50 17 Anm.
383 1093 16 17 2.
423 1093 109 18 Fältskärer
550 1093 56 18 bland
625 1092 86 23 frivillige
723 1093 102 22 berättigas
838 1095 29 16 att
880 1093 50 23 tjena
943 1093 5 17 i
961 1093 44 18 fält-

245 1122 182 23 skärsbefattningar
439 1121 30 18 vid
481 1123 108 21 trupperna.

316 1173 50 18 Art.
391 1171 51 19 129.
473 1169 116 27 Frivillige,
606 1168 74 21 hvilka
702 1168 85 21 inträda
810 1169 34 20 vid
864 1169 76 27 gardet
954 1169 52 21 eller

246 1205 134 26 kavalleriet,
404 1203 129 22 underhälla
556 1204 32 26 sig
610 1204 28 26 pä
661 1209 54 21 egen
737 1203 131 26 bekostnad;
886 1203 35 21 vid
937 1202 69 28 öfriga

246 1243 89 24 trupper
351 1238 97 22 deremot
464 1238 137 22 underhällas
617 1237 100 27 frivillige
733 1237 27 27 pä
775 1238 94 21 kronans
881 1237 125 27 bekostnad,

246 1274 46 22 ifall
316 1274 26 21 de
364 1273 46 22 icke
431 1273 82 21 anmält
529 1278 35 16 om
580 1272 32 21 sin
629 1272 81 21 önskan
727 1274 33 20 att
775 1272 73 27 sjelfve
864 1272 89 22 bekosta
968 1272 39 22 sitt

246 1308 121 23 underhäll.

317 1363 51 19 Art.
389 1362 52 19 130.
473 1360 116 26 Frivillige,
605 1359 74 21 hvilka
694 1359 59 27 tjena
768 1359 28 27 pä
811 1366 53 20 egen
880 1359 127 27 bekostnad,

247 1396 119 27 berättigas
390 1397 38 24 att,
452 1394 49 23 med
517 1394 110 27 undantag
642 1393 23 22 af
679 1394 59 21 tiden
754 1393 32 22 för
802 1394 139 27 lägermöten,
957 1394 27 21 bo
1000 1394 6 21 i

247 1431 93 23 enskildt
355 1430 93 26 kvarter,
459 1429 86 22 hvilken
556 1429 104 27 rättighet
672 1429 54 21 dock
737 1429 65 27 enligt
812 1428 194 28 truppafdelnings-
