1109 1725
830 148 30 21 37

273 215 82 19 utbredt
369 214 54 20 inom
439 214 38 19 den
493 214 77 20 bildade
585 214 83 20 klassen
680 215 37 19 och
727 215 35 19 har
773 220 24 14 en
809 215 41 19 viss
859 215 37 19 lik-

274 244 35 18 het
329 243 44 19 med
392 243 59 24 tyska
473 242 87 26 språket,
576 245 51 17 samt
645 243 83 19 emedan
744 249 24 13 en
784 243 113 25 betydande

274 272 32 18 del
329 272 19 18 af
370 273 118 17 numerären
509 271 6 19 i
536 270 62 26 några
615 271 126 25 afdelningar
760 272 20 18 af
794 272 25 18 de
835 272 62 19 finska

274 302 111 23 trupperna
403 300 50 18 talar
469 300 92 18 svenska.
590 300 120 24 Framdeles,
725 299 26 19 då
766 300 61 24 ryska
842 300 55 25 språ-

276 329 33 19 ket
329 328 71 19 vunnit
421 328 105 25 spridning
544 328 5 18 i
570 328 90 24 Finland,
676 328 39 19 kan
730 328 64 19 denna
809 328 88 20 bestäm-

275 357 62 19 melse
352 356 119 26 upphäfvas.

207 434 45 20 Art.
277 434 34 20 70.
349 432 130 26 Officerare,
505 438 48 14 som
572 431 51 21 icke
643 435 40 17 äro
701 431 78 21 finska
796 431 102 22 infödin-

137 475 49 22 gar,
205 467 93 29 åtnjuta
317 466 45 21 alla
375 466 117 21 allmänna
504 465 141 29 rättigheter
658 465 43 22 och
714 466 122 27 förmåner,
849 473 49 14 som

138 506 40 18 äro
194 501 122 22 officerare
328 500 41 22 vid
382 500 78 22 armén
473 499 148 28 tillerkända,
634 502 61 19 samt
707 500 118 22 dessutom
837 500 62 21 finsk

137 536 194 28 medborgarrätt.
367 534 163 22 Förenämnda
549 534 120 22 officerare
688 534 87 22 erhålla
795 534 104 28 aflöning

139 570 43 23 och
200 570 52 22 hela
270 570 43 21 sitt
330 568 123 23 underhåll
472 568 23 22 af
513 568 76 22 finska
607 569 148 22 statsverket.

347 637 20 24 2)
389 636 9 19 I
419 639 36 16 art.
477 637 32 24 70,
531 637 34 23 att,
584 635 25 20 då
624 636 109 26 officerare,
749 641 42 14 som
807 636 43 19 icke
865 637 34 18 äro

277 665 64 19 finska
356 665 118 24 infödingar,
489 665 79 18 inträda
584 664 33 19 vid
634 665 25 18 de
669 665 64 18 finska
743 666 109 23 trupperna
862 664 37 19 och

277 693 79 25 åtnjuta
371 693 38 19 alla
424 693 99 19 allmänna
539 693 122 24 rättigheter,
678 699 43 13 som
737 693 110 19 tillkomma
857 693 42 18 offi-

277 728 34 13 cer
326 722 5 19 i
347 721 62 25 ryska
423 722 74 24 armén,
513 722 58 19 desse
586 722 6 18 i
608 721 53 20 kraft
676 722 19 19 af
710 722 34 19 det
758 721 78 25 Nådiga
851 721 47 25 dag-

277 751 73 19 befälet
373 756 31 13 om
427 751 58 18 deras
507 750 119 25 inskrifning
644 750 5 19 i
671 750 61 25 tjenst
747 750 34 19 vid
796 750 24 19 de
835 749 64 20 finska

279 779 211 25 truppafdelningarna
509 779 98 19 förvärfva
627 779 52 18 finsk
695 779 162 25 medborgarrätt,
872 778 28 19 äf-

278 813 83 14 vensom
376 809 29 17 att
420 807 57 20 deras
492 807 88 24 aflöning
595 807 65 19 under
675 807 158 25 tjenstgöringen
845 807 54 18 inom

278 836 81 19 berörda
379 836 123 24 afdelningar
520 835 77 26 påföres
613 836 65 19 finska
694 836 125 19 statsverket.
849 835 50 19 Här-

280 865 32 19 vid
333 865 36 19 har
389 865 88 19 komitön
493 864 42 20 icke
551 864 76 20 kunnat
643 865 51 19 fästa
709 864 91 20 afseende
816 864 33 19 vid
860 863 40 20 olä-

276 894 121 24 genheterna
418 894 29 18 för
466 894 106 22 officerare,
588 899 42 13 som
645 894 44 18 icke
704 896 33 16 äro
753 894 68 24 finnar,
837 893 20 19 af
871 894 30 18 att

279 922 75 24 åtnjuta
376 922 51 19 finsk
443 922 164 24 medborgarrätt,
624 922 73 19 endast
711 922 7 19 i
733 922 48 25 följd
796 922 61 24 deraf,
871 923 30 17 att

278 950 46 20 med
340 950 61 25 sagda
417 950 159 25 medborgarrätt
588 952 22 17 är
623 950 112 20 förbunden
746 950 114 25 skyldighet
871 951 30 17 att

278 979 81 25 erlägga
373 979 66 19 lokala
454 979 76 19 skatter
545 979 37 19 och
597 979 6 19 i
620 979 54 19 vissa
689 979 34 19 fall
732 979 87 24 iakttaga
829 978 26 20 de
865 978 36 19 fin-

279 1008 35 19 ska
329 1008 58 19 civila
402 1008 86 24 lagarna,
504 1007 127 19 alldenstund
648 1008 89 19 komitön
752 1008 43 18 icke
811 1009 40 17 sett
866 1006 34 20 nä-

278 1042 39 19 gon
334 1036 107 24 olägenhet
456 1036 47 19 deri.

210 1108 46 20 Art.
281 1108 27 20 71.
347 1106 130 28 Officerare,
497 1114 48 14 som
561 1110 38 17 äro
612 1106 77 22 finska
701 1106 142 29 infödingar,
855 1106 47 21 till-

140 1142 59 21 lätas
218 1140 93 23 inträda
330 1141 8 21 i
355 1141 73 28 tjenst
446 1140 40 22 vid
505 1140 29 22 de
552 1140 76 22 finska
647 1143 127 26 trupperna
792 1140 52 22 med
860 1140 42 22 vil-

140 1177 44 21 kor
210 1178 36 19 att
272 1175 29 22 de
328 1175 79 22 känna
431 1175 70 28 ryska
525 1175 43 22 tal-
586 1175 44 22 och
649 1175 170 29 skriftspräket.
856 1175 46 22 För

141 1211 67 21 deras
231 1209 214 22 förfullkomnande
464 1210 8 21 i
491 1210 162 21 kännedomen
679 1210 22 21 af
719 1210 70 28 ryska
807 1210 96 28 spräket

140 1244 176 23 kommenderas
335 1244 115 22 desamme
469 1244 157 29 ovilkorligen
645 1247 83 26 genast
744 1244 58 21 efter
815 1245 36 20 sin
863 1244 39 21 be-

141 1279 94 22 fordran
263 1279 38 21 till
328 1279 79 22 officer
434 1279 37 21 till
496 1279 157 28 tjenstgöring
676 1279 41 21 vid
739 1278 163 22 motsvarande

141 1313 226 30 truppafdelningar,
391 1313 107 29 förlagda
522 1313 9 21 i
554 1316 65 19 utom
642 1313 145 22 Finländska
805 1313 98 22 militär-

142 1349 119 21 distriktet
279 1348 100 29 belägna
398 1348 97 27 trakter,
513 1347 53 22 med
583 1347 123 29 undantag
719 1348 23 21 af
753 1347 150 22 Kaukasiska

141 1383 44 22 och
208 1383 73 22 andra
305 1382 104 29 aflägsna
431 1382 101 21 distrikt.
573 1382 106 22 Nämnde
698 1383 119 21 officerare
835 1382 68 22 kvar-

141 1420 84 19 stanna
249 1417 9 21 i
282 1417 261 28 tillkommenderingen
568 1417 71 21 minst
661 1419 35 19 tre
718 1417 25 21 år
762 1416 43 22 och
823 1417 80 27 förses,

141 1452 41 22 vid
206 1451 186 22 ätervändandet
414 1451 37 22 till
469 1451 52 22 sina
539 1451 226 29 truppafdelningar,
785 1451 23 22 af
826 1451 77 22 Befäl-
