1109 1778
833 149 15 21 7

126 218 32 28 på
176 217 77 29 grund
271 217 22 21 af
311 217 164 29 förordningen
493 217 46 22 den
557 218 32 21 25
599 217 100 22 Januari
711 218 72 21 1858.
811 216 73 23 Ären-

127 252 62 21 dena
206 251 128 22 handlades
357 251 43 22 och
420 252 190 28 räkenskaperna
627 252 87 22 fördes:
733 252 40 22 vid
791 252 93 28 inspek-

128 288 58 20 törs-
204 286 43 22 och
265 286 215 28 frontafdelningen
498 287 31 28 på
546 286 70 28 ryska
635 289 60 19 samt
712 286 41 22 vid
765 286 118 22 ekonomi-

128 320 44 22 och
190 320 265 29 domstolsafdelningen
472 321 31 28 på
521 320 100 22 svenska
639 321 101 29 språket.

197 354 46 22 Vid
271 354 45 21 den
343 354 72 28 tiden,
443 354 29 22 då
493 354 29 22 de
539 355 77 21 finska
634 357 128 26 trupperna
779 354 105 22 subordi-

128 389 85 22 nerade
232 388 73 22 under
322 388 90 22 Chefen
430 389 35 22 för
483 389 190 22 distriktsstaben
684 386 15 30 !)
719 391 60 20 samt
796 389 88 22 därför-

128 424 73 21 innan
218 423 75 22 under
311 423 87 22 Chefen
416 423 36 22 för
469 425 127 27 trupperna
617 423 8 22 i
643 421 114 30 landet”),
766 431 42 14 var
817 423 68 22 hvar-

129 458 46 21 ken
200 457 45 22 den
269 457 60 22 förre
352 457 57 22 eller
432 457 44 22 den
498 465 81 14 senare
598 458 23 21 af
639 457 71 29 sagde
729 457 77 22 chefer
823 457 62 22 finsk

128 492 152 29 medborgare
299 492 55 21 eller
371 492 71 29 lydde
460 492 74 21 under
551 492 62 21 finsk
631 492 107 22 domstol.

197 526 174 29 Afsöndringen
396 527 24 21 af
443 526 28 22 de
494 527 76 21 finska
597 529 128 27 trupperna
751 526 76 22 nådde
849 525 35 22 sin

128 563 63 26 spets
222 561 26 21 år
279 561 71 28 1878,
381 561 30 21 då
440 561 221 29 Värnepligtslagen
692 561 48 22 blef
769 560 115 23 faststäld.

130 595 91 22 Genom
239 595 76 22 denna
337 595 40 29 lag
398 595 65 22 lades
481 595 106 29 grunden
605 596 38 21 till
661 603 28 14 en
708 595 99 22 särskild
825 595 60 21 mili-

129 629 199 29 tärlagsstiftning
355 629 43 22 och
426 630 115 21 särskilda
567 630 102 21 militära
695 630 161 21 institutioner
877 629 8 21 i

129 664 109 21 Finland.

198 699 37 20 En
259 698 64 22 öfver
342 698 85 28 tioårig
445 698 151 29 tillämpning
615 699 23 21 af
659 699 64 20 1878
743 699 36 21 års
797 698 88 21 Värne-

130 732 111 29 pligtslag
263 732 42 22 har
325 732 95 28 utvisat,
443 735 35 19 att
499 733 69 28 lagen
589 733 70 28 gifvit
680 732 105 22 finnarne
808 732 77 22 anled-

130 767 57 27 ning
211 766 37 21 till
270 767 87 28 oriktig
381 767 109 28 tolkning
509 767 23 21 af
550 767 115 21 särskilda
683 767 134 28 paragrafer
835 766 51 21 däri

130 803 60 19 samt
208 801 115 21 föranledt
345 801 52 21 dem
421 803 34 19 att
476 801 108 22 betrakta
605 801 37 22 sin
659 801 122 22 inhemska
799 801 87 21 militär

130 835 76 22 såsom
224 843 30 13 en
271 835 88 28 styrka,
383 835 89 29 skapad
491 836 148 21 uteslutande
657 836 36 21 för
710 835 75 22 finska
803 835 82 22 intres-

130 877 41 14 sen
198 869 44 22 och
269 870 156 21 sträfvanden.
461 870 116 21 Hurudan
599 871 119 20 autonomi
736 869 102 22 Finland
856 873 30 18 än

130 904 38 21 må
186 905 99 28 åtnjuta,
303 904 81 21 kunna
401 904 52 21 icke
472 904 51 22 dess
542 907 96 26 trupper
656 904 63 22 bilda
739 912 28 13 en
785 903 101 22 särskild

131 938 68 28 armé,
221 938 81 22 afsedd
323 939 36 21 för
379 939 74 28 några
475 946 49 14 som
543 939 62 22 hälst
623 939 96 28 specielt
736 939 75 21 finska
829 945 57 22 upp-

130 973 71 28 gifter
224 972 43 22 och
289 973 114 28 syftemål,
425 973 44 22 och
491 974 30 28 på
542 973 77 28 grund
637 973 66 22 häraf
721 981 42 14 var
781 973 40 21 det
838 980 48 14 som

130 1007 195 28 Krigsministern
353 1008 25 20 år
408 1008 62 21 1891
499 1007 135 22 framstälde
661 1008 42 21 sitt
726 1007 161 28 underdåniga

130 1041 297 29 föredragningsmemorial
454 1041 44 22 och
525 1043 90 28 saligen
643 1042 132 22 afsomnade
802 1042 85 28 Kejsar

130 1075 133 21 Alexander
280 1076 36 21 III
335 1076 120 28 behagade
473 1076 103 29 påbjuda
593 1076 144 28 vidtagande
756 1076 22 22 af
790 1076 97 21 rättelse

131 1110 23 21 af
172 1110 153 28 sjuttiotalets
343 1110 156 28 misslyckade
517 1111 90 21 reform.

201 1144 70 22 Såväl
290 1144 78 22 armén
387 1152 49 14 som
454 1144 45 22 den
517 1145 102 21 militära
631 1144 181 29 lagstiftningen
825 1144 62 22 inom

131 1178 187 29 Kejsaredömets
345 1178 52 22 hela
425 1179 93 21 område
546 1180 56 21 böra
629 1179 100 29 besjälas
754 1180 23 20 af
800 1186 87 14 samma

132 1212 61 22 anda
211 1213 43 21 och
273 1221 86 14 samma
377 1214 160 27 sträfvanden,
556 1214 107 22 hvarföre
682 1214 27 20 de
731 1214 70 21 också
814 1214 73 20 måste

132 1248 165 21 sammanföras
315 1247 74 21 under
407 1255 28 14 en
453 1256 132 20 gemensam
604 1248 84 28 högsta
706 1248 134 22 institution
859 1260 28 2 —

131 1282 234 28 Krigsministerium.

201 1399 13 22 !)
227 1400 66 18 Fullst.
306 1400 88 23 lageodex
408 1400 44 18 1868
464 1400 37 18 N:o
513 1401 62 17 46450.

200 1428 14 22 2
252 1436 7 7 »
344 1437 7 6 »
406 1429 45 17 1868
462 1429 37 17 N:o
511 1429 62 17 46312.
