1114 1795
136 1318 62 17 Beslut.

276 147 25 20 18

246 215 36 28 dig
297 214 110 29 belysning
426 215 30 27 af
468 215 25 21 de
503 215 74 28 finske
599 218 210 25 representanternes
824 216 9 21 i
847 217 159 21 reservationen

242 249 142 28 Jramhällna
400 250 179 28 anmärkningar.

316 283 103 28 Slutligen
435 283 40 22 har
489 284 101 22 Komitén
609 286 56 20 trott
680 285 32 26 sig
726 284 54 21 böra
796 285 104 21 anmärka
916 287 34 19 att
965 285 39 22 den

246 317 24 21 af
284 317 214 28 Generallöjtnanten
521 318 122 22 Schauman
667 318 38 22 och
728 314 112 26 Öfversten
860 319 72 22 Antell
950 319 55 22 före-

246 351 76 28 slagna
338 352 39 21 och
393 353 23 21 af
430 353 47 21 dem
493 353 170 27 möjligansedda
679 353 106 27 ökningen
802 353 23 21 af
838 353 103 22 Finlands
951 353 54 21 mili-

247 388 49 19 tära
311 387 89 27 utgifter
415 387 48 22 med
480 387 77 22 endast
572 389 28 20 50
608 389 28 25 9/,
651 388 46 21 icke
713 387 73 22 stödes
798 387 23 22 af
830 388 68 27 några
912 388 93 27 positiva

246 420 61 22 fakta
316 421 51 22 eller
375 422 102 27 kalkyler.
500 422 71 22 Jemte
583 422 37 22 det
629 422 99 22 Komitén
737 422 147 28 omsorgsfullt
892 423 50 21 sökt
949 422 54 22 inslå

247 457 40 21 den
299 457 125 22 rättvisaste
433 457 38 22 och
479 457 34 22 för
521 457 36 22 det
565 457 71 22 finska
643 457 141 28 gränslandet
791 457 66 22 minst
864 457 137 28 betungande

246 493 68 26 vägen
338 491 33 22 för
393 492 138 27 utjemnande
552 492 23 22 af
593 494 83 25 tungan
693 492 22 21 af
729 492 26 21 de
770 492 94 21 militära
880 492 124 27 utgifterna,

246 526 40 21 har
302 526 100 21 Komitén
424 526 66 22 likväl
512 527 47 21 icke
577 527 85 21 kunnat
680 526 79 22 förbise
776 526 26 21 de
817 526 63 27 ryske
896 526 109 22 skattdra-

246 567 91 20 garenes
360 561 114 26 intressen,
501 561 72 21 hvilka
595 561 22 21 få
640 561 119 21 vidkännas
787 560 105 27 betydligt
914 561 91 26 drygare

246 595 120 21 kostnader
388 595 45 21 icke
456 595 92 22 allenast
569 595 34 21 för
625 595 173 28 Kejsaredömets
821 597 53 19 utan
895 594 61 23 äfven
972 595 33 21 för

246 629 75 28 sjelfva
343 629 103 22 Finlands
469 629 89 27 försvar,
581 629 90 22 hvarvid
693 629 74 28 hvarje
782 629 24 22 af
819 629 184 28 nödvändigheten

246 664 46 21 icke
308 664 101 27 påkallad
425 664 94 27 eftergift
534 664 33 21 för
582 664 135 22 sistnämnda
732 664 51 21 land
798 664 95 21 kommer
904 665 33 20 att
947 664 57 21 med-

247 697 47 22 föra
310 704 26 15 en
352 698 83 27 oskälig
458 698 65 28 utgift
541 698 34 21 för
589 699 133 21 statsverket
740 698 3 21 i
759 698 168 27 Kejsaredömet.
957 698 46 21 Den

247 733 56 20 enda
326 733 92 22 rättvisa
433 733 39 21 och
488 733 78 27 nödiga
582 732 122 28 eftergiften
720 733 48 21 med
784 731 100 22 afseende
900 733 12 20 å
928 733 26 20 de
969 732 35 21 be-

248 767 97 22 räknade
360 774 42 21 nya
416 767 95 22 militära
530 767 119 28 utgifterna
665 768 136 26 (10,091,664
817 767 69 27 mark)
902 767 49 26 kan,
968 773 36 15 en-

246 801 41 28 ligt
309 803 113 21 Komiténs
445 803 62 27 åsigt,
528 803 63 21 bestå
606 803 52 26 deri,
675 804 33 20 att
725 802 67 27 sagda
806 802 77 27 bidrag
898 801 33 22 får
946 802 58 21 inbe-

248 837 55 22 talas
319 837 32 21 till
367 837 64 27 ryska
449 837 84 22 kronan
553 837 113 21 efterhand
682 837 67 21 under
766 837 25 21 de
806 836 69 22 första
890 836 36 21 nio
941 837 63 20 årens

248 871 92 27 förlopp.

316 905 75 22 Under
406 905 161 28 ofvanantydda
582 905 148 22 förhållanden
747 898 43 29 kän
807 905 41 22 den
859 911 42 21 nya
911 905 93 21 militära

248 939 93 28 utgiften
356 939 47 22 icke
418 939 65 22 blifva
497 939 139 28 betungande
651 939 33 22 för
699 939 69 22 finska
784 939 137 22 statsverket.
945 939 59 22 Stor-

247 974 169 22 furstendömets
427 974 181 27 inkomstbudget,
617 980 46 15 som
672 975 25 20 år
707 975 53 20 1894
769 973 101 28 utgjorde
878 974 126 26 46,764,950

248 1008 68 27 mark,
340 1009 94 27 uppgick
456 1009 25 21 år
505 1009 54 21 1898
581 1009 32 21 till
636 1009 126 26 56,248,531
785 1008 94 27 mark!)
910 1007 94 22 Sålunda

247 1043 40 21 har
303 1043 40 22 den
360 1043 109 28 naturliga
485 1043 109 22 tillväxten
611 1043 23 21 af
645 1043 109 27 budgeten
775 1042 70 22 under
862 1042 142 22 sistförflutna

247 1076 155 29 femårsperiod
425 1078 83 27 utgjort
526 1078 7 21 i
548 1077 101 22 medeltal
675 1078 111 26 1,896,716
810 1077 61 21 mark
894 1083 34 15 om
951 1077 52 21 året.

248 1111 39 22 Om
304 1119 29 14 nu
348 1112 161 27 inbetalningen
526 1112 32 21 till
573 1111 51 22 fullo
636 1111 23 22 af
667 1112 37 21 det
715 1111 49 22 utaf
771 1111 100 22 Komitén
882 1111 122 21 beräknade

247 1146 102 27 beloppet
371 1147 138 26 (10,091,664
531 1146 70 27 mark)
623 1146 121 21 fördelades
766 1147 29 26 på
820 1145 34 22 nio
875 1146 24 20 år
914 1146 47 21 med
977 1152 26 15 en

248 1180 54 27 årlig
324 1181 110 26 påökning
457 1181 23 21 af
497 1181 32 27 !/,,
552 1181 85 21 komme
659 1181 41 20 den
723 1187 42 20 nya
780 1179 68 28 ärliga
863 1179 92 27 utgiften
971 1181 33 20 att

247 1216 79 26 utgöra
351 1216 111 25 1,121,296
486 1215 67 26 mark,
576 1215 80 21 hvilket
679 1215 83 21 säledes
785 1214 47 21 icke
846 1214 28 27 pä
890 1213 60 28 längt
965 1216 39 19 när

248 1249 69 22 skulle
332 1251 107 20 uttömma
454 1249 119 27 budgetens
589 1249 97 21 normala
702 1248 88 22 tillväxt.

315 1318 32 21 På
362 1317 70 28 grund
449 1317 23 22 af
485 1317 56 22 hvad
556 1317 39 22 här
611 1317 62 22 ofvan
697 1317 83 21 anförts
796 1317 40 21 har
852 1317 98 21 Komiten
966 1323 38 14 an-

247 1354 44 19 sett
307 1352 165 27 nedanföljande
489 1352 100 27 ätgärder
604 1351 23 22 af
640 1352 81 21 nöden:

316 1433 15 22 *)
341 1433 11 27 1
365 1433 54 18 dessa
432 1433 59 22 bägge
504 1433 66 22 belopp
583 1433 43 22 ingå
639 1433 40 18 icke
692 1433 22 17 de
727 1432 65 22 medel,
807 1437 38 13 som
858 1431 70 19 influtit
940 1437 64 18 genom

246 1463 97 20 upptagna
355 1461 36 18 län.
