<?xml version="1.0" encoding="UTF-8"?>
<alto xmlns="http://www.loc.gov/standards/alto/ns-v3#" xmlns:xlink="http://www.w3.org/1999/xlink" xmlns:xsi="http://www.w3.org/2001/XMLSchema-instance" xsi:schemaLocation="http://www.loc.gov/standards/alto/ns-v3# http://www.loc.gov/alto/v3/alto-3-0.xsd">
	<Description>
		<MeasurementUnit>pixel</MeasurementUnit>
		<sourceImageInformation>
			<fileName>/tmp/tess_tqeyjpss_input.PNG</fileName>
		</sourceImageInformation>
		<OCRProcessing ID="OCR_0">
			<ocrProcessingStep>
				<processingSoftware>
					<softwareName>tesseract 5.3.4</softwareName>
				</processingSoftware>
			</ocrProcessingStep>
		</OCRProcessing>
	</Description>
	<Layout>
		<Page WIDTH="1109" HEIGHT="1784" PHYSICAL_IMG_NR="0" ID="page_0">
			<PrintSpace HPOS="0" VPOS="0" WIDTH="1109" HEIGHT="1784">
				<ComposedBlock ID="cblock_0" HPOS="807" VPOS="156" WIDTH="32" HEIGHT="22">
					<TextBlock ID="block_0" HPOS="807" VPOS="156" WIDTH="32" HEIGHT="22">
						<TextLine ID="line_0" HPOS="807" VPOS="156" WIDTH="32" HEIGHT="22">
							<String ID="string_0" HPOS="807" VPOS="156" WIDTH="32" HEIGHT="22" WC="0.96" CONTENT="41"/>
						</TextLine>
					</TextBlock>
				</ComposedBlock>
				<ComposedBlock ID="cblock_1" HPOS="116" VPOS="224" WIDTH="761" HEIGHT="718">
					<TextBlock ID="block_1" HPOS="116" VPOS="224" WIDTH="760" HEIGHT="546">
						<TextLine ID="line_1" HPOS="186" VPOS="224" WIDTH="690" HEIGHT="29">
							<String ID="string_1" HPOS="186" VPOS="226" WIDTH="41" HEIGHT="20" WC="0.80" CONTENT="Art"/><SP WIDTH="19" VPOS="226" HPOS="227"/>
							<String ID="string_2" HPOS="246" VPOS="226" WIDTH="36" HEIGHT="20" WC="0.95" CONTENT="25."/><SP WIDTH="37" VPOS="226" HPOS="282"/>
							<String ID="string_3" HPOS="319" VPOS="224" WIDTH="11" HEIGHT="22" WC="0.95" CONTENT="1"/><SP WIDTH="18" VPOS="224" HPOS="330"/>
							<String ID="string_4" HPOS="348" VPOS="224" WIDTH="45" HEIGHT="22" WC="0.96" CONTENT="den"/><SP WIDTH="18" VPOS="224" HPOS="393"/>
							<String ID="string_5" HPOS="411" VPOS="225" WIDTH="78" HEIGHT="23" WC="0.92" CONTENT="finska"/><SP WIDTH="8" VPOS="225" HPOS="489"/>
							<String ID="string_6" HPOS="497" VPOS="226" WIDTH="70" HEIGHT="27" WC="0.92" CONTENT="lagen"/><SP WIDTH="10" VPOS="226" HPOS="567"/>
							<String ID="string_7" HPOS="577" VPOS="225" WIDTH="73" HEIGHT="21" WC="0.95" CONTENT="finnes"/><SP WIDTH="11" VPOS="225" HPOS="650"/>
							<String ID="string_8" HPOS="661" VPOS="224" WIDTH="51" HEIGHT="22" WC="0.96" CONTENT="icke"/><SP WIDTH="10" VPOS="224" HPOS="712"/>
							<String ID="string_9" HPOS="722" VPOS="225" WIDTH="77" HEIGHT="28" WC="0.93" CONTENT="någon"/><SP WIDTH="10" VPOS="225" HPOS="799"/>
							<String ID="string_10" HPOS="809" VPOS="232" WIDTH="67" HEIGHT="21" WC="0.92" CONTENT="para-"/>
						</TextLine>
						<TextLine ID="line_2" HPOS="116" VPOS="259" WIDTH="759" HEIGHT="29">
							<String ID="string_11" HPOS="116" VPOS="259" WIDTH="59" HEIGHT="28" WC="0.96" CONTENT="graf,"/><SP WIDTH="19" VPOS="259" HPOS="175"/>
							<String ID="string_12" HPOS="194" VPOS="266" WIDTH="49" HEIGHT="14" WC="0.96" CONTENT="som"/><SP WIDTH="18" VPOS="266" HPOS="243"/>
							<String ID="string_13" HPOS="261" VPOS="259" WIDTH="74" HEIGHT="21" WC="0.95" CONTENT="skulle"/><SP WIDTH="18" VPOS="259" HPOS="335"/>
							<String ID="string_14" HPOS="353" VPOS="262" WIDTH="117" HEIGHT="20" WC="0.96" CONTENT="motsvara"/><SP WIDTH="19" VPOS="262" HPOS="470"/>
							<String ID="string_15" HPOS="489" VPOS="262" WIDTH="41" HEIGHT="20" WC="0.96" CONTENT="art."/><SP WIDTH="21" VPOS="262" HPOS="530"/>
							<String ID="string_16" HPOS="551" VPOS="260" WIDTH="29" HEIGHT="20" WC="0.96" CONTENT="31"/><SP WIDTH="21" VPOS="260" HPOS="580"/>
							<String ID="string_17" HPOS="601" VPOS="259" WIDTH="8" HEIGHT="21" WC="0.91" CONTENT="i"/><SP WIDTH="18" VPOS="259" HPOS="609"/>
							<String ID="string_18" HPOS="627" VPOS="259" WIDTH="174" HEIGHT="29" WC="0.91" CONTENT="Kejsardömets"/><SP WIDTH="10" VPOS="259" HPOS="801"/>
							<String ID="string_19" HPOS="811" VPOS="259" WIDTH="64" HEIGHT="28" WC="0.95" CONTENT="lag,"/><SP WIDTH="-10" VPOS="259" HPOS="875"/>
							<String ID="string_20" HPOS="865" VPOS="255" WIDTH="13" HEIGHT="39" WC="0.95" CONTENT="i"/>
						</TextLine>
						<TextLine ID="line_3" HPOS="117" VPOS="293" WIDTH="757" HEIGHT="29">
							<String ID="string_21" HPOS="117" VPOS="293" WIDTH="59" HEIGHT="29" WC="0.96" CONTENT="följd"/><SP WIDTH="17" VPOS="293" HPOS="176"/>
							<String ID="string_22" HPOS="193" VPOS="293" WIDTH="84" HEIGHT="21" WC="0.96" CONTENT="hvaraf"/><SP WIDTH="18" VPOS="293" HPOS="277"/>
							<String ID="string_23" HPOS="295" VPOS="293" WIDTH="39" HEIGHT="21" WC="0.96" CONTENT="det"/><SP WIDTH="17" VPOS="293" HPOS="334"/>
							<String ID="string_24" HPOS="351" VPOS="294" WIDTH="48" HEIGHT="27" WC="0.96" CONTENT="fall,"/><SP WIDTH="20" VPOS="294" HPOS="399"/>
							<String ID="string_25" HPOS="419" VPOS="302" WIDTH="48" HEIGHT="14" WC="0.96" CONTENT="som"/><SP WIDTH="14" VPOS="302" HPOS="467"/>
							<String ID="string_26" HPOS="481" VPOS="294" WIDTH="8" HEIGHT="22" WC="0.96" CONTENT="i"/><SP WIDTH="10" VPOS="294" HPOS="489"/>
							<String ID="string_27" HPOS="499" VPOS="294" WIDTH="77" HEIGHT="22" WC="0.96" CONTENT="denna"/><SP WIDTH="10" VPOS="294" HPOS="576"/>
							<String ID="string_28" HPOS="586" VPOS="293" WIDTH="84" HEIGHT="21" WC="0.92" CONTENT="artikel"/><SP WIDTH="10" VPOS="293" HPOS="670"/>
							<String ID="string_29" HPOS="680" VPOS="297" WIDTH="140" HEIGHT="23" WC="0.91" CONTENT="omnämnes,"/><SP WIDTH="11" VPOS="297" HPOS="820"/>
							<String ID="string_30" HPOS="831" VPOS="293" WIDTH="43" HEIGHT="21" WC="0.96" CONTENT="alls"/>
						</TextLine>
						<TextLine ID="line_4" HPOS="117" VPOS="328" WIDTH="759" HEIGHT="28">
							<String ID="string_31" HPOS="117" VPOS="328" WIDTH="51" HEIGHT="21" WC="0.96" CONTENT="icke"/><SP WIDTH="20" VPOS="328" HPOS="168"/>
							<String ID="string_32" HPOS="188" VPOS="331" WIDTH="25" HEIGHT="18" WC="0.96" CONTENT="är"/><SP WIDTH="17" VPOS="331" HPOS="213"/>
							<String ID="string_33" HPOS="230" VPOS="328" WIDTH="109" HEIGHT="21" WC="0.96" CONTENT="förutsett"/><SP WIDTH="16" VPOS="328" HPOS="339"/>
							<String ID="string_34" HPOS="355" VPOS="328" WIDTH="146" HEIGHT="22" WC="0.95" CONTENT="beträffande"/><SP WIDTH="19" VPOS="328" HPOS="501"/>
							<String ID="string_35" HPOS="520" VPOS="328" WIDTH="45" HEIGHT="21" WC="0.96" CONTENT="den"/><SP WIDTH="18" VPOS="328" HPOS="565"/>
							<String ID="string_36" HPOS="583" VPOS="328" WIDTH="76" HEIGHT="21" WC="0.95" CONTENT="finska"/><SP WIDTH="18" VPOS="328" HPOS="659"/>
							<String ID="string_37" HPOS="677" VPOS="328" WIDTH="68" HEIGHT="21" WC="0.96" CONTENT="delen"/><SP WIDTH="18" VPOS="328" HPOS="745"/>
							<String ID="string_38" HPOS="763" VPOS="328" WIDTH="23" HEIGHT="21" WC="0.95" CONTENT="af"/><SP WIDTH="18" VPOS="328" HPOS="786"/>
							<String ID="string_39" HPOS="804" VPOS="328" WIDTH="72" HEIGHT="28" WC="0.96" CONTENT="ryska"/>
						</TextLine>
						<TextLine ID="line_5" HPOS="118" VPOS="361" WIDTH="758" HEIGHT="23">
							<String ID="string_40" HPOS="118" VPOS="361" WIDTH="85" HEIGHT="23" WC="0.93" CONTENT="armén."/><SP WIDTH="36" VPOS="361" HPOS="203"/>
							<String ID="string_41" HPOS="239" VPOS="362" WIDTH="46" HEIGHT="21" WC="0.95" CONTENT="Det"/><SP WIDTH="17" VPOS="362" HPOS="285"/>
							<String ID="string_42" HPOS="302" VPOS="362" WIDTH="73" HEIGHT="22" WC="0.96" CONTENT="finnes"/><SP WIDTH="19" VPOS="362" HPOS="375"/>
							<String ID="string_43" HPOS="394" VPOS="362" WIDTH="129" HEIGHT="22" WC="0.96" CONTENT="emellertid"/><SP WIDTH="18" VPOS="362" HPOS="523"/>
							<String ID="string_44" HPOS="541" VPOS="363" WIDTH="60" HEIGHT="21" WC="0.96" CONTENT="intet"/><SP WIDTH="19" VPOS="363" HPOS="601"/>
							<String ID="string_45" HPOS="620" VPOS="362" WIDTH="51" HEIGHT="21" WC="0.96" CONTENT="skäl"/><SP WIDTH="11" VPOS="362" HPOS="671"/>
							<String ID="string_46" HPOS="682" VPOS="364" WIDTH="35" HEIGHT="19" WC="0.93" CONTENT="att"/><SP WIDTH="8" VPOS="364" HPOS="717"/>
							<String ID="string_47" HPOS="725" VPOS="362" WIDTH="95" HEIGHT="22" WC="0.91" CONTENT="beröfva"/><SP WIDTH="10" VPOS="362" HPOS="820"/>
							<String ID="string_48" HPOS="830" VPOS="362" WIDTH="46" HEIGHT="21" WC="0.96" CONTENT="den"/>
						</TextLine>
						<TextLine ID="line_6" HPOS="116" VPOS="396" WIDTH="760" HEIGHT="29">
							<String ID="string_49" HPOS="116" VPOS="396" WIDTH="77" HEIGHT="22" WC="0.96" CONTENT="finska"/><SP WIDTH="18" VPOS="396" HPOS="193"/>
							<String ID="string_50" HPOS="211" VPOS="396" WIDTH="166" HEIGHT="29" WC="0.96" CONTENT="befolkningen"/><SP WIDTH="18" VPOS="396" HPOS="377"/>
							<String ID="string_51" HPOS="395" VPOS="404" WIDTH="30" HEIGHT="14" WC="0.96" CONTENT="en"/><SP WIDTH="9" VPOS="404" HPOS="425"/>
							<String ID="string_52" HPOS="434" VPOS="397" WIDTH="120" HEIGHT="28" WC="0.96" CONTENT="rättighet,"/><SP WIDTH="12" VPOS="397" HPOS="554"/>
							<String ID="string_53" HPOS="566" VPOS="404" WIDTH="48" HEIGHT="14" WC="0.96" CONTENT="som"/><SP WIDTH="9" VPOS="404" HPOS="614"/>
							<String ID="string_54" HPOS="623" VPOS="397" WIDTH="113" HEIGHT="21" WC="0.96" CONTENT="förlänats"/><SP WIDTH="9" VPOS="397" HPOS="736"/>
							<String ID="string_55" HPOS="745" VPOS="396" WIDTH="131" HEIGHT="29" WC="0.96" CONTENT="Rysslands"/>
						</TextLine>
						<TextLine ID="line_7" HPOS="118" VPOS="430" WIDTH="758" HEIGHT="29">
							<String ID="string_56" HPOS="118" VPOS="430" WIDTH="97" HEIGHT="22" WC="0.94" CONTENT="infödda"/><SP WIDTH="19" VPOS="430" HPOS="215"/>
							<String ID="string_57" HPOS="234" VPOS="431" WIDTH="142" HEIGHT="28" WC="0.96" CONTENT="befolkning,"/><SP WIDTH="20" VPOS="431" HPOS="376"/>
							<String ID="string_58" HPOS="396" VPOS="432" WIDTH="43" HEIGHT="21" WC="0.96" CONTENT="och"/><SP WIDTH="18" VPOS="432" HPOS="439"/>
							<String ID="string_59" HPOS="457" VPOS="432" WIDTH="42" HEIGHT="21" WC="0.93" CONTENT="har"/><SP WIDTH="19" VPOS="432" HPOS="499"/>
							<String ID="string_60" HPOS="518" VPOS="431" WIDTH="112" HEIGHT="21" WC="0.92" CONTENT="Komitén"/><SP WIDTH="12" VPOS="431" HPOS="630"/>
							<String ID="string_61" HPOS="642" VPOS="431" WIDTH="63" HEIGHT="28" WC="0.92" CONTENT="förty"/><SP WIDTH="9" VPOS="431" HPOS="705"/>
							<String ID="string_62" HPOS="714" VPOS="431" WIDTH="94" HEIGHT="28" WC="0.92" CONTENT="pröfvat"/><SP WIDTH="9" VPOS="431" HPOS="808"/>
							<String ID="string_63" HPOS="817" VPOS="432" WIDTH="59" HEIGHT="20" WC="0.92" CONTENT="rätt-"/>
						</TextLine>
						<TextLine ID="line_8" HPOS="117" VPOS="464" WIDTH="758" HEIGHT="31">
							<String ID="string_64" HPOS="117" VPOS="466" WIDTH="48" HEIGHT="20" WC="0.96" CONTENT="vist"/><SP WIDTH="18" VPOS="466" HPOS="165"/>
							<String ID="string_65" HPOS="183" VPOS="466" WIDTH="76" HEIGHT="21" WC="0.96" CONTENT="införa"/><SP WIDTH="18" VPOS="466" HPOS="259"/>
							<String ID="string_66" HPOS="277" VPOS="468" WIDTH="41" HEIGHT="19" WC="0.94" CONTENT="art."/><SP WIDTH="12" VPOS="468" HPOS="318"/>
							<String ID="string_67" HPOS="330" VPOS="466" WIDTH="30" HEIGHT="20" WC="0.94" CONTENT="31"/><SP WIDTH="13" VPOS="466" HPOS="360"/>
							<String ID="string_68" HPOS="373" VPOS="466" WIDTH="22" HEIGHT="21" WC="0.93" CONTENT="af"/><SP WIDTH="9" VPOS="466" HPOS="395"/>
							<String ID="string_69" HPOS="404" VPOS="466" WIDTH="176" HEIGHT="29" WC="0.92" CONTENT="Kejsardömets"/><SP WIDTH="10" VPOS="466" HPOS="580"/>
							<String ID="string_70" HPOS="590" VPOS="466" WIDTH="39" HEIGHT="28" WC="0.96" CONTENT="lag"/><SP WIDTH="10" VPOS="466" HPOS="629"/>
							<String ID="string_71" HPOS="639" VPOS="466" WIDTH="9" HEIGHT="21" WC="0.96" CONTENT="i"/><SP WIDTH="10" VPOS="466" HPOS="648"/>
							<String ID="string_72" HPOS="658" VPOS="465" WIDTH="45" HEIGHT="22" WC="0.96" CONTENT="den"/><SP WIDTH="10" VPOS="465" HPOS="703"/>
							<String ID="string_73" HPOS="713" VPOS="465" WIDTH="81" HEIGHT="21" WC="0.93" CONTENT="finska."/><SP WIDTH="19" VPOS="465" HPOS="794"/>
							<String ID="string_74" HPOS="813" VPOS="464" WIDTH="62" HEIGHT="22" WC="0.89" CONTENT="Nöd-"/>
						</TextLine>
						<TextLine ID="line_9" HPOS="117" VPOS="499" WIDTH="759" HEIGHT="29">
							<String ID="string_75" HPOS="117" VPOS="499" WIDTH="158" HEIGHT="29" WC="0.91" CONTENT="vändigheten"/><SP WIDTH="20" VPOS="499" HPOS="275"/>
							<String ID="string_76" HPOS="295" VPOS="502" WIDTH="34" HEIGHT="19" WC="0.93" CONTENT="att"/><SP WIDTH="17" VPOS="502" HPOS="329"/>
							<String ID="string_77" HPOS="346" VPOS="500" WIDTH="119" HEIGHT="28" WC="0.92" CONTENT="medgifva"/><SP WIDTH="18" VPOS="500" HPOS="465"/>
							<String ID="string_78" HPOS="483" VPOS="500" WIDTH="106" HEIGHT="22" WC="0.91" CONTENT="finnarne"/><SP WIDTH="18" VPOS="500" HPOS="589"/>
							<String ID="string_79" HPOS="607" VPOS="500" WIDTH="28" HEIGHT="21" WC="0.95" CONTENT="de"/><SP WIDTH="19" VPOS="500" HPOS="635"/>
							<String ID="string_80" HPOS="654" VPOS="500" WIDTH="124" HEIGHT="27" WC="0.96" CONTENT="lättnader,"/><SP WIDTH="15" VPOS="500" HPOS="778"/>
							<String ID="string_81" HPOS="793" VPOS="499" WIDTH="83" HEIGHT="22" WC="0.96" CONTENT="hvilka"/>
						</TextLine>
						<TextLine ID="line_10" HPOS="118" VPOS="533" WIDTH="758" HEIGHT="31">
							<String ID="string_82" HPOS="118" VPOS="538" WIDTH="134" HEIGHT="18" WC="0.95" CONTENT="omnämnas"/><SP WIDTH="19" VPOS="538" HPOS="252"/>
							<String ID="string_83" HPOS="271" VPOS="534" WIDTH="8" HEIGHT="21" WC="0.96" CONTENT="i"/><SP WIDTH="18" VPOS="534" HPOS="279"/>
							<String ID="string_84" HPOS="297" VPOS="536" WIDTH="42" HEIGHT="20" WC="0.95" CONTENT="art."/><SP WIDTH="20" VPOS="536" HPOS="339"/>
							<String ID="string_85" HPOS="359" VPOS="535" WIDTH="30" HEIGHT="21" WC="0.96" CONTENT="31"/><SP WIDTH="22" VPOS="535" HPOS="389"/>
							<String ID="string_86" HPOS="411" VPOS="536" WIDTH="23" HEIGHT="20" WC="0.93" CONTENT="af"/><SP WIDTH="18" VPOS="536" HPOS="434"/>
							<String ID="string_87" HPOS="452" VPOS="534" WIDTH="175" HEIGHT="30" WC="0.92" CONTENT="Kejsardömets"/><SP WIDTH="18" VPOS="534" HPOS="627"/>
							<String ID="string_88" HPOS="645" VPOS="534" WIDTH="46" HEIGHT="28" WC="0.91" CONTENT="lag,"/><SP WIDTH="10" VPOS="534" HPOS="691"/>
							<String ID="string_89" HPOS="701" VPOS="534" WIDTH="102" HEIGHT="28" WC="0.91" CONTENT="framgår"/><SP WIDTH="10" VPOS="534" HPOS="803"/>
							<String ID="string_90" HPOS="813" VPOS="533" WIDTH="63" HEIGHT="22" WC="0.92" CONTENT="dess-"/>
						</TextLine>
						<TextLine ID="line_11" HPOS="119" VPOS="568" WIDTH="756" HEIGHT="29">
							<String ID="string_91" HPOS="119" VPOS="571" WIDTH="64" HEIGHT="19" WC="0.96" CONTENT="utom"/><SP WIDTH="17" VPOS="571" HPOS="183"/>
							<String ID="string_92" HPOS="200" VPOS="569" WIDTH="87" HEIGHT="27" WC="0.96" CONTENT="logiskt"/><SP WIDTH="18" VPOS="569" HPOS="287"/>
							<String ID="string_93" HPOS="305" VPOS="576" WIDTH="28" HEIGHT="14" WC="0.96" CONTENT="ur"/><SP WIDTH="17" VPOS="576" HPOS="333"/>
							<String ID="string_94" HPOS="350" VPOS="569" WIDTH="45" HEIGHT="21" WC="0.96" CONTENT="den"/><SP WIDTH="18" VPOS="569" HPOS="395"/>
							<String ID="string_95" HPOS="413" VPOS="569" WIDTH="24" HEIGHT="22" WC="0.93" CONTENT="af"/><SP WIDTH="18" VPOS="569" HPOS="437"/>
							<String ID="string_96" HPOS="455" VPOS="569" WIDTH="112" HEIGHT="22" WC="0.92" CONTENT="Komitén"/><SP WIDTH="12" VPOS="569" HPOS="567"/>
							<String ID="string_97" HPOS="579" VPOS="569" WIDTH="100" HEIGHT="27" WC="0.95" CONTENT="tidigare"/><SP WIDTH="10" VPOS="569" HPOS="679"/>
							<String ID="string_98" HPOS="689" VPOS="569" WIDTH="132" HEIGHT="28" WC="0.93" CONTENT="föreslagna"/><SP WIDTH="9" VPOS="569" HPOS="821"/>
							<String ID="string_99" HPOS="830" VPOS="568" WIDTH="45" HEIGHT="22" WC="0.90" CONTENT="för-"/>
						</TextLine>
						<TextLine ID="line_12" HPOS="119" VPOS="602" WIDTH="756" HEIGHT="30">
							<String ID="string_100" HPOS="119" VPOS="602" WIDTH="130" HEIGHT="29" WC="0.96" CONTENT="ändringen"/><SP WIDTH="19" VPOS="602" HPOS="249"/>
							<String ID="string_101" HPOS="268" VPOS="603" WIDTH="23" HEIGHT="21" WC="0.96" CONTENT="af"/><SP WIDTH="18" VPOS="603" HPOS="291"/>
							<String ID="string_102" HPOS="309" VPOS="603" WIDTH="45" HEIGHT="21" WC="0.95" CONTENT="den"/><SP WIDTH="17" VPOS="603" HPOS="354"/>
							<String ID="string_103" HPOS="371" VPOS="604" WIDTH="76" HEIGHT="21" WC="0.93" CONTENT="finska"/><SP WIDTH="18" VPOS="604" HPOS="447"/>
							<String ID="string_104" HPOS="465" VPOS="611" WIDTH="120" HEIGHT="14" WC="0.92" CONTENT="reservens"/><SP WIDTH="18" VPOS="611" HPOS="585"/>
							<String ID="string_105" HPOS="603" VPOS="603" WIDTH="165" HEIGHT="29" WC="0.95" CONTENT="organisation."/><SP WIDTH="26" VPOS="603" HPOS="768"/>
							<String ID="string_106" HPOS="794" VPOS="602" WIDTH="81" HEIGHT="22" WC="0.93" CONTENT="Skulle"/>
						</TextLine>
						<TextLine ID="line_13" HPOS="119" VPOS="637" WIDTH="756" HEIGHT="29">
							<String ID="string_107" HPOS="119" VPOS="644" WIDTH="29" HEIGHT="14" WC="0.96" CONTENT="en"/><SP WIDTH="18" VPOS="644" HPOS="148"/>
							<String ID="string_108" HPOS="166" VPOS="638" WIDTH="73" HEIGHT="21" WC="0.96" CONTENT="sådan"/><SP WIDTH="18" VPOS="638" HPOS="239"/>
							<String ID="string_109" HPOS="257" VPOS="638" WIDTH="136" HEIGHT="28" WC="0.96" CONTENT="förändring"/><SP WIDTH="19" VPOS="638" HPOS="393"/>
							<String ID="string_110" HPOS="412" VPOS="638" WIDTH="92" HEIGHT="22" WC="0.96" CONTENT="komma"/><SP WIDTH="18" VPOS="638" HPOS="504"/>
							<String ID="string_111" HPOS="522" VPOS="638" WIDTH="38" HEIGHT="22" WC="0.96" CONTENT="till"/><SP WIDTH="19" VPOS="638" HPOS="560"/>
							<String ID="string_112" HPOS="579" VPOS="638" WIDTH="74" HEIGHT="27" WC="0.94" CONTENT="stånd,"/><SP WIDTH="20" VPOS="638" HPOS="653"/>
							<String ID="string_113" HPOS="673" VPOS="638" WIDTH="8" HEIGHT="21" WC="0.96" CONTENT="i"/><SP WIDTH="18" VPOS="638" HPOS="681"/>
							<String ID="string_114" HPOS="699" VPOS="638" WIDTH="60" HEIGHT="28" WC="0.96" CONTENT="syfte"/><SP WIDTH="20" VPOS="638" HPOS="759"/>
							<String ID="string_115" HPOS="779" VPOS="640" WIDTH="34" HEIGHT="18" WC="0.93" CONTENT="att"/><SP WIDTH="18" VPOS="640" HPOS="813"/>
							<String ID="string_116" HPOS="831" VPOS="637" WIDTH="44" HEIGHT="21" WC="0.89" CONTENT="lik-"/>
						</TextLine>
						<TextLine ID="line_14" HPOS="120" VPOS="671" WIDTH="756" HEIGHT="29">
							<String ID="string_117" HPOS="120" VPOS="672" WIDTH="69" HEIGHT="21" WC="0.96" CONTENT="ställa"/><SP WIDTH="18" VPOS="672" HPOS="189"/>
							<String ID="string_118" HPOS="207" VPOS="672" WIDTH="72" HEIGHT="28" WC="0.96" CONTENT="sagda"/><SP WIDTH="18" VPOS="672" HPOS="279"/>
							<String ID="string_119" HPOS="297" VPOS="679" WIDTH="76" HEIGHT="15" WC="0.96" CONTENT="reserv"/><SP WIDTH="18" VPOS="679" HPOS="373"/>
							<String ID="string_120" HPOS="391" VPOS="673" WIDTH="53" HEIGHT="21" WC="0.96" CONTENT="med"/><SP WIDTH="19" VPOS="673" HPOS="444"/>
							<String ID="string_121" HPOS="463" VPOS="673" WIDTH="45" HEIGHT="21" WC="0.96" CONTENT="den"/><SP WIDTH="17" VPOS="673" HPOS="508"/>
							<String ID="string_122" HPOS="525" VPOS="672" WIDTH="72" HEIGHT="28" WC="0.96" CONTENT="ryska"/><SP WIDTH="17" VPOS="672" HPOS="597"/>
							<String ID="string_123" HPOS="614" VPOS="680" WIDTH="114" HEIGHT="19" WC="0.96" CONTENT="reserven,"/><SP WIDTH="19" VPOS="680" HPOS="728"/>
							<String ID="string_124" HPOS="747" VPOS="673" WIDTH="73" HEIGHT="20" WC="0.94" CONTENT="måste"/><SP WIDTH="10" VPOS="673" HPOS="820"/>
							<String ID="string_125" HPOS="830" VPOS="671" WIDTH="46" HEIGHT="22" WC="0.96" CONTENT="den"/>
						</TextLine>
						<TextLine ID="line_15" HPOS="118" VPOS="706" WIDTH="758" HEIGHT="30">
							<String ID="string_126" HPOS="118" VPOS="706" WIDTH="77" HEIGHT="21" WC="0.96" CONTENT="finska"/><SP WIDTH="17" VPOS="706" HPOS="195"/>
							<String ID="string_127" HPOS="212" VPOS="714" WIDTH="106" HEIGHT="14" WC="0.90" CONTENT="reserven"/><SP WIDTH="18" VPOS="714" HPOS="318"/>
							<String ID="string_128" HPOS="336" VPOS="707" WIDTH="119" HEIGHT="29" WC="0.90" CONTENT="sjelffallet"/><SP WIDTH="18" VPOS="707" HPOS="455"/>
							<String ID="string_129" HPOS="473" VPOS="708" WIDTH="69" HEIGHT="20" WC="0.95" CONTENT="äfven"/><SP WIDTH="18" VPOS="708" HPOS="542"/>
							<String ID="string_130" HPOS="560" VPOS="707" WIDTH="93" HEIGHT="21" WC="0.96" CONTENT="komma"/><SP WIDTH="16" VPOS="707" HPOS="653"/>
							<String ID="string_131" HPOS="669" VPOS="707" WIDTH="8" HEIGHT="21" WC="0.96" CONTENT="i"/><SP WIDTH="19" VPOS="707" HPOS="677"/>
							<String ID="string_132" HPOS="696" VPOS="706" WIDTH="137" HEIGHT="29" WC="0.95" CONTENT="åtnjutande"/><SP WIDTH="20" VPOS="706" HPOS="833"/>
							<String ID="string_133" HPOS="853" VPOS="706" WIDTH="23" HEIGHT="21" WC="0.95" CONTENT="af"/>
						</TextLine>
						<TextLine ID="line_16" HPOS="120" VPOS="741" WIDTH="469" HEIGHT="29">
							<String ID="string_134" HPOS="120" VPOS="748" WIDTH="87" HEIGHT="14" WC="0.96" CONTENT="samma"/><SP WIDTH="18" VPOS="748" HPOS="207"/>
							<String ID="string_135" HPOS="225" VPOS="741" WIDTH="138" HEIGHT="28" WC="0.95" CONTENT="rättigheter"/><SP WIDTH="18" VPOS="741" HPOS="363"/>
							<String ID="string_136" HPOS="381" VPOS="748" WIDTH="49" HEIGHT="15" WC="0.96" CONTENT="som"/><SP WIDTH="18" VPOS="748" HPOS="430"/>
							<String ID="string_137" HPOS="448" VPOS="741" WIDTH="45" HEIGHT="22" WC="0.96" CONTENT="den"/><SP WIDTH="17" VPOS="741" HPOS="493"/>
							<String ID="string_138" HPOS="510" VPOS="742" WIDTH="79" HEIGHT="28" WC="0.96" CONTENT="ryska."/>
						</TextLine>
					</TextBlock>
					<TextBlock ID="block_2" HPOS="118" VPOS="775" WIDTH="759" HEIGHT="167">
						<TextLine ID="line_17" HPOS="188" VPOS="775" WIDTH="687" HEIGHT="29">
							<String ID="string_139" HPOS="188" VPOS="775" WIDTH="52" HEIGHT="21" WC="0.96" CONTENT="Den"/><SP WIDTH="19" VPOS="775" HPOS="240"/>
							<String ID="string_140" HPOS="259" VPOS="775" WIDTH="22" HEIGHT="21" WC="0.96" CONTENT="af"/><SP WIDTH="21" VPOS="775" HPOS="281"/>
							<String ID="string_141" HPOS="302" VPOS="778" WIDTH="189" HEIGHT="26" WC="0.95" CONTENT="representanten"/><SP WIDTH="19" VPOS="778" HPOS="491"/>
							<String ID="string_142" HPOS="510" VPOS="776" WIDTH="35" HEIGHT="21" WC="0.96" CONTENT="för"/><SP WIDTH="18" VPOS="776" HPOS="545"/>
							<String ID="string_143" HPOS="563" VPOS="776" WIDTH="76" HEIGHT="21" WC="0.96" CONTENT="finska"/><SP WIDTH="19" VPOS="776" HPOS="639"/>
							<String ID="string_144" HPOS="658" VPOS="775" WIDTH="217" HEIGHT="22" WC="0.96" CONTENT="administrationen"/>
						</TextLine>
						<TextLine ID="line_18" HPOS="119" VPOS="808" WIDTH="757" HEIGHT="30">
							<String ID="string_145" HPOS="119" VPOS="809" WIDTH="98" HEIGHT="21" WC="0.95" CONTENT="rörande"/><SP WIDTH="27" VPOS="809" HPOS="217"/>
							<String ID="string_146" HPOS="244" VPOS="810" WIDTH="76" HEIGHT="21" WC="0.94" CONTENT="denna"/><SP WIDTH="26" VPOS="810" HPOS="320"/>
							<String ID="string_147" HPOS="346" VPOS="812" WIDTH="42" HEIGHT="19" WC="0.93" CONTENT="art."/><SP WIDTH="24" VPOS="812" HPOS="388"/>
							<String ID="string_148" HPOS="412" VPOS="810" WIDTH="138" HEIGHT="22" WC="0.92" CONTENT="framstälda"/><SP WIDTH="18" VPOS="810" HPOS="550"/>
							<String ID="string_149" HPOS="568" VPOS="810" WIDTH="183" HEIGHT="28" WC="0.95" CONTENT="invändningen,"/><SP WIDTH="20" VPOS="810" HPOS="751"/>
							<String ID="string_150" HPOS="771" VPOS="812" WIDTH="34" HEIGHT="19" WC="0.96" CONTENT="att"/><SP WIDTH="18" VPOS="812" HPOS="805"/>
							<String ID="string_151" HPOS="823" VPOS="808" WIDTH="53" HEIGHT="22" WC="0.95" CONTENT="dess"/>
						</TextLine>
						<TextLine ID="line_19" HPOS="119" VPOS="843" WIDTH="758" HEIGHT="28">
							<String ID="string_152" HPOS="119" VPOS="844" WIDTH="112" HEIGHT="21" WC="0.96" CONTENT="innebörd"/><SP WIDTH="22" VPOS="844" HPOS="231"/>
							<String ID="string_153" HPOS="253" VPOS="844" WIDTH="95" HEIGHT="22" WC="0.96" CONTENT="berörde"/><SP WIDTH="25" VPOS="844" HPOS="348"/>
							<String ID="string_154" HPOS="373" VPOS="844" WIDTH="45" HEIGHT="22" WC="0.96" CONTENT="den"/><SP WIDTH="21" VPOS="844" HPOS="418"/>
							<String ID="string_155" HPOS="439" VPOS="845" WIDTH="152" HEIGHT="21" WC="0.95" CONTENT="ekonomiska"/><SP WIDTH="18" VPOS="845" HPOS="591"/>
							<String ID="string_156" HPOS="609" VPOS="844" WIDTH="68" HEIGHT="22" WC="0.96" CONTENT="sidan"/><SP WIDTH="19" VPOS="844" HPOS="677"/>
							<String ID="string_157" HPOS="696" VPOS="844" WIDTH="23" HEIGHT="22" WC="0.96" CONTENT="af"/><SP WIDTH="18" VPOS="844" HPOS="719"/>
							<String ID="string_158" HPOS="737" VPOS="844" WIDTH="78" HEIGHT="27" WC="0.95" CONTENT="saken,"/><SP WIDTH="19" VPOS="844" HPOS="815"/>
							<String ID="string_159" HPOS="834" VPOS="843" WIDTH="43" HEIGHT="21" WC="0.96" CONTENT="har"/>
						</TextLine>
						<TextLine ID="line_20" HPOS="119" VPOS="877" WIDTH="757" HEIGHT="30">
							<String ID="string_160" HPOS="119" VPOS="878" WIDTH="112" HEIGHT="21" WC="0.91" CONTENT="Komitén"/><SP WIDTH="18" VPOS="878" HPOS="231"/>
							<String ID="string_161" HPOS="249" VPOS="878" WIDTH="87" HEIGHT="23" WC="0.92" CONTENT="lemnat"/><SP WIDTH="19" VPOS="878" HPOS="336"/>
							<String ID="string_162" HPOS="355" VPOS="879" WIDTH="116" HEIGHT="22" WC="0.91" CONTENT="obeaktad"/><SP WIDTH="19" VPOS="879" HPOS="471"/>
							<String ID="string_163" HPOS="490" VPOS="879" WIDTH="23" HEIGHT="22" WC="0.96" CONTENT="af"/><SP WIDTH="19" VPOS="879" HPOS="513"/>
							<String ID="string_164" HPOS="532" VPOS="879" WIDTH="99" HEIGHT="28" WC="0.95" CONTENT="orsaker,"/><SP WIDTH="19" VPOS="879" HPOS="631"/>
							<String ID="string_165" HPOS="650" VPOS="879" WIDTH="82" HEIGHT="22" WC="0.96" CONTENT="hvilka"/><SP WIDTH="17" VPOS="879" HPOS="732"/>
							<String ID="string_166" HPOS="749" VPOS="878" WIDTH="91" HEIGHT="27" WC="0.96" CONTENT="framgå"/><SP WIDTH="14" VPOS="878" HPOS="840"/>
							<String ID="string_167" HPOS="854" VPOS="877" WIDTH="22" HEIGHT="22" WC="0.91" CONTENT="af"/>
						</TextLine>
						<TextLine ID="line_21" HPOS="118" VPOS="913" WIDTH="550" HEIGHT="29">
							<String ID="string_168" HPOS="118" VPOS="913" WIDTH="161" HEIGHT="28" WC="0.94" CONTENT="förklaringen"/><SP WIDTH="18" VPOS="913" HPOS="279"/>
							<String ID="string_169" HPOS="297" VPOS="914" WIDTH="36" HEIGHT="21" WC="0.95" CONTENT="till"/><SP WIDTH="20" VPOS="914" HPOS="333"/>
							<String ID="string_170" HPOS="353" VPOS="917" WIDTH="41" HEIGHT="18" WC="0.95" CONTENT="art."/><SP WIDTH="20" VPOS="917" HPOS="394"/>
							<String ID="string_171" HPOS="414" VPOS="914" WIDTH="31" HEIGHT="21" WC="0.96" CONTENT="20"/><SP WIDTH="20" VPOS="914" HPOS="445"/>
							<String ID="string_172" HPOS="465" VPOS="914" WIDTH="7" HEIGHT="21" WC="0.96" CONTENT="i"/><SP WIDTH="19" VPOS="914" HPOS="472"/>
							<String ID="string_173" HPOS="491" VPOS="914" WIDTH="65" HEIGHT="21" WC="0.96" CONTENT="detta"/><SP WIDTH="18" VPOS="914" HPOS="556"/>
							<String ID="string_174" HPOS="574" VPOS="914" WIDTH="94" HEIGHT="28" WC="0.96" CONTENT="förslag."/>
						</TextLine>
					</TextBlock>
				</ComposedBlock>
				<ComposedBlock ID="cblock_2" HPOS="119" VPOS="982" WIDTH="758" HEIGHT="159">
					<TextBlock ID="block_3" HPOS="119" VPOS="982" WIDTH="758" HEIGHT="159">
						<TextLine ID="line_22" HPOS="191" VPOS="982" WIDTH="686" HEIGHT="29">
							<String ID="string_175" HPOS="191" VPOS="983" WIDTH="44" HEIGHT="20" WC="0.71" CONTENT="Art."/><SP WIDTH="23" VPOS="983" HPOS="235"/>
							<String ID="string_176" HPOS="258" VPOS="984" WIDTH="35" HEIGHT="20" WC="0.89" CONTENT="26."/><SP WIDTH="36" VPOS="984" HPOS="293"/>
							<String ID="string_177" HPOS="329" VPOS="983" WIDTH="34" HEIGHT="20" WC="0.89" CONTENT="Pä"/><SP WIDTH="18" VPOS="983" HPOS="363"/>
							<String ID="string_178" HPOS="381" VPOS="982" WIDTH="77" HEIGHT="29" WC="0.96" CONTENT="grund"/><SP WIDTH="19" VPOS="982" HPOS="458"/>
							<String ID="string_179" HPOS="477" VPOS="983" WIDTH="23" HEIGHT="21" WC="0.93" CONTENT="af"/><SP WIDTH="11" VPOS="983" HPOS="500"/>
							<String ID="string_180" HPOS="511" VPOS="983" WIDTH="255" HEIGHT="21" WC="0.92" CONTENT="öfverensstämmelsen"/><SP WIDTH="11" VPOS="983" HPOS="766"/>
							<String ID="string_181" HPOS="777" VPOS="982" WIDTH="100" HEIGHT="21" WC="0.96" CONTENT="emellan"/>
						</TextLine>
						<TextLine ID="line_23" HPOS="120" VPOS="1017" WIDTH="757" HEIGHT="28">
							<String ID="string_182" HPOS="120" VPOS="1019" WIDTH="42" HEIGHT="19" WC="0.95" CONTENT="art."/><SP WIDTH="27" VPOS="1019" HPOS="162"/>
							<String ID="string_183" HPOS="189" VPOS="1017" WIDTH="30" HEIGHT="20" WC="0.96" CONTENT="32"/><SP WIDTH="21" VPOS="1017" HPOS="219"/>
							<String ID="string_184" HPOS="240" VPOS="1017" WIDTH="8" HEIGHT="21" WC="0.93" CONTENT="i"/><SP WIDTH="18" VPOS="1017" HPOS="248"/>
							<String ID="string_185" HPOS="266" VPOS="1017" WIDTH="174" HEIGHT="28" WC="0.91" CONTENT="Kejsardömets"/><SP WIDTH="19" VPOS="1017" HPOS="440"/>
							<String ID="string_186" HPOS="459" VPOS="1017" WIDTH="43" HEIGHT="21" WC="0.96" CONTENT="och"/><SP WIDTH="21" VPOS="1017" HPOS="502"/>
							<String ID="string_187" HPOS="523" VPOS="1017" WIDTH="47" HEIGHT="22" WC="0.96" CONTENT="103"/><SP WIDTH="19" VPOS="1017" HPOS="570"/>
							<String ID="string_188" HPOS="589" VPOS="1017" WIDTH="8" HEIGHT="21" WC="0.96" CONTENT="i"/><SP WIDTH="18" VPOS="1017" HPOS="597"/>
							<String ID="string_189" HPOS="615" VPOS="1017" WIDTH="110" HEIGHT="28" WC="0.96" CONTENT="gällande"/><SP WIDTH="18" VPOS="1017" HPOS="725"/>
							<String ID="string_190" HPOS="743" VPOS="1017" WIDTH="76" HEIGHT="21" WC="0.96" CONTENT="finska"/><SP WIDTH="18" VPOS="1017" HPOS="819"/>
							<String ID="string_191" HPOS="837" VPOS="1017" WIDTH="40" HEIGHT="26" WC="0.96" CONTENT="lag"/>
						</TextLine>
						<TextLine ID="line_24" HPOS="119" VPOS="1051" WIDTH="758" HEIGHT="28">
							<String ID="string_192" HPOS="119" VPOS="1051" WIDTH="42" HEIGHT="21" WC="0.92" CONTENT="har"/><SP WIDTH="24" VPOS="1051" HPOS="161"/>
							<String ID="string_193" HPOS="185" VPOS="1051" WIDTH="110" HEIGHT="22" WC="0.91" CONTENT="Komiten"/><SP WIDTH="24" VPOS="1051" HPOS="295"/>
							<String ID="string_194" HPOS="319" VPOS="1051" WIDTH="97" HEIGHT="22" WC="0.85" CONTENT="beslutit"/><SP WIDTH="17" VPOS="1051" HPOS="416"/>
							<String ID="string_195" HPOS="433" VPOS="1051" WIDTH="77" HEIGHT="22" WC="0.96" CONTENT="införa"/><SP WIDTH="18" VPOS="1051" HPOS="510"/>
							<String ID="string_196" HPOS="528" VPOS="1051" WIDTH="45" HEIGHT="22" WC="0.93" CONTENT="den"/><SP WIDTH="19" VPOS="1051" HPOS="573"/>
							<String ID="string_197" HPOS="592" VPOS="1051" WIDTH="151" HEIGHT="28" WC="0.96" CONTENT="sistnämnda,"/><SP WIDTH="18" VPOS="1051" HPOS="743"/>
							<String ID="string_198" HPOS="761" VPOS="1054" WIDTH="58" HEIGHT="19" WC="0.93" CONTENT="utan"/><SP WIDTH="18" VPOS="1054" HPOS="819"/>
							<String ID="string_199" HPOS="837" VPOS="1054" WIDTH="40" HEIGHT="17" WC="0.90" CONTENT="än-"/>
						</TextLine>
						<TextLine ID="line_25" HPOS="120" VPOS="1085" WIDTH="757" HEIGHT="29">
							<String ID="string_200" HPOS="120" VPOS="1085" WIDTH="69" HEIGHT="28" WC="0.91" CONTENT="dring"/><SP WIDTH="19" VPOS="1085" HPOS="189"/>
							<String ID="string_201" HPOS="208" VPOS="1085" WIDTH="23" HEIGHT="22" WC="0.96" CONTENT="af"/><SP WIDTH="19" VPOS="1085" HPOS="231"/>
							<String ID="string_202" HPOS="250" VPOS="1085" WIDTH="51" HEIGHT="22" WC="0.93" CONTENT="dess"/><SP WIDTH="19" VPOS="1085" HPOS="301"/>
							<String ID="string_203" HPOS="320" VPOS="1085" WIDTH="94" HEIGHT="29" WC="0.92" CONTENT="lydelse,"/><SP WIDTH="19" VPOS="1085" HPOS="414"/>
							<String ID="string_204" HPOS="433" VPOS="1086" WIDTH="8" HEIGHT="21" WC="0.93" CONTENT="i"/><SP WIDTH="18" VPOS="1086" HPOS="441"/>
							<String ID="string_205" HPOS="459" VPOS="1086" WIDTH="113" HEIGHT="27" WC="0.92" CONTENT="förslaget"/><SP WIDTH="19" VPOS="1086" HPOS="572"/>
							<String ID="string_206" HPOS="591" VPOS="1086" WIDTH="36" HEIGHT="21" WC="0.93" CONTENT="till"/><SP WIDTH="19" VPOS="1086" HPOS="627"/>
							<String ID="string_207" HPOS="646" VPOS="1085" WIDTH="185" HEIGHT="29" WC="0.92" CONTENT="värnepligtslag"/><SP WIDTH="10" VPOS="1085" HPOS="831"/>
							<String ID="string_208" HPOS="841" VPOS="1085" WIDTH="36" HEIGHT="21" WC="0.96" CONTENT="för"/>
						</TextLine>
						<TextLine ID="line_26" HPOS="119" VPOS="1119" WIDTH="109" HEIGHT="22">
							<String ID="string_209" HPOS="119" VPOS="1119" WIDTH="109" HEIGHT="22" WC="0.96" CONTENT="Finland."/>
						</TextLine>
					</TextBlock>
				</ComposedBlock>
				<ComposedBlock ID="cblock_3" HPOS="120" VPOS="1188" WIDTH="759" HEIGHT="304">
					<TextBlock ID="block_4" HPOS="120" VPOS="1188" WIDTH="759" HEIGHT="304">
						<TextLine ID="line_27" HPOS="189" VPOS="1188" WIDTH="689" HEIGHT="29">
							<String ID="string_210" HPOS="189" VPOS="1189" WIDTH="46" HEIGHT="20" WC="0.92" CONTENT="Art."/><SP WIDTH="22" VPOS="1189" HPOS="235"/>
							<String ID="string_211" HPOS="257" VPOS="1190" WIDTH="35" HEIGHT="20" WC="0.86" CONTENT="27."/><SP WIDTH="37" VPOS="1190" HPOS="292"/>
							<String ID="string_212" HPOS="329" VPOS="1188" WIDTH="143" HEIGHT="22" WC="0.86" CONTENT="Vidstäende"/><SP WIDTH="24" VPOS="1188" HPOS="472"/>
							<String ID="string_213" HPOS="496" VPOS="1188" WIDTH="89" HEIGHT="29" WC="0.93" CONTENT="lydelse"/><SP WIDTH="19" VPOS="1188" HPOS="585"/>
							<String ID="string_214" HPOS="604" VPOS="1189" WIDTH="127" HEIGHT="27" WC="0.91" CONTENT="ätergifver"/><SP WIDTH="17" VPOS="1189" HPOS="731"/>
							<String ID="string_215" HPOS="748" VPOS="1188" WIDTH="130" HEIGHT="21" WC="0.96" CONTENT="innehållet"/>
						</TextLine>
						<TextLine ID="line_28" HPOS="120" VPOS="1222" WIDTH="757" HEIGHT="29">
							<String ID="string_216" HPOS="120" VPOS="1223" WIDTH="23" HEIGHT="21" WC="0.96" CONTENT="af"/><SP WIDTH="19" VPOS="1223" HPOS="143"/>
							<String ID="string_217" HPOS="162" VPOS="1226" WIDTH="42" HEIGHT="18" WC="0.95" CONTENT="art."/><SP WIDTH="20" VPOS="1226" HPOS="204"/>
							<String ID="string_218" HPOS="224" VPOS="1223" WIDTH="31" HEIGHT="21" WC="0.95" CONTENT="33"/><SP WIDTH="19" VPOS="1223" HPOS="255"/>
							<String ID="string_219" HPOS="274" VPOS="1223" WIDTH="8" HEIGHT="21" WC="0.93" CONTENT="i"/><SP WIDTH="18" VPOS="1223" HPOS="282"/>
							<String ID="string_220" HPOS="300" VPOS="1223" WIDTH="174" HEIGHT="28" WC="0.90" CONTENT="Kejsardömets"/><SP WIDTH="18" VPOS="1223" HPOS="474"/>
							<String ID="string_221" HPOS="492" VPOS="1223" WIDTH="47" HEIGHT="28" WC="0.96" CONTENT="lag,"/><SP WIDTH="20" VPOS="1223" HPOS="539"/>
							<String ID="string_222" HPOS="559" VPOS="1230" WIDTH="48" HEIGHT="14" WC="0.96" CONTENT="som"/><SP WIDTH="18" VPOS="1230" HPOS="607"/>
							<String ID="string_223" HPOS="625" VPOS="1226" WIDTH="129" HEIGHT="18" WC="0.93" CONTENT="motsvarar"/><SP WIDTH="19" VPOS="1226" HPOS="754"/>
							<String ID="string_224" HPOS="773" VPOS="1224" WIDTH="13" HEIGHT="25" WC="0.87" CONTENT="$"/><SP WIDTH="22" VPOS="1224" HPOS="786"/>
							<String ID="string_225" HPOS="808" VPOS="1222" WIDTH="69" HEIGHT="21" WC="0.81" CONTENT="104i"/>
						</TextLine>
						<TextLine ID="line_29" HPOS="120" VPOS="1257" WIDTH="756" HEIGHT="28">
							<String ID="string_226" HPOS="120" VPOS="1257" WIDTH="109" HEIGHT="28" WC="0.96" CONTENT="gällande"/><SP WIDTH="25" VPOS="1257" HPOS="229"/>
							<String ID="string_227" HPOS="254" VPOS="1257" WIDTH="75" HEIGHT="22" WC="0.96" CONTENT="finska"/><SP WIDTH="23" VPOS="1257" HPOS="329"/>
							<String ID="string_228" HPOS="352" VPOS="1257" WIDTH="46" HEIGHT="28" WC="0.93" CONTENT="lag,"/><SP WIDTH="23" VPOS="1257" HPOS="398"/>
							<String ID="string_229" HPOS="421" VPOS="1257" WIDTH="73" HEIGHT="22" WC="0.92" CONTENT="likväl"/><SP WIDTH="19" VPOS="1257" HPOS="494"/>
							<String ID="string_230" HPOS="513" VPOS="1257" WIDTH="52" HEIGHT="22" WC="0.93" CONTENT="med"/><SP WIDTH="20" VPOS="1257" HPOS="565"/>
							<String ID="string_231" HPOS="585" VPOS="1257" WIDTH="136" HEIGHT="28" WC="0.91" CONTENT="obetydliga"/><SP WIDTH="18" VPOS="1257" HPOS="721"/>
							<String ID="string_232" HPOS="739" VPOS="1257" WIDTH="137" HEIGHT="28" WC="0.96" CONTENT="ändringar;"/>
						</TextLine>
						<TextLine ID="line_30" HPOS="120" VPOS="1291" WIDTH="755" HEIGHT="29">
							<String ID="string_233" HPOS="120" VPOS="1291" WIDTH="99" HEIGHT="22" WC="0.96" CONTENT="sålunda"/><SP WIDTH="23" VPOS="1291" HPOS="219"/>
							<String ID="string_234" HPOS="242" VPOS="1291" WIDTH="71" HEIGHT="22" WC="0.96" CONTENT="hafva"/><SP WIDTH="24" VPOS="1291" HPOS="313"/>
							<String ID="string_235" HPOS="337" VPOS="1291" WIDTH="70" HEIGHT="22" WC="0.92" CONTENT="orden"/><SP WIDTH="26" VPOS="1291" HPOS="407"/>
							<String ID="string_236" HPOS="433" VPOS="1291" WIDTH="37" HEIGHT="29" WC="0.87" CONTENT=",af"/><SP WIDTH="22" VPOS="1291" HPOS="470"/>
							<String ID="string_237" HPOS="492" VPOS="1291" WIDTH="90" HEIGHT="22" WC="0.96" CONTENT="kronan"/><SP WIDTH="19" VPOS="1291" HPOS="582"/>
							<String ID="string_238" HPOS="601" VPOS="1292" WIDTH="14" HEIGHT="21" WC="0.93" CONTENT="3"/><SP WIDTH="19" VPOS="1292" HPOS="615"/>
							<String ID="string_239" HPOS="634" VPOS="1292" WIDTH="67" HEIGHT="21" WC="0.92" CONTENT="rubel"/><SP WIDTH="18" VPOS="1292" HPOS="701"/>
							<String ID="string_240" HPOS="719" VPOS="1291" WIDTH="156" HEIGHT="28" WC="0.84" CONTENT="mänatligen*"/>
						</TextLine>
						<TextLine ID="line_31" HPOS="120" VPOS="1325" WIDTH="758" HEIGHT="29">
							<String ID="string_241" HPOS="120" VPOS="1325" WIDTH="80" HEIGHT="22" WC="0.95" CONTENT="blifvit"/><SP WIDTH="19" VPOS="1325" HPOS="200"/>
							<String ID="string_242" HPOS="219" VPOS="1328" WIDTH="86" HEIGHT="19" WC="0.95" CONTENT="ersatta"/><SP WIDTH="21" VPOS="1328" HPOS="305"/>
							<String ID="string_243" HPOS="326" VPOS="1326" WIDTH="51" HEIGHT="21" WC="0.96" CONTENT="med"/><SP WIDTH="19" VPOS="1326" HPOS="377"/>
							<String ID="string_244" HPOS="396" VPOS="1326" WIDTH="72" HEIGHT="21" WC="0.93" CONTENT="orden"/><SP WIDTH="20" VPOS="1326" HPOS="468"/>
							<String ID="string_245" HPOS="488" VPOS="1325" WIDTH="140" HEIGHT="29" WC="0.87" CONTENT=",understöd"/><SP WIDTH="18" VPOS="1325" HPOS="628"/>
							<String ID="string_246" HPOS="646" VPOS="1333" WIDTH="27" HEIGHT="14" WC="0.93" CONTENT="ur"/><SP WIDTH="18" VPOS="1333" HPOS="673"/>
							<String ID="string_247" HPOS="691" VPOS="1325" WIDTH="187" HEIGHT="29" WC="0.91" CONTENT="krigsmanshus-"/>
						</TextLine>
						<TextLine ID="line_32" HPOS="120" VPOS="1360" WIDTH="757" HEIGHT="29">
							<String ID="string_248" HPOS="120" VPOS="1360" WIDTH="85" HEIGHT="21" WC="0.96" CONTENT="kassan"/><SP WIDTH="19" VPOS="1360" HPOS="205"/>
							<String ID="string_249" HPOS="224" VPOS="1360" WIDTH="75" HEIGHT="28" WC="0.95" CONTENT="enligt"/><SP WIDTH="18" VPOS="1360" HPOS="299"/>
							<String ID="string_250" HPOS="317" VPOS="1360" WIDTH="78" HEIGHT="22" WC="0.96" CONTENT="härför"/><SP WIDTH="18" VPOS="1360" HPOS="395"/>
							<String ID="string_251" HPOS="413" VPOS="1360" WIDTH="109" HEIGHT="28" WC="0.96" CONTENT="gällande"/><SP WIDTH="19" VPOS="1360" HPOS="522"/>
							<String ID="string_252" HPOS="541" VPOS="1360" WIDTH="196" HEIGHT="28" WC="0.93" CONTENT="bestämningar&quot;,"/><SP WIDTH="11" VPOS="1360" HPOS="737"/>
							<String ID="string_253" HPOS="748" VPOS="1360" WIDTH="129" HEIGHT="29" WC="0.89" CONTENT="hvarjemte"/>
						</TextLine>
						<TextLine ID="line_33" HPOS="120" VPOS="1394" WIDTH="759" HEIGHT="29">
							<String ID="string_254" HPOS="120" VPOS="1395" WIDTH="8" HEIGHT="20" WC="0.96" CONTENT="i"/><SP WIDTH="18" VPOS="1395" HPOS="128"/>
							<String ID="string_255" HPOS="146" VPOS="1395" WIDTH="79" HEIGHT="20" WC="0.96" CONTENT="stället"/><SP WIDTH="18" VPOS="1395" HPOS="225"/>
							<String ID="string_256" HPOS="243" VPOS="1395" WIDTH="35" HEIGHT="21" WC="0.93" CONTENT="för"/><SP WIDTH="9" VPOS="1395" HPOS="278"/>
							<String ID="string_257" HPOS="287" VPOS="1394" WIDTH="141" HEIGHT="28" WC="0.91" CONTENT="stadgandet"/><SP WIDTH="9" VPOS="1394" HPOS="428"/>
							<String ID="string_258" HPOS="437" VPOS="1402" WIDTH="37" HEIGHT="14" WC="0.95" CONTENT="om"/><SP WIDTH="9" VPOS="1402" HPOS="474"/>
							<String ID="string_259" HPOS="483" VPOS="1394" WIDTH="128" HEIGHT="22" WC="0.96" CONTENT="understöd"/><SP WIDTH="9" VPOS="1394" HPOS="611"/>
							<String ID="string_260" HPOS="620" VPOS="1395" WIDTH="36" HEIGHT="21" WC="0.96" CONTENT="för"/><SP WIDTH="9" VPOS="1395" HPOS="656"/>
							<String ID="string_261" HPOS="665" VPOS="1394" WIDTH="84" HEIGHT="22" WC="0.96" CONTENT="sådant"/><SP WIDTH="10" VPOS="1394" HPOS="749"/>
							<String ID="string_262" HPOS="759" VPOS="1394" WIDTH="36" HEIGHT="21" WC="0.93" CONTENT="till"/><SP WIDTH="10" VPOS="1394" HPOS="795"/>
							<String ID="string_263" HPOS="805" VPOS="1394" WIDTH="74" HEIGHT="29" WC="0.91" CONTENT="tjenst"/>
						</TextLine>
						<TextLine ID="line_34" HPOS="120" VPOS="1429" WIDTH="758" HEIGHT="28">
							<String ID="string_264" HPOS="120" VPOS="1429" WIDTH="128" HEIGHT="28" WC="0.91" CONTENT="oförmöget"/><SP WIDTH="17" VPOS="1429" HPOS="248"/>
							<String ID="string_265" HPOS="265" VPOS="1429" WIDTH="137" HEIGHT="21" WC="0.92" CONTENT="underbefäl"/><SP WIDTH="9" VPOS="1429" HPOS="402"/>
							<String ID="string_266" HPOS="411" VPOS="1429" WIDTH="44" HEIGHT="21" WC="0.96" CONTENT="och"/><SP WIDTH="9" VPOS="1429" HPOS="455"/>
							<String ID="string_267" HPOS="464" VPOS="1429" WIDTH="120" HEIGHT="28" WC="0.95" CONTENT="manskap,"/><SP WIDTH="10" VPOS="1429" HPOS="584"/>
							<String ID="string_268" HPOS="594" VPOS="1437" WIDTH="49" HEIGHT="14" WC="0.96" CONTENT="som"/><SP WIDTH="18" VPOS="1437" HPOS="643"/>
							<String ID="string_269" HPOS="661" VPOS="1429" WIDTH="116" HEIGHT="21" WC="0.95" CONTENT="erfordrar"/><SP WIDTH="10" VPOS="1429" HPOS="777"/>
							<String ID="string_270" HPOS="787" VPOS="1435" WIDTH="91" HEIGHT="15" WC="0.95" CONTENT="annans"/>
						</TextLine>
						<TextLine ID="line_35" HPOS="120" VPOS="1463" WIDTH="758" HEIGHT="29">
							<String ID="string_271" HPOS="120" VPOS="1463" WIDTH="143" HEIGHT="22" WC="0.95" CONTENT="omvårdnad"/><SP WIDTH="19" VPOS="1463" HPOS="263"/>
							<String ID="string_272" HPOS="282" VPOS="1463" WIDTH="42" HEIGHT="22" WC="0.96" CONTENT="och"/><SP WIDTH="19" VPOS="1463" HPOS="324"/>
							<String ID="string_273" HPOS="343" VPOS="1471" WIDTH="48" HEIGHT="14" WC="0.96" CONTENT="som"/><SP WIDTH="13" VPOS="1471" HPOS="391"/>
							<String ID="string_274" HPOS="404" VPOS="1463" WIDTH="75" HEIGHT="28" WC="0.96" CONTENT="enligt"/><SP WIDTH="10" VPOS="1463" HPOS="479"/>
							<String ID="string_275" HPOS="489" VPOS="1466" WIDTH="42" HEIGHT="19" WC="0.96" CONTENT="art."/><SP WIDTH="12" VPOS="1466" HPOS="531"/>
							<String ID="string_276" HPOS="543" VPOS="1464" WIDTH="31" HEIGHT="21" WC="0.93" CONTENT="33"/><SP WIDTH="11" VPOS="1464" HPOS="574"/>
							<String ID="string_277" HPOS="585" VPOS="1464" WIDTH="92" HEIGHT="28" WC="0.90" CONTENT="intages"/><SP WIDTH="10" VPOS="1464" HPOS="677"/>
							<String ID="string_278" HPOS="687" VPOS="1463" WIDTH="8" HEIGHT="22" WC="0.93" CONTENT="i"/><SP WIDTH="9" VPOS="1463" HPOS="695"/>
							<String ID="string_279" HPOS="704" VPOS="1463" WIDTH="174" HEIGHT="28" WC="0.92" CONTENT="välgörenhets-"/>
						</TextLine>
					</TextBlock>
				</ComposedBlock>
			</PrintSpace>
		</Page>
	</Layout>
</alto>
