1111 1823
260 179 32 20 54

224 250 63 18 ännu
314 255 61 14 mera
403 249 74 26 orsak,
504 256 37 13 om
565 249 28 20 de
617 249 60 21 hade
700 249 89 22 försökt
814 251 34 19 att
871 249 106 22 utarbeta

223 282 175 27 propositionen
416 283 30 28 pä
465 283 102 21 nationel
585 283 123 28 grundval,
722 283 94 28 hvilket,
830 283 74 29 enligt
920 284 57 21 tala-

222 323 54 14 rens
295 316 67 29 äsigt,
381 317 59 22 hade
459 317 61 22 varit
533 318 97 28 möjligt,
645 325 36 14 om
694 317 40 22 det
746 317 76 29 gamla
834 317 143 29 indelnings-

223 350 82 22 verket
323 350 59 23 hade
401 351 140 28 bibehällits,
561 352 8 21 i
587 352 91 21 hvilket
694 352 59 22 dock
766 353 74 27 nägra
852 352 125 29 tidsenliga

223 385 168 29 förbättringar
409 386 90 22 kunnat
517 387 93 21 införas.
634 386 137 22 Införandet
789 387 23 21 af
827 387 86 22 allmän
926 391 51 18 vär-

223 419 92 29 nepligt
333 419 41 22 hos
393 428 36 14 oss
449 424 25 18 är
492 421 123 29 olämpligt
634 421 96 27 derföre,
743 423 34 20 att
793 421 24 21 vi
829 421 81 29 sjelfve
925 421 52 22 icke

222 453 72 22 hafva
312 455 72 28 något
402 455 131 28 inflytande
552 456 29 28 pä
600 455 137 29 afgörandet
750 456 23 21 af
784 456 79 28 frågor
876 463 37 14 om
924 456 53 28 krig

222 487 45 22 och
292 488 55 21 fred.
384 489 105 22 Framför
507 490 87 29 nädiga
612 490 173 29 propositionen
804 489 43 22 och
865 490 112 22 utskotts-

222 522 160 23 betänkandet
400 524 40 29 gaf
459 525 88 21 talaren
567 525 115 21 företräde
702 525 23 20 ät
743 525 60 20 Herr
822 524 154 22 Silfversvans

222 557 94 29 förslag,
336 558 95 22 emedan
457 559 64 21 detta
539 559 87 29 förslag
644 559 51 22 icke
715 559 66 22 ålade
800 559 26 21 de
845 559 132 28 värneplig-

222 592 50 28 tiga
290 593 200 29 garnisonstjenst.

292 627 60 21 Herr
372 628 99 21 Duncker
488 628 72 28 ansåg
579 627 67 22 äfven
666 629 52 20 vårt
730 627 54 22 land
797 628 56 21 böra
866 627 111 22 förskaffa

222 661 36 28 sig
287 663 33 20 ett
346 662 122 27 nationelt,
493 663 30 28 på
549 662 121 29 principen
696 663 22 20 af
741 662 84 22 allmän
844 662 133 29 värnepligt

221 695 120 29 grundadt
367 697 178 21 försvarsväsen.
582 697 178 28 Hufvudvigten
787 697 39 28 låg
849 696 128 22 emellertid

221 730 36 21 uti
275 731 64 21 valet
358 731 22 21 af
398 731 39 22 det
455 734 92 25 system,
567 738 47 15 som
632 739 56 14 vore
706 731 161 28 förmånligast
880 731 35 22 för
926 735 51 17 vär-

221 765 133 28 nepligtens
373 765 127 22 införande.
527 766 71 21 Detta
617 769 84 25 system
722 765 69 22 borde
811 766 50 21 icke
880 765 97 22 allenast

222 799 49 21 afse
290 799 131 29 skapandet
439 800 24 22 af
481 803 33 19 ett
527 800 75 22 starkt
615 801 200 27 nationalförsvar,
830 803 58 19 utan
900 800 77 21 tillika

222 834 64 28 tjena
313 835 75 21 såsom
412 842 28 14 en
460 835 87 28 kraftig
565 834 110 30 häfstång
693 836 35 20 för
747 835 122 21 nationens
888 834 89 28 sedliga

221 868 147 29 uppfostran.

291 903 61 22 Herr
379 904 28 21 H.
429 905 102 21 Jaatinen
553 904 100 28 yttrade,
673 906 35 19 att
725 904 46 21 han
789 904 71 21 redan
879 903 99 28 tidigare

222 937 60 22 talat
295 945 37 14 om
344 938 206 29 nödvändigheten
563 939 23 21 af
598 941 34 19 ett
646 939 113 21 nationelt
769 937 208 23 försvarsväsende.

222 971 66 22 Utan
314 975 33 18 ett
374 973 83 21 sådant
481 973 90 22 försvar
598 973 77 21 kunde
704 976 33 18 ett
760 973 49 21 folk
833 973 51 20 icke
910 973 68 27 länge

221 1006 107 28 existera,
354 1010 57 19 utan
438 1010 35 19 att
497 1007 147 29 förvekligas.
682 1008 31 21 Så
735 1008 45 21 kan
803 1007 39 21 det
861 1007 30 28 gå
910 1007 67 20 äfven

220 1040 54 21 med
293 1049 37 13 oss
349 1041 7 21 i
374 1041 131 22 framtiden.
542 1042 38 21 Nu
598 1042 107 29 erbjudes
724 1050 36 13 oss
779 1043 34 20 ett
831 1041 93 22 tillfälle
943 1043 34 19 att

220 1075 94 28 grunda
338 1077 41 20 vär
402 1076 119 21 nationela
544 1076 92 22 tillvaro
655 1076 42 22 och
716 1076 59 22 hade
794 1076 89 21 talaren
902 1075 77 21 derför

221 1109 53 22 med
292 1110 123 29 uppriktig
433 1110 77 29 glädje
529 1111 87 27 erfarit,
636 1113 34 20 att
689 1111 92 21 ståndet
798 1110 123 28 emottagit
933 1109 45 22 för-

221 1143 77 29 slaget
315 1145 52 20 med
385 1145 106 28 sympati.

291 1179 61 20 Herr
379 1180 62 21 Julin
467 1179 77 21 kunde
572 1179 57 27 icke,
653 1179 52 22 med
729 1179 90 28 hänsyn
841 1178 83 27 dertill,
944 1180 35 19 att

220 1213 94 21 landets
342 1213 74 22 medel
440 1213 51 22 icke
514 1213 74 22 tilläte
608 1213 175 30 uppställandet
802 1213 22 22 af
842 1214 25 20 så
885 1213 93 28 mycket

220 1249 105 26 trupper,
345 1255 49 14 som
418 1248 75 21 skulle
512 1248 114 21 erfordras
645 1248 36 21 för
699 1248 50 21 dess
768 1248 95 27 försvar,
882 1247 43 21 och
943 1249 36 19 att

220 1288 56 14 man
303 1281 40 22 vid
368 1281 173 30 behandlingen
569 1283 23 21 af
618 1283 77 21 denna
722 1283 65 28 fråga
812 1281 71 22 borde
902 1281 77 21 lemna

221 1315 65 22 åsido
306 1315 46 22 alla
371 1317 187 28 storhetsplaner,
578 1317 51 21 med
648 1317 58 28 godt
724 1319 100 19 samvete
842 1316 88 28 afgifva
943 1315 35 21 sin

220 1353 50 18 röst
294 1350 35 21 för
350 1351 268 28 utskottsbetänkandet,
636 1353 57 20 utan
716 1351 76 22 anslöt
811 1351 35 28 sig
864 1350 36 21 till
918 1350 61 21 Herr

222 1383 157 23 Silfversvans
397 1385 148 22 reservation.

291 1419 61 21 Herr
378 1420 85 27 Nybom
487 1419 56 22 fann
568 1422 34 19 att
624 1420 116 21 utskottet
760 1419 92 22 förfarit
870 1419 8 20 i
896 1418 82 28 högsta

220 1452 60 28 grad
308 1453 115 28 politiskt,
447 1454 8 21 i
483 1453 38 22 det
544 1454 187 29 propositionens
755 1453 59 22 form
838 1454 24 20 sä
884 1452 93 29 mycket
