1109 1739
806 157 30 21 41

183 226 46 20 Art.
254 227 32 19 77.
323 224 47 21 Det
387 223 168 22 förberedande
573 225 166 28 uppgörandet
751 225 23 21 af
785 225 89 28 förslag

114 259 44 21 och
182 259 81 28 planer
287 259 36 21 för
345 258 174 21 verkställande
541 258 24 21 af
582 258 43 22 allt
643 258 64 23 hvad
725 259 37 21 till
779 259 95 29 uppbåd

114 293 68 22 hörer
208 300 84 21 genom
320 293 45 21 alla
389 292 164 29 myndigheter
577 292 43 22 och
642 301 111 20 personer
770 293 40 22 vid
828 293 45 22 den

114 328 103 21 militära
235 327 44 22 och
297 327 70 21 civila
385 327 175 28 förvaltningen
578 327 63 21 inom
661 327 28 22 de
705 328 76 21 finska
796 328 77 27 länen,

115 362 119 22 äfvensom
252 361 132 29 uppbädets
402 361 153 28 kungörande
569 361 43 22 och
625 362 84 28 sjelfva
721 362 153 22 verkställan-

115 397 40 21 det
178 397 24 21 af
224 396 127 21 detsamma
369 395 116 29 försiggär
503 395 75 29 enligt
595 396 216 29 värnepligtslagen
831 396 43 22 och

115 430 115 23 särskilda
247 430 36 22 för
301 429 102 23 Finland
422 430 123 22 faststälda
563 430 81 29 regler.

184 495 46 21 Art.
255 495 33 20 78.
324 492 150 22 Inkallandet
497 493 37 21 till
558 493 28 21 de
609 493 77 22 finska
707 496 126 26 trupperna
851 494 24 21 af

116 529 119 21 officerare
258 527 40 23 vid
323 527 46 21 den
392 528 75 21 finska
491 535 107 14 reserven
623 528 45 21 och
686 528 189 29 uppgörandet
859 523 20 38 i

115 562 99 22 fredstid
232 562 24 22 af
274 562 241 28 dispositionsförslag
533 563 65 21 öfver
616 562 120 22 officerare
755 562 42 22 och
816 563 59 28 tjen-

116 599 96 25 stemän,
231 604 48 14 som
299 596 66 22 skola
383 596 106 28 inkallas,
509 604 55 21 eger
581 604 51 14 rum
652 597 75 28 enligt
744 597 29 21 de
791 597 8 21 i
813 597 62 21 band

116 632 33 21 VI
168 632 23 21 af
208 631 49 21 Mil.
276 631 52 21 förf.
347 630 64 22 saml.
431 631 23 21 af
473 632 25 20 är
518 631 64 21 1869
601 631 142 22 föreskrifna
759 632 116 21 allmänna

116 666 76 29 regler
210 666 44 22 och
272 665 75 28 enligt
365 665 114 22 särskilda
498 666 96 28 specielt
612 666 37 21 för
668 665 28 22 de
714 666 75 21 finska
805 666 69 21 länen

116 700 123 22 faststälda
257 700 180 21 bestämmelser.

323 761 10 19 I
353 762 36 18 art.
409 762 25 18 78
450 761 5 19 i
471 761 113 25 »förslagets
600 762 122 19 omnämnda
737 762 64 24 regler
815 761 60 25 angä-

254 790 50 19 ende
319 790 123 19 inkallandet
457 790 19 18 af
491 790 171 19 reservofficerare
677 792 52 18 samt
741 790 134 19 öfverhufvud

254 818 38 19 alla
311 818 64 25 regler
390 818 82 20 rörande
485 818 24 20 de
525 818 63 20 finska
604 821 121 23 truppernas
741 818 135 25 mobilisering

255 849 34 17 äro
307 846 73 26 jemväl
401 847 76 19 införda
492 847 5 19 i
514 847 94 25 förslaget
623 847 31 19 till
671 853 27 19 ny
714 847 161 25 värnepligtslag.

186 907 46 20 Art.
256 906 33 20 79.
327 902 70 24 Öfver
415 905 28 21 de
461 906 52 28 fyra
527 907 88 27 yngsta
628 906 159 21 årsklasserna
799 906 23 21 af
834 906 42 21 fin-

117 940 42 21 ska
176 940 163 21 landtvärnets
357 940 68 28 första
444 940 113 28 kategori,
576 940 21 20 d.
617 948 20 13 v.
658 948 17 13 s.
694 947 116 21 personer,
828 947 49 15 som

117 974 130 22 inskrifvits
271 974 9 21 i
304 974 77 22 denna
411 974 108 28 kategori
536 974 41 22 vid
596 977 91 19 senaste
705 974 52 29 fyra
775 974 101 29 uppbåd,

117 1008 62 22 föras
198 1008 74 29 enligt
291 1008 118 22 allmänna
427 1008 102 29 grunder
547 1009 184 28 förteckningar,
744 1009 8 21 i
765 1008 45 22 den
826 1008 51 22 ord-

117 1043 59 28 ning
188 1050 39 14 som
240 1042 124 22 faststälts
377 1043 59 21 efter
450 1044 235 21 öfverenskommelse
698 1043 85 22 mellan
796 1044 81 28 Krigs-

117 1078 123 21 ministern
258 1077 44 22 och
322 1077 103 22 Senaten
445 1078 35 21 för
498 1078 108 21 Finland.

324 1140 42 18 Art.
384 1140 32 25 79,
432 1140 27 19 80
475 1140 36 18 och
528 1140 25 18 81
570 1140 6 18 i
591 1139 113 25 »förslaget>
720 1139 99 19 innehålla
834 1145 43 19 reg-

256 1168 28 19 ler
305 1167 102 25 angäende
427 1168 80 19 förande
527 1168 18 19 af
564 1168 147 25 förteckningar
726 1168 55 19 öfver
796 1168 36 19 och
847 1168 30 19 in-

256 1196 92 20 kallande
372 1196 29 20 till
425 1198 108 24 trupperna
552 1197 7 19 i
580 1196 34 19 fall
629 1197 20 18 af
664 1197 59 19 behof
737 1197 19 19 af
772 1198 106 18 värnemän

256 1225 33 19 vid
304 1225 137 19 landtvärnets
457 1226 62 18 första
534 1225 94 25 kategori.
659 1225 63 19 Dessa
735 1225 64 25 regler
809 1227 70 23 utgöra

256 1260 25 13 en
297 1254 114 24 nödvändig
426 1254 49 25 följd
491 1254 60 24 deraf,
565 1256 29 17 att
604 1254 6 18 i
621 1254 40 19 den
671 1254 64 19 finska
745 1254 133 25 värnepligts-

257 1282 57 25 lagen
329 1283 78 24 intagas
424 1282 124 25 stadganden
561 1288 32 14 om
606 1284 160 18 värnemännens
777 1282 102 25 indelning

256 1311 6 19 i
284 1312 111 24 kategorier
416 1314 52 16 samt
487 1311 75 25 derom,
576 1313 30 17 att
622 1313 147 17 värnemännen
784 1311 19 19 af
817 1311 62 19 första

256 1340 104 24 kategorin
376 1342 33 17 äro
425 1340 82 19 afsedda
522 1340 31 18 till
568 1340 158 24 komplettering
740 1340 19 18 af
770 1342 108 22 trupperna

256 1368 26 20 dä
297 1374 95 14 reserven
409 1368 88 20 befinnes
513 1368 125 25 otillräcklig.

187 1428 46 21 Art.
255 1429 36 19 80.
329 1427 85 21 Första
435 1427 125 28 kategorin
578 1427 24 21 af
620 1431 133 24 värnemän,
772 1434 49 14 som
839 1430 40 18 äro

119 1462 95 22 afsedda
233 1462 37 21 till
287 1461 164 22 förstärkande
468 1462 23 21 af
507 1461 28 21 de
548 1461 76 22 finska
637 1461 96 21 stäende
745 1464 134 26 trupperna,
