1111 1767
795 159 48 21 103

122 226 78 22 mälda
223 226 78 22 lokala
325 226 187 22 administrativa
536 234 110 21 organers
670 226 147 28 medverkan,
835 227 43 23 har

123 260 110 22 Komitén
251 261 74 21 likväl
348 261 8 21 i
374 261 84 29 sjelfva
476 261 83 21 sakens
578 261 98 22 intresse
694 268 32 14 nu
743 261 53 21 icke
814 262 64 22 velat

123 295 86 29 afgöra,
228 294 81 23 hvilka
327 295 23 22 af
368 295 43 22 och
429 296 9 21 i
455 295 91 22 hvilket
565 295 94 29 omfång
672 295 66 22 dessa
751 295 78 22 lokala
839 295 38 23 ad-

122 329 157 22 ministrativa
297 337 98 21 organer
413 330 56 22 böra
487 329 284 29 deltaga
588 325 13 38 i
611 329 153 29 uppgörandet
779 330 24 22 af
812 330 65 29 läng-

123 364 72 22 derna
213 364 56 21 eller
288 364 98 22 aflemna
404 364 121 29 uppgifter
543 364 65 22 öfver
626 372 109 21 personer
752 364 40 22 vid
806 372 71 14 reser-

122 406 52 20 ven,
192 398 151 22 alldenstund
361 398 45 22 alla
424 398 139 22 hithörande
577 398 147 29 stadganden
736 398 80 22 kunna
825 403 52 17 när-

122 440 62 15 mare
204 432 42 23 och
267 433 135 29 lämpligare
420 433 121 22 utarbetas
560 433 23 22 af
601 432 28 23 de
647 433 77 22 finska
741 433 136 29 myndighe-

123 470 72 25 terna,
217 475 49 14 som
285 475 44 21 ega
347 475 29 14 en
394 467 94 29 allsidig
506 467 131 22 kännedom
656 475 37 14 om
711 467 67 22 dessa
799 468 79 21 lokala

122 502 266 29 förvaltningsorganers
414 502 211 22 verksamhetssfär.
662 502 90 22 Genom
775 502 45 22 den
837 509 40 15 an-

123 539 71 26 tagna
212 536 162 29 ordalydelsen
392 537 24 21 af
434 537 111 28 förslaget
554 537 38 21 till
601 539 42 19 art.
656 537 48 21 154
714 536 42 22 har
765 537 111 22 Komitén

122 571 63 22 velat
203 571 90 28 påpeka
311 571 45 22 den
369 571 106 22 absoluta
484 571 208 28 nödvändigheten
702 571 23 22 af
735 571 141 22 medverkan

123 605 51 22 från
192 605 29 21 de
239 605 78 22 lokala
335 605 187 22 administrativa
541 613 141 21 organernas
691 605 50 22 sida
750 605 40 22 vid
800 606 77 21 föran-

123 639 40 22 det
181 639 23 22 af
221 640 61 21 rulla
300 640 65 21 öfver
382 647 114 21 reserven,
515 648 51 13 men
581 640 120 28 samtidigt
714 639 72 22 håller
796 640 81 22 Komi-

122 673 41 22 tén
179 674 56 27 före,
255 676 35 20 att
307 675 169 21 instruktioner
488 675 36 21 för
534 674 67 22 dessa
611 681 98 22 organer
718 674 57 22 böra
784 675 8 20 i
801 675 76 21 sinom

122 708 35 21 tid
175 709 119 21 utarbetas
312 709 23 21 af
353 709 101 21 Senaten
474 709 36 22 för
528 708 108 22 Finland.

191 778 46 20 Art.
257 779 49 20 158.
343 778 12 21 I
378 777 76 22 denna
476 777 84 22 artikel
578 777 42 22 har
638 777 110 22 Komitén
766 779 57 20 utan
841 779 36 19 att

122 812 31 27 på
170 811 100 22 förhand
288 811 57 29 vilja
365 811 80 29 afgöra
464 812 22 21 af
504 811 68 22 hvem
591 811 43 22 och
653 812 7 21 i
670 811 95 22 hvilken
775 811 102 28 ordning

122 845 169 22 underrättelse
310 853 36 14 om
364 850 145 17 reservmäns
528 845 177 29 öfverflyttning
723 846 50 21 från
792 853 29 14 en
840 847 37 20 ort

122 879 37 22 till
177 887 29 14 en
225 888 77 14 annan
321 880 59 22 skall
389 880 125 28 meddelas,
523 881 62 21 blott
593 880 104 22 faststält
706 881 74 21 såsom
790 880 87 22 allmän

121 914 70 29 regel,
210 916 35 20 att
269 914 73 22 sådan
362 915 170 22 underrättelse
551 915 155 28 ovilkorligen
724 915 72 21 måste
815 913 61 23 med-

122 948 63 22 delas
204 949 172 22 vederbörande
396 949 366 22 Distriktsmilitärbefälhafvare.

190 1019 46 20 Art.
256 1020 49 19 159.
342 1018 46 22 För
411 1018 102 22 Finland
531 1018 42 21 har
591 1018 111 22 Komitén
720 1018 51 21 icke
799 1019 77 20 ansett

121 1051 85 29 nödigt
228 1052 117 22 fastställa
363 1052 114 22 särskilda
495 1053 219 28 samlingspunkter,
734 1054 55 20 utan
807 1051 44 22 har
868 1052 8 21 i

122 1086 238 23 öfverensstämmelse
377 1087 96 21 härmed
491 1087 8 21 i
512 1087 77 21 denna
602 1087 84 22 artikel
696 1087 71 21 infört
777 1086 100 21 bestäm-

121 1120 58 29 ning
197 1123 35 19 att
250 1125 131 18 reservmän
400 1125 39 18 äro
458 1121 107 29 skyldige
584 1123 35 20 att
636 1121 91 22 direkte
736 1121 95 21 inställa
840 1120 37 29 sig

121 1154 40 22 vid
179 1155 28 22 de
226 1155 224 29 truppafdelningar,
461 1156 37 21 till
516 1155 81 22 hvilka
615 1155 29 22 de
662 1156 62 21 förut
742 1155 79 22 blifvit
831 1155 46 22 för-

121 1189 108 22 ordnade.

189 1259 47 21 Art.
256 1261 45 19 161.
339 1259 151 28 Stadganden
510 1259 23 21 af
542 1259 73 21 sådan
624 1259 58 28 vigt,
692 1266 49 14 som
750 1258 35 28 de,
795 1257 82 22 hvilka

122 1293 61 28 angå
200 1293 136 21 inkallande
354 1293 9 21 i
380 1294 72 28 tjenst
462 1293 43 22 och
514 1293 71 22 hafva
595 1293 143 22 omedelbart
746 1291 130 30 inflytande

121 1327 30 28 på
169 1327 202 29 mobiliseringens
389 1327 105 28 resultat,
503 1327 24 22 få
546 1327 118 29 sjelffallet
681 1327 52 22 icke
748 1326 128 23 fastställas

121 1363 58 20 utan
196 1362 207 28 Krigsministerns
421 1362 99 29 vetskap
540 1362 43 22 och
601 1362 124 28 samtycke.

189 1431 46 21 Art.
255 1432 50 20 162.
341 1430 12 21 I
370 1432 82 20 texten
470 1430 36 22 till
524 1430 102 22 artikeln
638 1430 42 22 har
692 1430 83 22 införts
788 1431 34 20 ett
831 1429 46 21 för-

121 1463 138 29 tydligande
277 1465 8 20 i
303 1464 59 22 form
380 1464 24 22 af
421 1464 142 29 hänvisning
581 1464 37 22 till
637 1464 240 29 ,tjensteförtecknin-
