1111 1803
369 226 61 24 sagda
450 228 87 23 trupper,
559 229 52 16 samt
631 226 51 19 inför
696 226 6 19 i
718 226 48 25 följd
782 226 56 19 häraf
853 227 71 25 nödiga
938 228 49 19 änd-

370 255 66 24 ringar
451 255 6 18 i
472 254 70 25 sjelfva
557 254 275 25 Militärdistriktsstyrelsens
848 255 139 26 organisation.

439 282 88 20 Sålunda
546 285 62 17 rättas
624 283 5 18 i
644 285 36 17 art.
697 283 26 19 10
739 283 129 20 redaktionen
884 285 19 18 af
918 286 10 22 $
946 285 40 19 119

369 311 4 19 i
399 311 182 25 värnepligtslagen
603 312 28 18 för
653 311 84 19 Finland
759 312 5 19 i
787 312 33 19 det
842 313 99 24 afseende,
957 316 29 17 att

368 340 43 19 icke
436 339 223 25 »Generalguvernören,
685 340 79 19 hvilken
789 341 72 24 jemväl
887 341 100 20 kommen-

369 368 57 19 derar
448 368 25 19 de
495 368 60 24 ryska
578 370 88 23 trupper,
690 374 42 13 som
752 368 67 19 kunna
838 375 46 13 vara
898 369 6 19 i
920 369 67 20 landet

369 396 93 25 förlagda,
485 398 22 17 är
530 396 49 20 Chef
601 397 29 18 för
652 396 65 19 finska
738 398 82 21 armén»,
843 400 49 16 utan
914 400 29 16 att
962 398 25 19 de

370 425 64 19 finska
452 427 108 23 trupperna
577 424 46 25 ingå
642 425 6 19 i
664 425 38 19 den
718 425 99 19 allmänna
832 426 120 24 komplexen
967 427 20 19 af

369 454 24 18 de
416 456 90 22 trupper,
528 459 42 13 som
590 455 34 17 äro
643 453 88 25 förlagda
748 454 9 27 i
769 454 120 19 Finländska
904 454 81 20 militär-

368 482 102 19 distriktet
500 485 50 16 samt
580 482 137 19 underordnas
746 482 206 20 ()fverbefälhafvaren
980 484 6 18 i

369 510 105 20 distriktet.

438 539 10 19 I
472 539 48 25 följd
544 539 19 19 af
585 539 24 19 de
632 539 63 19 finska
718 541 118 23 truppernas
859 540 128 19 förenämnda

369 567 166 19 underordnande
551 567 110 25 upphäfvas
677 568 38 18 den
731 568 97 19 särskilda
839 568 146 25 förvaltningen

368 596 19 19 af
409 596 58 19 dessa
490 598 87 22 trupper,
596 596 18 18 d.
631 602 17 13 v.
665 602 15 13 s.
696 596 90 25 indragas
803 596 182 26 Generalguvernö-

369 630 44 14 rens
430 624 47 20 Stab
493 625 30 18 för
538 624 63 19 finska
616 624 100 28 militären
731 625 35 19 och
782 625 72 19 Finska
869 625 117 25 Krigskom-

369 653 126 23 missariatet,
517 653 104 19 äfvensom
644 652 149 20 Ofverläkarens
812 654 29 19 för
856 654 64 19 finska
935 654 50 19 mili-

368 684 56 17 tären
440 682 36 18 och
492 681 211 25 vapenkontrollörens
720 682 135 24 befattningar.

298 758 47 21 Art.
365 759 28 20 11.
425 757 213 28 Handläggningen
659 757 23 22 af
701 757 114 22 ärendena
830 757 98 22 rörande
941 758 45 21 för-

228 792 141 28 valtningen
391 792 23 21 af
436 791 28 22 de
487 791 75 21 finska
583 793 134 26 trupperna,
735 792 146 28 styrelserna,
901 793 84 20 anstal-

228 828 66 19 terna
314 825 44 22 och
376 826 189 28 inrättningarna
584 826 164 21 koncentreras
764 826 34 21 uti
811 826 174 22 vederbörande

229 860 148 29 afdelningar
411 861 22 21 af
462 859 310 29 Militärdistriktsstyrelsen
802 861 8 20 i
840 861 145 22 Finländska

228 895 216 27 militärdistriktet,
472 895 68 21 hvars
567 894 136 22 nuvarande
730 897 46 19 stat
797 895 56 22 ökas
871 895 61 22 med:
961 895 23 28 1)

228 929 40 22 vid
286 929 198 22 Distriktsstaben
506 941 26 2 —
555 937 28 13 en
601 929 99 29 Adjoint
718 928 40 22 hos
777 929 208 22 Distriktsmilitär-

227 963 271 29 medicinalinspektorn,
518 963 36 22 för
571 963 179 22 handhafvande
770 964 22 21 af
804 964 181 21 militärmedici-

228 998 193 29 nalafdelningen
446 998 40 21 vid
508 997 28 22 de
560 998 76 21 finska
654 1000 126 26 trupperna
798 999 43 20 och
860 999 125 21 inrättnin-

227 1040 79 21 garna,
335 1035 60 19 samt
422 1033 23 26 2)
468 1032 41 22 vid
531 1032 352 29 Distriktsintendentstyrelsen
908 1046 26 2 —
957 1041 28 14 en

229 1067 101 29 Adjoint
354 1067 41 21 hos
413 1067 275 26 Distriktsintendenten,
707 1067 35 21 för
759 1067 179 22 handhafvande
963 1068 24 20 af

227 1101 119 22 ärendena
379 1109 36 14 om
452 1100 152 23 anskaffande
635 1100 43 22 och
708 1101 223 22 tillhandahällande
961 1103 24 20 åt

226 1136 104 21 nämnda
358 1138 95 26 trupper
477 1136 43 22 och
544 1136 159 28 inrättningar
724 1136 23 21 af
764 1136 179 22 förnödenheter
962 1136 23 22 af

227 1170 45 22 alla
292 1170 58 29 slag,
368 1170 52 22 med
438 1170 122 28 undantag
579 1170 23 22 af
621 1170 283 22 artilleriförnödenheter.
938 1170 47 22 Vid

226 1204 136 29 respektiva
388 1205 166 21 Distriktsstab
582 1204 43 22 och
652 1205 333 29 Distriktsintendentstyrelse

227 1239 119 28 anställas,
365 1240 101 21 förutom
483 1239 152 22 förenämnda
653 1239 129 29 Adjointer,
798 1240 115 22 särskilda
926 1241 59 27 tjen-

226 1276 91 19 stemän
346 1275 13 20 &
385 1276 48 20 stat
459 1274 36 22 för
522 1274 175 28 förvaltningen
722 1274 22 21 af
762 1274 162 22 intendentur-
942 1274 43 22 och

226 1308 395 29 militärmedicinalafdelningarna
644 1308 40 22 vid
709 1308 28 22 de
758 1309 75 21 finska
852 1312 132 26 trupperna.

436 1382 74 19 Genom
534 1384 35 17 art.
596 1383 23 18 11
636 1382 123 24 öfverflyttas
775 1383 176 25 handläggningen
966 1384 19 18 af

366 1411 100 19 ärendena
480 1411 85 19 rörande
580 1411 144 25 förvaltningen
738 1412 20 18 af
767 1412 24 18 de
802 1412 64 18 finska
877 1415 108 22 trupperna

371 1439 29 19 till
427 1439 274 24 Militärdistriktsstyrelsen,
724 1440 58 19 hvars
804 1440 123 25 afdelningar
947 1441 39 18 för-

368 1468 86 19 stärkas:
