1109 1781
831 156 30 21 37

140 224 77 22 denna
234 224 148 28 bestämning
400 224 9 21 i
427 224 44 22 den
490 224 77 22 finska
575 224 70 28 lagen
658 225 8 21 i
677 224 76 28 afsigt,
765 227 34 19 att
809 224 88 22 undan-

140 258 66 29 rödja
230 266 29 14 en
277 258 72 22 sådan
371 258 107 28 anomali,
497 266 49 14 som
566 261 34 19 att
617 258 138 22 underbefäl
773 259 44 21 och
834 266 63 14 man-

140 293 58 28 skap
222 292 41 22 vid
287 300 28 14 en
334 293 43 21 och
395 300 86 14 samma
500 293 71 28 ryska
589 293 74 22 armés
681 300 77 14 reserv
777 292 121 29 samtidigt

140 328 81 20 kunna
239 335 56 13 vara
313 328 8 20 i
339 327 138 29 åtnjutande
497 328 23 20 af
538 328 63 20 olika
620 328 145 28 rättigheter.

210 408 45 20 Art.
277 409 31 20 21.
345 407 50 21 Art.
416 408 30 20 27
466 408 9 21 i
493 407 175 29 Kejsardömets
686 408 39 28 lag
744 408 85 21 saknar
841 410 57 19 mot-

141 441 113 22 svarande
276 441 129 29 stadgande
429 442 9 21 i
459 442 45 21 den
522 442 82 27 finska,
623 449 53 14 men
695 446 55 17 enär
768 442 45 22 den
830 442 68 21 först-

140 476 103 22 nämnda
260 476 128 22 innefattar
407 484 28 13 en
453 476 150 28 synnerligen
621 476 116 28 väsentlig
750 476 148 28 bestämning

140 511 20 29 ej
180 510 89 22 mindre
289 518 36 14 om
343 510 28 22 de
389 510 145 29 rättigheter,
553 518 48 14 som
620 511 104 29 ätnjutas
737 511 24 21 af
774 511 7 21 i
791 518 105 14 reserven

141 545 96 21 stäende
255 552 114 21 personer,
391 549 30 17 än
440 545 70 21 äfven
528 552 37 14 om
583 545 66 21 deras
669 545 159 28 skyldigheter
846 544 52 22 med

142 579 107 21 afseende
269 580 12 21 &
299 587 118 14 reservens
433 579 143 28 inkallande,
595 579 43 21 har
656 579 111 22 Komiten
785 582 59 19 trott
862 579 36 28 sig

141 614 56 21 böra
215 614 75 21 införa
309 614 76 21 denna
405 614 83 21 artikel
506 614 9 21 i
534 614 45 21 den
596 614 77 21 finska
690 614 75 28 lagen.

211 695 46 20 Art.
279 696 37 19 22.
353 694 11 21 1
382 694 156 21 betraktande
557 693 72 28 deraf,
648 696 35 19 att
693 696 41 19 art.
752 694 24 20 28
789 694 6 21 i
805 694 93 28 Kejsar-

142 728 88 22 dömets
258 728 39 28 lag
315 732 25 17 är
358 728 179 28 fullständigare
563 728 42 22 och
623 736 63 14 mera
708 728 140 28 detaljeradt
866 728 32 21 af-

142 762 76 22 fattad
238 766 29 18 än
286 762 43 22 den
349 762 102 22 deremot
470 762 114 22 svarande
603 764 13 25 &
637 763 29 21 17
686 763 7 21 i
704 762 109 28 gällande
823 762 76 22 finska

142 797 46 27 lag,
206 796 43 22 har
267 796 111 22 Komiten
397 799 76 19 ansett
491 797 137 28 lämpligare
640 792 31 37 att
690 797 13 21 i
714 797 79 21 stället
802 797 36 21 för
848 796 51 22 sist-

144 830 96 22 anförda
262 832 12 26 &
292 832 76 21 införa
391 834 41 18 art.
453 832 38 27 28,
511 831 157 29 synnerligast
686 838 49 14 som
753 831 76 21 denna
847 831 51 21 sist-

143 865 101 22 nämnda
263 866 132 21 derutöfver
412 866 128 21 innefattar
559 866 86 28 jemväl
663 865 129 29 stadgande
811 873 37 14 om
860 865 39 21 be-

143 900 94 21 fordran
255 900 8 21 i
281 900 58 28 grad
357 900 74 21 under
445 900 174 28 anställningen
628 900 41 21 vid
678 907 113 21 reserven,
802 900 97 21 hvarom

143 934 6 20 i
169 934 43 21 den
231 934 77 22 finska
325 934 69 28 lagen
412 935 125 27 ingenting
557 938 24 18 är
598 934 143 22 förordnadt.

211 1015 46 21 Art.
279 1016 36 20 23.
353 1014 50 22 Art.
424 1015 30 20 29
473 1014 9 22 i
500 1014 175 30 Kejsardömets
690 1015 39 27 lag
748 1014 152 22 tillerkänner

121 1062 3 5 +
142 1048 55 21 vida
216 1051 71 19 större
305 1049 116 21 förmåner
439 1050 24 20 åt
481 1049 28 21 de
527 1050 8 20 i
554 1056 108 14 reserven
675 1049 110 27 anstälde,
797 1052 29 18 än
837 1048 61 22 hvad

144 1084 12 25 $
177 1083 30 21 18
227 1083 24 21 af
269 1083 44 21 den
331 1083 76 21 finska
425 1084 69 28 lagen
513 1084 130 28 medpgifver
653 1084 28 20 de
692 1084 7 20 i
709 1084 76 21 finska
795 1086 105 25 trupper-

142 1124 42 14 nas
202 1124 77 15 reserv
298 1118 101 27 stäende,
419 1118 29 21 dä
467 1118 27 21 de
513 1118 101 21 inkallas
633 1118 37 21 till
689 1118 144 28 aktivtjenst.
865 1117 35 21 Pä

142 1152 77 28 grund
245 1152 67 21 häraf
338 1152 43 21 och
404 1152 8 21 i
431 1152 60 28 syfte
511 1155 34 19 att
564 1152 8 21 i
590 1152 65 22 detta
672 1152 131 21 hänseende
823 1151 77 22 ästad-

142 1186 91 21 komma
263 1189 70 19 större
361 1186 74 22 likhet
462 1187 8 21 i
497 1187 139 27 rättigheter
658 1186 43 22 och
718 1187 121 26 förmåner,
858 1186 42 21 har

142 1220 113 21 Komiten
272 1221 122 27 föreslagit
413 1223 34 19 att
466 1222 13 26 &
501 1222 29 20 18
544 1224 97 18 ersättes
651 1221 52 21 med
713 1221 44 21 den
767 1220 133 28 föreslagna

142 1257 42 19 art.
202 1255 38 27 23,
260 1255 99 22 affattad
377 1256 8 20 i
404 1256 237 21 öfverensstämmelse
661 1255 52 21 med
731 1258 41 18 art.
788 1255 26 21 29
826 1255 8 21 i
844 1254 56 28 Kej-

142 1288 127 23 sardömets
287 1290 46 28 lag.

211 1323 200 29 Representanten
429 1324 36 22 för
483 1324 45 22 den
540 1324 77 21 finska
631 1324 217 21 administrationen
858 1323 42 21 har

142 1360 77 18 ansett
243 1360 35 19 att
302 1359 13 25 &
336 1358 29 21 18
385 1358 71 22 borde
474 1358 137 27 bibehållas,
631 1358 96 21 emedan
746 1358 74 27 enligt
839 1356 61 22 stad-

141 1392 87 28 gandet
246 1393 9 20 i
273 1392 224 22 Storfurstendömet
514 1392 114 22 Finlands
647 1391 253 29 författningssamling

142 1426 23 21 af
184 1427 25 21 är
231 1427 62 21 1883
316 1427 43 21 N:o
379 1427 39 27 29,
437 1427 52 27 den,
509 1434 48 14 som
575 1427 114 21 bestrider
707 1434 89 14 annans
815 1425 85 22 befatt-

141 1460 65 29 ning,
225 1468 55 20 eger
297 1463 48 19 rätt
363 1464 36 18 att
417 1461 105 29 uppbära
540 1469 29 13 en
587 1460 114 30 tredjedel
720 1461 23 21 af
761 1461 75 21 lönen.
