1111 1773
256 163 32 21 40

220 231 143 29 pligtslagen
382 231 98 22 förlorar
498 231 36 21 sin
552 230 112 30 giltighet
676 230 44 22 och
732 230 170 30 tillämplighet.
924 232 55 21 Icke

221 266 83 21 endast
332 266 76 21 derför
432 268 35 19 att
485 265 164 29 värnepligten
667 265 130 22 utsträckes
815 266 37 21 till
870 266 108 28 samtliga

220 300 157 28 medborgare,
405 303 58 19 utan
491 300 42 22 ock
561 300 96 22 emedan
686 302 77 25 sättet,
791 300 87 29 hvarpå
903 300 73 22 denna

221 334 186 29 medborgerliga
435 334 135 29 skyldighet
597 334 35 22 får
659 336 67 27 tagas
744 335 8 21 i
771 335 107 28 anspråk,
897 334 82 22 varder

220 369 108 28 tydligen
347 369 106 27 ordnadt,
466 376 55 14 anse
538 368 131 22 Ständerna
685 369 151 21 omförmälda
848 368 129 30 stadgande

220 404 8 20 i
250 403 64 21 1789
334 404 36 20 års
383 403 133 22 Försäkran
529 404 43 21 och
585 403 162 22 motsvarande
761 406 101 19 moment
878 404 6 21 5
900 404 79 28 adliga

220 438 167 29 privilegierna
406 439 20 28 ej
447 438 80 22 kunna
540 439 140 21 sammanstä
693 438 51 21 med
757 438 221 29 värnepligtslagen,

220 475 59 18 utan
296 472 74 22 blifva
387 480 83 21 genom
490 473 132 21 densamma
640 473 125 28 upphäfda.
802 472 31 22 Af
852 473 72 22 sädan
942 480 35 15 or-

222 507 42 22 sak
283 507 69 22 hafva
373 507 131 22 Ständerna
523 507 7 21 i
549 507 42 22 sitt
609 507 7 21 i
629 508 66 27 fräga
707 507 102 22 varando
821 503 89 33 förslag
921 515 58 21 upp-

221 542 63 28 tagit
308 543 28 25 $$
356 542 13 21 6
389 541 43 22 och
454 542 37 27 19,
510 549 48 14 som
577 542 119 21 innehålla
715 541 262 29 äldersbegränsningen

220 576 38 21 för
276 576 311 29 krigstjenstskyldigheten,
607 577 28 26 $$
654 577 22 26 4,
696 577 14 20 5
730 576 43 21 och
793 577 21 26 6,
827 577 81 21 hvilka
920 577 58 21 före-

220 611 80 28 bygga
327 610 116 29 godtycke
468 611 51 21 frän
541 610 206 29 myndigheternas
766 611 51 21 sida
834 611 40 21 vid
893 610 84 23 fördel-

220 645 59 28 ning
306 645 83 22 mellan
417 645 66 22 aktiv
508 645 43 22 och
568 653 77 14 reserv
664 646 77 28 tjenst,
761 648 60 19 samt
838 645 140 29 komplette-

219 679 160 28 ringsuppbäd
407 680 7 21 i
443 679 104 28 fredstid,
567 681 12 26 $
605 680 22 27 9,
646 679 102 28 hvilken,
768 679 73 22 sädan
863 680 44 21 den
926 683 25 18 är
970 680 8 20 i

220 713 215 29 värnepligtslagen
455 715 104 27 affattad,
572 715 139 20 bestämmer
724 714 80 21 aktiva
816 714 162 29 tjenstetidens

220 748 74 29 längd
312 748 43 21 och
374 748 44 21 den
437 749 119 21 allmänna
574 749 196 28 vapenöfningen,
789 754 59 16 samt
868 749 109 28 slutligen

220 783 28 26 $$
276 783 37 27 13,
333 783 31 21 20
383 783 43 21 och
448 784 53 27 123,
521 783 81 22 hvilka
620 783 116 21 fastställa
754 791 29 13 en
801 783 106 22 bestämd
925 783 53 22 ord-

219 817 59 28 ning
305 817 35 22 för
358 817 171 29 krigsmaktens
553 817 159 29 mobilisering
731 817 42 22 och
793 817 68 22 äfven
880 818 8 21 i
906 817 71 28 öfrigt

219 851 119 22 innehälla
357 852 118 28 garantier
493 853 23 20 af
535 852 44 21 den
598 852 126 28 betydelse,
743 854 36 19 att
797 851 27 22 de
843 852 51 21 icke
913 852 64 21 torde

220 886 81 22 kunna
328 886 85 22 saknas
441 887 8 21 i
476 886 45 22 den
548 886 108 30 komplex
684 887 23 21 af
725 886 151 29 stadganden,
895 894 82 21 genom

219 920 83 22 hvilka
328 921 310 29 värnepligtsinstitutionen
663 922 86 21 införes
771 921 8 21 i
796 921 180 29 grundlagarne.

290 955 42 21 Om
360 955 39 21 det
426 956 121 27 erkännes,
568 958 35 19 att
630 955 28 21 de
685 956 101 21 nämnda
813 956 161 28 paragraferna

218 989 121 29 upphäfva
370 990 147 22 merberörda
547 990 271 28 privilegiistadganden,
845 990 65 22 torde
937 990 40 21 det

218 1024 79 21 tillika
315 1024 135 28 medgifvas,
471 1027 34 19 att
523 1024 67 22 deras
608 1024 104 22 innehäll
730 1025 51 21 icke
801 1028 25 18 är
842 1024 87 29 egnadt
942 1027 35 19 att

218 1057 38 22 till
283 1059 77 27 nägon
388 1059 86 28 speciel
492 1059 222 29 ständsförfattning
732 1059 115 27 hänföras,
866 1061 57 19 utan
942 1062 35 18 att

218 1092 124 28 desamma,
371 1094 74 21 säsom
473 1093 108 29 gällande
609 1093 45 21 alla
682 1094 67 20 ständ
773 1096 57 18 utan
852 1093 124 27 ätskilnad,

218 1126 95 22 ansluta
332 1127 36 29 sig
386 1128 37 20 till
442 1128 29 21 de
489 1128 117 21 allmänna
618 1128 185 28 grundlagarnes
816 1128 160 26 rättsomräde,

218 1161 98 21 emedan
338 1162 27 20 de
387 1162 118 22 innehälla
524 1162 28 21 de
570 1162 182 28 hufvudsakliga
770 1162 205 28 bestämningarna

218 1196 100 21 rörande
341 1196 199 28 medborgarenes,
560 1197 23 21 af
601 1196 45 22 den
665 1204 46 21 nya
728 1196 166 28 förordningen
913 1196 63 22 bero-

218 1229 66 28 ende,
304 1230 138 29 rättigheter
467 1230 42 22 och
531 1230 167 29 skyldigheter.
734 1231 35 21 Dä
789 1231 130 21 Ständerna
937 1231 39 21 be-

218 1264 69 21 slutit
306 1267 34 19 att
366 1266 5 26 $
392 1266 48 20 120
459 1266 37 21 mä
514 1266 75 21 säsum
606 1265 259 29 grundlagsstadgande
884 1265 91 21 betrak-

217 1300 44 26 tas,
281 1298 42 22 har
341 1298 64 22 detta
424 1300 63 21 skett
505 1300 24 21 af
547 1300 43 21 den
610 1299 133 29 anledning,
763 1302 34 19 att
815 1300 76 21 denna
910 1307 65 21 para-

217 1332 53 28 graf
297 1332 52 22 med
377 1333 96 29 hänsigt
497 1334 36 21 till
551 1334 92 22 landets
661 1334 87 22 militär
765 1338 104 17 närmare
888 1334 88 21 uttalar

216 1367 47 21 den
290 1368 74 28 enligt
386 1369 13 25 $
420 1369 30 21 10
470 1368 23 22 af
510 1368 219 29 Regeringsformen
748 1368 43 22 och
813 1369 10 21 1
844 1368 105 29 punkten
967 1368 8 20 i

217 1401 139 29 Förenings-
375 1402 43 22 och
437 1402 196 22 Säkerhetsakten
652 1403 108 28 gällande
779 1403 118 21 allmänna
912 1402 63 28 prin-

216 1436 37 28 eip
283 1436 121 28 angående
432 1437 61 21 finsk
520 1437 199 29 medborgarerätt
746 1438 75 20 såsom
844 1437 78 21 vilkor
940 1436 35 22 för
