1111 1806
799 168 31 22 59

178 238 24 21 L.
232 238 103 21 Mechelin
363 237 139 27 förklarade,
530 239 36 20 att
592 238 12 26 $
635 238 45 20 122
707 237 42 22 bör
768 236 97 22 sålunda

109 272 91 26 förstås,
228 274 35 19 att
290 272 29 21 då
346 272 182 21 militiefondens
556 271 128 29 tillgångar
709 272 51 21 icke
787 271 78 27 förslä,

109 307 123 28 Regenten
259 306 41 22 bör
326 306 130 28 framlägga
483 306 79 22 derom
584 306 145 28 proposition
748 306 37 21 till
804 307 62 19 stän-

109 341 78 21 derna.
209 342 73 20 Sådan
301 342 132 26 proposition
451 342 109 26 yranskas,
580 340 92 22 bifalles
690 340 49 22 helt
757 340 44 21 och
817 339 49 21 hål-

109 376 34 21 let
161 375 55 21 eller
234 375 38 21 till
290 382 29 14 en
338 375 37 21 del
393 375 45 22 och
456 375 47 21 kan
522 377 15 19 t.
556 382 19 14 o.
594 382 29 14 m.
642 374 123 23 förkastas.

179 410 83 21 Antell:
292 409 45 21 Till
364 417 29 13 en
412 410 95 21 stående
532 409 61 22 armé
614 410 48 20 kan
679 408 187 22 kommenderas:

113 444 83 28 »höger
215 451 43 20 om,
278 444 36 21 till
332 444 128 29 jernvägen
478 443 111 22 marsch".
618 444 46 21 Det
682 451 54 14 vore
754 445 35 20 ett
804 443 64 21 brott

111 481 62 18 emot
200 477 145 30 disciplinen,
365 486 36 13 om
426 479 76 27 någon
521 477 106 22 tvekade.
663 478 37 21 En
719 478 86 21 allmän
823 477 44 21 fot-

111 513 113 28 beväring
248 512 102 22 deremot
375 513 106 27 (milisen)
501 513 49 21 står
567 512 74 21 under
660 513 85 20 allmän
763 511 104 23 medbor-

111 547 75 29 gerlig
204 547 46 28 lag,
270 546 42 22 och
330 547 40 21 det
388 547 72 22 måste
479 555 56 14 vara
553 547 60 28 goda
632 547 51 21 skäl
701 546 72 22 redan
787 547 36 21 för
833 548 35 19 att

111 581 168 22 sammankalla
297 581 75 22 denna
391 581 117 29 beväring.
545 581 82 22 Deruti
645 581 43 22 har
706 581 38 28 jag
763 581 63 21 velat
844 588 24 13 se

112 625 29 13 en
163 615 94 22 skilnad
280 615 42 22 och
341 616 44 21 den
404 616 93 28 militär,
516 623 49 14 som
582 615 43 22 här
643 616 95 21 föreslås
758 615 32 27 (af
808 615 61 21 Herr

113 650 161 28 Silfversvan),
293 650 46 21 kan
358 651 51 20 icke
427 651 62 21 föras
507 658 28 13 ur
553 650 80 22 landet
652 650 87 27 (derom
757 651 46 20 kan
817 649 51 22 icke

113 693 40 13 ens
171 685 74 21 blifva
263 685 81 28 fråga).
371 685 35 21 På
424 685 76 28 grund
519 685 23 22 af
560 685 41 21 sitt
613 685 110 28 yttrande
736 683 132 23 försvarade

112 720 61 21 Herr
190 719 82 22 Antell
290 719 178 28 milissystemet.

185 755 122 26 Lagerborg.
343 754 70 21 Hvad
439 755 24 20 vi
487 755 81 20 främst
586 753 70 22 hafva
676 755 34 20 att
728 753 140 28 handlägga,

113 788 40 21 det
171 792 26 17 är
215 788 82 29 frågan
316 796 37 13 om
371 791 35 18 att
423 789 24 21 få
466 796 28 14 en
513 789 71 26 stark,
604 796 28 13 en
651 788 88 28 kraftig
757 787 112 22 hörnsten

113 823 36 21 för
175 823 53 20 vårt
254 824 114 21 statsskick,
395 823 42 21 och
465 823 38 21 det
525 823 73 28 gäller
615 823 37 20 för
670 830 36 13 oss
725 824 34 19 att
777 821 93 22 försöka

115 857 77 21 lemna
210 865 29 13 en
258 857 71 21 sådan
349 858 24 21 åt
391 857 138 22 kommande
548 857 98 28 slägten,
666 859 34 19 att
714 857 80 28 ,gripa
807 859 64 18 stun-

116 891 44 22 den
179 891 8 22 i
206 891 89 28 flygten
314 908 4 4 .
339 908 3 4 .
363 891 16 21 .*
399 892 55 21 Man
473 892 43 21 bör
534 892 72 28 skapa
620 894 34 18 ett
666 891 117 28 möjligast
796 890 76 21 starkt

116 925 43 22 och
179 926 93 28 dugligt
290 926 178 21 försvarsväsen.

186 961 118 21 Snellman,
323 961 20 21 J.
368 961 29 21 WW.
419 962 12 25 8
452 961 12 20 7
485 961 15 26 (i
519 961 99 21 svenska
636 960 68 28 lagen
724 960 23 21 af
759 961 26 20 år
797 959 73 27 1789)

116 994 76 28 gifver
218 994 52 21 icke
297 994 113 29 rättighet
432 997 35 19 att
485 995 8 21 i
511 995 99 21 fredstid
628 994 76 22 införa
722 994 148 28 lägermöten.

117 1030 12 24 8
151 1029 11 21 7
184 1029 66 21 berör
270 1028 82 22 endast
370 1029 116 29 allmogen
506 1047 3 3 .
531 1046 2 4 .
554 1046 4 4 .
580 1029 42 21 "Vi
640 1028 89 29 hoppas
748 1031 34 19 att
801 1029 71 27 ingen

116 1063 75 21 fiende
216 1063 60 21 skall
295 1064 109 28 intränga
423 1064 7 21 i
449 1065 53 20 vårt
520 1064 62 27 land,
600 1067 56 17 enär
674 1064 24 20 vi
717 1063 114 21 försvaras
850 1062 24 21 af

117 1098 39 21 det
183 1098 107 28 mäktiga
317 1098 116 28 Ryssland
459 1098 44 22 och
527 1098 76 22 derför
622 1098 75 28 skapa
715 1098 21 20 vi
757 1105 28 13 en
805 1096 68 27 armé,

117 1140 47 13 som
192 1132 24 21 vi
244 1132 73 22 önska
344 1132 51 22 icke
423 1133 60 21 skall
510 1133 88 21 utföras
626 1140 27 14 ur
671 1132 79 21 landet
770 1149 3 4 .
796 1148 3 4 .
821 1148 3 4 .
843 1131 31 21 Vi

117 1166 113 22 Finlands
250 1170 66 18 söner
334 1167 104 28 aflägsna
457 1167 52 21 från
529 1175 35 13 oss
583 1166 151 30 möjligheten
753 1168 34 20 att
801 1166 73 21 blifva

117 1200 109 22 använda
253 1202 30 27 på
310 1201 95 21 hvilken
427 1202 140 28 krigsteater
585 1201 39 21 det
643 1205 27 17 än
691 1208 55 14 vara
764 1202 37 20 mä
821 1216 52 5 ...

119 1235 28 21 Vi
170 1238 72 18 vänta
262 1236 23 20 af
302 1235 73 21 Eders
394 1236 110 28 Majestät
523 1238 35 20 att
576 1236 39 21 det
633 1236 96 26 försvar,
747 1235 23 22 vi
790 1234 85 22 bereda

117 1269 86 27 landet,
229 1270 37 21 mä
293 1270 57 21 höra
377 1270 80 21 landet
485 1278 79 14 ensam
582 1270 44 27 till,
646 1272 34 20 att
699 1270 49 21 icke
768 1277 28 13 en
815 1268 61 22 enda

117 1312 54 13 man
198 1305 38 20 mä
260 1304 62 22 föras
340 1305 8 21 i
367 1304 49 28 fält,
435 1305 7 21 i
461 1304 110 22 händelse
590 1305 50 21 icke
659 1304 92 21 fienden
769 1304 49 21 stär
835 1302 41 22 vid

117 1338 92 22 landets
236 1338 91 29 gräns".
367 1339 146 21 Formuleras
541 1339 72 21 saken
642 1340 31 26 sä,
698 1338 112 28 beklagar
836 1338 40 28 jag

118 1372 45 22 det.
199 1373 56 21 Kan
272 1373 39 21 väl
330 1374 78 27 nägon
426 1376 43 25 tro,
489 1376 34 19 att
542 1376 34 19 ett
594 1373 83 22 sädant
692 1373 85 28 förslag
787 1373 89 27 nägon-

119 1408 35 20 sin
181 1407 79 21 kunde
287 1408 74 21 blifva
387 1408 112 28 antaget?
535 1408 47 28 Jag
604 1410 49 19 tror
672 1407 38 22 det
728 1407 57 21 icke.
822 1406 55 22 Kan

118 1442 79 28 nägon
216 1442 124 21 förutsätta
361 1445 34 18 att
415 1442 72 28 sagda
505 1442 87 28 förslag
610 1450 54 14 vore
684 1442 139 27 tillräckligt
842 1440 35 22 för
