1114 1773
106 517 107 18 Reservation

102 546 25 17 vid
140 550 81 13 samman-

97 575 55 17 trädet
164 575 31 17 den
207 575 23 18 23

115 603 96 22 September

138 632 50 18 1898.

828 175 80 28 Bilaga
923 176 41 20 N:o
980 176 21 20 8.

877 215 81 21 Afskrift.

312 518 50 22 Med
385 519 101 22 afseende
502 519 13 21 å
530 519 115 22 Komiténs
667 519 71 22 beslut
757 520 33 21 att
805 519 63 28 lägga
883 519 32 22 till
930 519 71 28 grund

242 553 34 22 för
290 553 99 27 kalkylen
412 553 60 22 öfver
494 554 40 21 den
557 553 112 22 finansiela
687 555 83 26 tungan
791 554 35 21 vid
841 554 159 27 värnepligtens

244 587 135 28 fullgörande
401 587 144 22 förhållandet
569 587 89 22 emellan
674 588 153 22 totalsumman
845 588 23 21 af
884 588 117 27 utgifterna

242 622 34 21 för
298 622 94 21 militära
415 622 100 22 ändamål
538 622 39 22 och
599 622 151 28 folkmängden
773 623 48 21 med
844 623 116 27 uträkning
980 623 23 21 af

243 657 41 22 den
300 657 28 27 på
343 657 73 28 hvarje
439 658 103 21 invånare
557 658 7 21 i
579 657 101 22 medeltal
699 657 95 22 fallande
809 657 63 22 andel
886 658 7 21 i
908 657 93 22 berörda

242 691 96 28 utgifter,
354 691 64 22 hafva
433 692 21 21 vi
469 692 46 22 icke
531 692 120 27 någonting
665 693 34 20 att
714 691 94 22 invända
824 693 57 20 emot
894 692 60 21 detta
964 691 36 22 be-

242 726 157 27 räkningssätt.

311 760 125 22 Emellertid
459 767 51 16 anse
530 761 19 21 vi
565 761 46 21 icke
630 760 49 22 fullt
693 761 77 27 riktigt
786 761 34 21 att
834 760 33 21 till
882 759 119 28 utgifterna

241 794 34 22 för
290 795 75 21 Rikets
382 795 85 22 försvar
481 795 99 22 hänförts
597 795 26 22 de
638 795 7 21 i
660 795 194 22 Finansministerii
864 794 137 27 statsförslag

243 830 113 26 upptagna
384 829 149 22 kostnaderna
554 829 34 22 för
610 829 86 22 Afdelta
719 829 282 27 Gränsbevakningskårens

243 863 120 22 underhåll.
389 863 75 22 Ehuru
480 864 67 28 sagda
562 864 41 21 kår
617 863 40 22 har
671 864 116 21 militärisk
802 863 145 28 organisation
961 863 40 22 och

242 898 56 22 skall
316 898 8 21 i
342 898 92 28 krigstid
457 898 120 28 föreläggas
600 898 94 22 militära
717 898 116 28 uppgifter,
856 898 74 22 består
952 898 49 21 dess

242 932 121 23 förnämsta
385 934 121 28 skyldighet
527 934 65 22 likväl
610 934 7 21 i
631 934 123 27 bevakning
776 934 22 21 af
819 933 182 27 tullgränserna
988 928 18 38 i

241 967 98 22 fredstid.
371 968 33 21 Då
420 968 149 22 kostnaderna
584 968 34 21 för
633 968 135 21 underhållet
784 968 22 21 af
819 967 182 28 gränsbevaknin-

242 1008 41 21 gen
306 1001 102 23 hänföras
432 1003 33 20 till
487 1002 147 22 kostnaderna
649 1002 32 21 för
696 1002 76 21 Rikets
791 1002 89 26 försvar,
900 1001 100 22 bortfalla

242 1036 43 21 alla
304 1036 195 22 Finansministerii
523 1037 90 26 utgifter
635 1037 34 21 för
691 1037 67 26 sagda
780 1036 127 27 bevakning,
924 1036 76 21 medan

241 1071 154 21 motsvarande
420 1071 118 22 kostnader
553 1071 8 21 i
576 1071 91 21 Finland
691 1073 37 19 äro
752 1072 114 26 upptagna
880 1071 7 20 i
902 1070 99 22 statsför-

241 1105 70 27 slaget
326 1105 59 22 öfver
400 1105 141 22 statsfonden.

311 1139 40 22 Till
366 1140 39 21 vår
421 1140 6 21 i
444 1140 116 27 anledning
581 1140 65 21 häraf
665 1140 77 28 gjorda
757 1139 143 28 anmärkning
914 1139 40 22 har
969 1139 32 22 in-

241 1173 79 22 vändts
336 1175 34 20 att
386 1174 273 22 underhållskostnaderna
678 1174 34 21 för
731 1173 69 22 finska
816 1174 117 21 lotsverket
948 1173 53 22 hän-

240 1207 56 22 förts
312 1207 32 22 till
359 1208 104 22 Finlands
485 1209 94 21 militära
593 1209 96 27 utgifter,
706 1209 68 21 ehuru
790 1209 66 26 sagda
871 1209 52 20 verk
938 1208 62 21 äfven

241 1242 41 21 har
304 1248 26 15 en
354 1243 79 22 dubbel
456 1243 85 27 uppgift
563 1249 76 21 genom
663 1245 33 20 att
719 1243 115 22 medverka
853 1243 33 20 till
901 1242 100 22 handels-

241 1275 116 28 sjöfartens
380 1277 108 22 säkerhet.
518 1277 77 22 Denna
617 1277 133 28 invändning
770 1279 24 20 är
812 1277 71 27 riktig,
900 1283 47 15 men
963 1277 38 21 vår

240 1310 160 29 framställning
423 1318 36 15 om
481 1312 158 21 kostnadernas
658 1311 33 22 för
709 1311 71 22 finska
802 1311 118 22 lotsverket
942 1311 58 21 inbe-

241 1345 112 21 räknande
376 1345 32 22 uti
433 1346 26 21 de
481 1346 94 21 militära
598 1346 118 27 utgifterna
739 1352 39 15 var
800 1345 100 28 grundad
916 1346 28 26 på
960 1346 40 21 den

241 1379 194 28 omständigheten,
461 1382 32 19 att
516 1381 152 21 motsvarande
691 1381 119 21 kostnader
829 1380 7 21 i
851 1379 150 28 Kejsardömet

240 1415 38 20 äro
302 1416 113 25 upptagna
435 1415 13 21 å
466 1415 184 22 Marinministerii
673 1416 50 25 stat,
747 1421 46 16 som
815 1414 34 22 hel
872 1414 39 21 och
930 1413 71 22 hållen

240 1448 98 22 hänförts
355 1449 32 21 till
403 1449 119 28 utgifterna
537 1449 33 22 för
585 1449 76 22 Rikets
676 1449 90 22 försvar.
