1114 1734
831 136 24 20 21

124 209 50 19 män
197 206 55 22 skall
275 206 110 21 användas
403 205 80 26 enkelt,
499 204 134 27 ostämpladt
647 210 91 21 papper.
769 204 69 21 Lösen
852 202 35 21 för

125 241 72 27 utslag
213 241 39 22 och
266 240 145 21 resolutioner
426 239 7 21 i
449 238 230 28 värnepligtsärenden
695 244 51 21 eger
761 238 18 28 ej
795 243 54 16 rum.

365 335 123 28 ÅTTONDE
505 341 138 21 KAPITLET.

201 407 36 22 Om
253 405 118 28 inskrifning
389 405 5 20 i
410 404 179 28 uppbådsområde
605 404 55 22 samt
677 403 135 28 upprättande

397 440 20 21 af
433 439 188 28 uppbådslängder.

398 515 70 16 FÖRSTA
480 518 137 13 AFDELNINGEN.

173 572 36 17 Om
221 571 126 21 inskrifning
359 571 8 17 i
379 569 178 23 uppbädsomräde
570 570 55 17 samt
637 569 203 22 inskrifningsbevis.

196 632 50 18 Art.
263 631 40 18 67.
333 628 152 26 Värnepligtig
500 628 80 21 räknas
596 627 32 22 till
645 627 35 22 det
691 626 195 28 uppbädsomräde,

127 670 47 15 som
197 663 102 22 omfattar
322 663 41 21 den
379 662 132 27 församling,
527 662 7 21 i
549 662 64 21 hvars
629 662 113 27 kyrkobok
756 662 44 21 han
816 664 23 18 är
854 661 33 21 in-

127 698 101 22 skrifven.

196 744 49 17 Anm.
269 744 91 17 Personer
379 743 20 17 af
410 742 45 23 rysk
467 742 97 18 härkomst
577 742 55 23 (anm.
645 742 30 18 till
688 744 35 16 art.
737 742 18 23 1)
768 741 100 19 inskrifvas
882 741 6 17 i

127 772 160 23 uppbädsomräde
299 772 25 22 pä
336 772 59 22 grund
408 771 20 18 af
436 771 91 21 anmälan,
537 776 38 13 som
584 771 35 17 den
628 770 206 23 inskrifningsskyldige
843 772 45 20 äger

127 801 40 18 före
182 801 35 18 den
230 802 21 16 31
265 800 101 18 December
379 800 32 18 det
423 800 21 18 är
457 800 38 17 han
507 800 56 22 fyller
575 800 54 22 tjugu
641 800 21 17 år
675 800 80 17 inlemna
767 799 31 18 till
809 798 78 18 nämden

128 830 6 17 i
147 830 32 18 det
191 830 82 21 distrikt,
285 829 30 18 till
327 829 73 17 hvilket
409 828 89 22 omrädet,
506 829 77 17 hvarest
591 828 37 18 han
637 828 68 18 önskar
713 828 58 18 blifva
779 827 108 21 inskrifven,

127 858 74 22 räknas,
219 858 42 18 med
278 858 112 23 biläggande
409 857 20 18 af
446 857 105 23 prestbevis
571 857 46 18 eller
632 857 84 18 däremot
728 856 90 19 svarande
830 856 57 23 intyg,

128 887 151 23 identitetsintyg
297 887 20 18 af
334 887 77 22 polisen,
430 886 115 23 frejdebevis
563 888 48 16 samt
624 886 51 23 intyg
688 885 52 18 öfver
752 885 135 18 innehafvande

127 916 89 23 bildning.
235 915 26 18 Af
273 916 55 22 sagde
341 915 144 18 distriktsnämd
497 915 49 18 skall
557 915 36 18 den
601 914 206 23 inskrifningsskyldige
816 913 73 19 erhålla

127 945 52 18 bevis
197 945 52 18 öfver
267 944 112 23 inskrifning
391 944 6 17 i
409 944 80 18 nämnda
507 944 165 23 uppbädsomräde,
685 943 52 18 hvari
749 943 34 18 bör
795 942 93 24 angifvas:

129 973 18 24 1)
160 973 35 18 den
214 973 100 18 inskrifnes
326 973 84 18 förnamn
423 975 48 16 samt
483 973 71 18 faders-
567 973 33 18 och
613 973 85 18 tillnamn
711 973 46 17 eller
768 972 121 21 vedernamn;

127 1003 20 22 2)
165 1002 100 22 födelseär,
283 1002 67 18 mänad
369 1003 34 17 och
421 1002 46 23 dag;
485 1002 20 23 3)
517 1002 164 22 trosbekännelse;
699 1002 20 23 4)
732 1001 62 23 ständ;
807 1001 18 22 5)
837 1000 50 23 yrke,

128 1031 105 18 handtverk
251 1031 46 18 eller
314 1031 74 22 näring;
407 1032 18 22 6)
437 1031 38 18 läs-
493 1031 34 18 och
545 1031 154 22 skrifkunnighet
715 1032 48 16 samt
774 1029 75 24 uppgift
861 1034 28 13 om

129 1060 33 17 det
173 1059 92 22 läroverk,
278 1059 6 18 i
296 1060 73 18 hvilket
381 1060 37 17 han
431 1059 80 18 afslutat
523 1060 45 17 kurs
581 1059 46 18 eller
639 1059 117 18 fortfarande
765 1058 84 23 ätnjuter
857 1063 32 12 un-

129 1088 115 23 dervisning;
260 1090 19 19 7)
293 1088 20 18 af
324 1088 54 18 hvem
390 1090 49 16 samt
450 1090 35 16 när
498 1088 35 24 (är,
545 1088 67 18 mänad
624 1088 34 18 och
670 1088 45 23 dag)
727 1088 34 17 och
773 1087 58 17 under
843 1086 46 18 hvil-

128 1117 37 17 ken
177 1122 82 12 nummer
271 1117 72 18 beviset
355 1119 21 16 är
388 1117 104 18 utfärdadt.
511 1117 33 18 Om
556 1117 112 23 inskrifning
681 1117 6 17 i
699 1115 158 25 uppbädsomräde
871 1114 20 18 af

128 1150 89 18 personer
235 1145 42 18 utaf
293 1146 44 22 rysk
355 1146 97 18 härkomst
465 1151 44 17 eger
521 1146 170 18 Distriktsnämden
704 1145 110 18 underrätta
826 1144 63 18 veder-

128 1174 81 18 börande
222 1174 54 18 nämd
288 1174 6 18 i
306 1174 135 23 Kejsardömet,

401 1272 63 12 ANDRA
478 1272 136 12 AFDELNINGEN.

298 1324 36 18 Om
347 1325 142 21 upprättande
502 1324 24 18 af
536 1324 188 22 uppbädslängder.

198 1383 51 18 Art.
266 1384 42 18 68.
329 1381 10 21 I
354 1381 77 28 början
448 1381 24 21 af
480 1381 73 28 hvarje
565 1382 24 21 är
599 1381 61 22 skola
672 1381 219 22 distriktsnämderna

129 1415 7 21 i
152 1414 38 22 och
213 1414 34 22 för
268 1416 124 21 inkallande
415 1416 24 21 af
456 1416 27 21 de
497 1416 154 27 värnepligtige
667 1418 106 26 upprätta
788 1415 103 27 behöriga

129 1449 195 28 uppbädslängder.
