1109 1775
261 166 31 20 96

225 234 8 20 i
251 234 174 28 Kejsardömets
443 234 45 29 lag,
507 234 43 22 har
567 234 112 22 Komitön
697 234 72 22 infört
787 234 9 21 i
814 234 112 28 förslaget
947 234 37 22 för

225 268 118 22 vinnande
362 268 23 22 af
402 272 73 19 större
493 268 162 29 likformighet
667 269 8 21 i
684 269 132 22 uniformen
826 268 36 22 för
871 268 111 29 frivillige

225 303 8 21 i
252 303 45 21 den
315 303 70 28 ryska
404 303 85 28 armén,
509 304 23 21 af
550 303 96 22 hvilken
665 303 28 22 de
711 303 76 22 finska
802 305 127 26 trupperna
946 305 37 19 ut-

225 341 58 24 göra
301 345 28 14 en
348 337 43 22 del.

294 407 47 20 Art.
361 407 48 20 133.
447 406 159 22 Föreskriften
625 406 8 21 i
652 408 41 19 art.
715 406 46 21 180
773 405 23 22 af
809 405 173 29 Kejsardömets

225 440 40 29 lag
293 440 85 21 saknar
404 441 55 21 fullt
485 440 163 22 motsvarande
670 440 129 29 stadgande
817 440 8 21 i
844 439 45 22 den
907 439 76 22 finska

226 475 76 28 lagen.
338 475 11 20 I
368 476 13 25 $
401 475 30 21 96
451 482 66 14 mom.
537 475 13 20 2
572 475 125 21 fastställes
716 475 51 21 icke
777 475 79 28 någon
868 474 115 21 klacifice-

225 509 54 28 ring
299 509 23 21 af
340 509 123 29 frivilliges
481 509 139 28 rättigheter
637 509 59 22 efter
714 509 66 21 deras
792 508 190 29 indelning
920 504 14 38 i
946 504 39 38 ka-

225 544 102 28 tegorier
354 543 43 22 och
419 544 154 21 tillförsäkras
598 544 52 21 dem
674 543 116 22 dessutom
814 543 114 28 rättighet
946 543 37 21 till

225 578 215 22 officersbefordran
459 579 58 21 efter
535 586 41 14 sex
593 578 122 22 mänaders
727 578 158 29 tjenstgöring
897 577 9 22 i
918 577 64 29 lägre

225 612 65 28 grad.
326 613 111 21 Komiten
457 613 41 21 har
517 613 93 28 pröfvat
623 613 108 29 lämpligt
743 612 43 22 och
799 612 95 22 rättvist
906 615 36 19 att
954 612 28 21 de

225 648 8 20 i
252 649 43 19 art.
316 648 48 20 180
383 648 97 28 angifna
498 648 141 21 terminerna
659 648 68 21 äfven
744 647 117 29 tillämpas
875 648 13 20 ä
899 647 83 27 finnar,

226 681 149 22 alldenstund
403 690 86 13 samma
513 682 80 27 motiv,
617 690 49 14 som
683 681 118 23 föranledt
819 681 163 29 tjenstetidens

226 716 152 28 förlängning
396 716 36 22 för
449 716 112 29 frivillige
580 717 63 21 inom
661 716 46 22 alla
717 716 64 22 delar
791 716 24 21 af
824 715 85 28 armén,
920 723 62 13 nem-

225 750 63 28 ligen
308 750 104 22 sträfvan
431 753 35 19 att
484 751 77 21 bättre
579 752 80 20 kunna
677 750 90 22 utbilda
780 750 28 22 de
822 750 110 28 frivillige
945 750 37 21 till

226 784 157 29 officersgrad,
410 785 70 22 hafva
506 786 109 28 gällande
637 786 62 21 kraft
718 786 68 21 äfven
804 784 52 22 med
876 784 106 22 afseende

225 821 13 20 å
257 819 29 22 de
303 819 76 22 finska
397 822 133 27 trupperna.

296 889 45 20 Art.
363 890 46 20 134.
437 889 46 21 För
500 896 84 21 ryssar,
600 895 49 14 som
659 888 73 21 önska
741 889 91 28 uttjena
841 888 36 21 sin
887 888 94 28 tjenste-

225 922 36 21 tid
284 922 41 22 vid
346 923 29 20 de
393 923 75 21 finska
487 925 133 26 trupperna,
640 927 25 16 är
683 922 40 21 det
741 922 23 22 af
782 922 117 28 väsentlig
918 922 64 27 bety-

225 956 64 21 delse
311 957 43 21 och
373 957 76 21 tillika
467 957 55 21 fullt
540 957 94 21 rättvist
653 959 34 19 att
705 957 28 21 de
751 957 110 21 förblifva
879 957 9 20 i
906 957 76 28 ätnju-

225 991 71 21 tande
316 991 23 21 af
357 991 50 22 sina
425 991 62 22 förra
506 991 144 28 rättigheter,
670 991 29 21 dä
717 992 25 27 ju
754 991 69 21 äfven
836 991 76 21 finnar
924 993 57 18 utan

225 1025 86 22 minsta
330 1026 153 21 formaliteter
500 1026 117 21 bibehälla
636 1025 46 22 alla
695 1026 50 21 sina
758 1025 138 28 rättigheter
908 1025 74 21 under

225 1059 46 22 den
290 1059 35 22 tid
344 1059 28 22 de
391 1064 39 17 äro
450 1060 108 21 anstälda
576 1060 8 21 i
597 1061 71 28 tjenst
677 1062 65 19 utom
753 1059 227 22 Storfurstendömet.

225 1094 98 21 Derföre
351 1098 25 17 är
403 1094 40 21 det
470 1095 67 21 äfven
557 1095 111 27 önskligt,
688 1097 35 18 att
741 1101 115 22 personer,
875 1101 49 14 som
943 1097 38 18 äro

224 1128 91 21 hemma
334 1129 51 20 frän
405 1129 72 21 andra
495 1129 91 21 trakter
605 1133 28 17 än
653 1128 28 21 de
699 1129 75 21 finska
791 1128 77 27 länen,
885 1127 40 22 vid
944 1128 38 21 be-

225 1163 95 21 fordran
345 1163 37 20 till
401 1163 117 22 officerare
537 1163 59 21 efter
614 1163 139 28 föregäende
772 1163 157 29 tjenstgöring
947 1163 35 20 sä-

224 1204 50 14 som
292 1197 112 29 frivillige
423 1198 41 21 vid
482 1198 28 21 de
528 1198 77 21 finska
623 1200 133 26 trupperna,
775 1198 8 20 i
801 1197 44 21 och
863 1196 52 22 med
933 1197 49 21 det-

224 1239 88 14 samma
331 1232 88 21 erhålla
437 1232 61 21 finsk
517 1232 206 28 medborgarerätt,
742 1234 54 19 utan
812 1231 115 21 särskilda
937 1232 45 20 for-

224 1266 118 21 maliteter
360 1267 33 25 (se
411 1266 160 28 förklaringen
589 1266 37 21 till
645 1268 42 20 art.
705 1266 49 26 49).

293 1300 34 21 På
347 1300 65 22 dessa
431 1301 52 21 skäl
500 1300 42 22 har
560 1300 110 22 Komiten
689 1301 8 21 i
715 1300 112 28 förslaget
845 1300 73 21 infört
932 1299 49 22 vid-

224 1334 97 21 stäende
349 1335 90 27 artikel,
467 1335 98 22 emedan
588 1335 7 21 i
613 1335 109 28 gällande
746 1334 75 22 finska
840 1334 39 29 lag
897 1334 84 22 saknas

224 1369 165 22 motsvarande
407 1369 156 29 bestämning.

293 1403 203 28 Representanten
514 1404 36 21 för
568 1404 45 21 den
627 1403 76 22 finska
713 1403 217 22 administrationen
940 1402 42 22 har

223 1437 137 28 framhällit,
383 1440 35 19 att
443 1438 151 22 alldenstund
612 1438 215 29 värnepligtslagen
846 1441 26 18 är
890 1445 28 14 en
936 1437 45 22 för-

223 1471 112 29 fattning,
360 1472 70 22 hvars
449 1473 138 28 antagande,
607 1473 74 27 enligt
699 1471 114 22 Finlands
831 1471 149 29 grundlagar,
