1111 1786
806 153 32 22 49

118 221 44 22 och
181 221 125 29 manskaps
326 223 59 19 samt
403 220 131 22 officerares
552 223 120 26 transport
691 220 42 22 och
746 220 130 29 öfverflytt-

117 256 65 28 ning,
202 255 132 21 officerares
352 254 121 29 placering
491 255 59 21 efter
566 255 129 28 vapenslag
715 255 42 21 och
773 257 66 19 arten
852 255 23 21 af

119 290 67 21 deras
205 290 159 28 tjenstgöring
381 292 60 18 samt
459 289 66 21 deras
543 289 199 29 kommendering,
756 289 119 22 äfvensom

119 323 133 30 beviljande
279 323 23 21 af
327 323 136 28 permission
482 324 24 20 åt
524 323 119 21 officerare
662 325 59 20 samt
739 323 137 22 underbefäl

120 358 44 22 och
183 357 113 28 manskap
316 365 54 20 eger
387 365 51 13 rum
456 357 75 28 enligt
549 357 8 21 i
574 357 63 22 band
657 357 45 22 VII
721 357 22 22 af
761 357 48 22 Mil.
823 357 51 22 förf.

120 393 65 21 saml.
204 392 24 21 af
247 393 25 20 år
294 391 64 21 1869
377 391 113 29 stadgade
508 391 81 28 regler.
608 391 131 22 Befordran
758 392 37 21 till
804 391 71 29 högre

120 427 90 29 grader,
236 428 120 26 transport
380 425 44 22 och
445 425 190 29 kommendering
655 426 22 21 af
695 426 68 21 civile
782 427 94 28 tjenste-

119 465 55 17 män
202 460 41 22 vid
270 460 124 28 militären,
422 459 81 22 hvilka
529 459 126 22 innehafva
674 461 144 28 anställning
835 460 41 22 vid

121 495 28 22 de
167 495 77 21 finska
262 496 128 27 trupperna
408 494 43 21 och
464 494 196 29 inrättningarna,
673 502 55 21 eger
739 502 51 14 rum
802 495 75 28 enligt

121 537 86 14 samma
226 529 83 28 regler,
329 529 35 21 för
382 529 25 21 så
426 529 51 21 vidt
495 529 66 21 dessa
573 529 51 21 icke
637 529 74 22 strida
723 531 49 20 mot
784 529 8 21 i
804 528 73 29 sagda

122 568 83 17 ämnen
223 563 117 29 gällande,
358 563 36 21 för
412 563 101 21 Finland
531 563 123 22 utfärdade
673 563 151 29 stadganden.

330 640 142 20 Officerarenes
488 641 102 19 befordran
607 641 30 19 till
653 642 61 24 högre
730 642 75 24 grader,
814 644 63 17 trans-

260 672 52 23 port,
335 670 165 24 kommendering
514 670 38 19 och
566 670 152 25 tjänstledighet
733 670 96 20 likställes
844 676 33 19 ge-

260 704 47 13 nom
330 700 36 18 art.
391 699 26 19 94
440 698 6 19 i
468 698 113 25 »förslaget»
605 698 123 25 fullkomligt
742 698 45 20 med
802 699 25 19 de
842 698 35 20 all-

262 729 72 17 männa
357 726 175 26 bestämningarna
552 728 29 18 för
597 727 61 25 ryska
673 728 73 18 armén.
776 727 30 19 De
820 727 58 19 civila

260 756 174 24 tjenstemännens
457 756 34 18 vid
514 756 24 18 de
552 756 64 18 finska
631 757 110 23 trupperna
756 756 36 19 och
807 756 71 19 inrätt-

261 784 99 24 ningarna
374 784 105 19 befordran
494 784 30 19 till
540 784 60 24 högre
615 784 76 24 grader,
707 786 107 23 transport,
824 784 54 19 kom-

261 812 118 25 mendering
401 812 36 20 och
452 812 149 26 tjenstledighet
617 818 47 19 eger
679 812 43 20 åter
736 819 44 13 rum
796 813 62 24 enligt
873 813 5 19 i

262 841 83 19 Finland
361 841 93 25 gällande
469 841 153 25 bestämningar.

384 961 76 15 Andra
473 961 142 20 afdelningen.

211 1029 122 27 Utnämning
348 1028 29 22 till
391 1029 40 22 och
447 1028 144 27 entledigande
605 1027 48 24 från
669 1027 123 28 befattning.

195 1108 47 20 Art.
272 1107 35 20 95.
345 1106 135 21 Officerares
499 1105 140 28 utnämning
657 1105 37 21 till
712 1105 170 29 tjenstebefatt-

127 1142 59 28 ning
204 1148 54 21 eger
276 1148 51 13 rum
346 1141 74 28 enligt
438 1140 8 21 i
465 1139 63 22 band
546 1139 45 22 VII
609 1139 24 22 af
651 1139 48 22 Mil
719 1140 51 21 förf.
789 1139 57 22 saml
859 1139 23 22 af

128 1177 26 20 är
174 1175 63 21 1869
257 1175 113 27 stadgade
387 1175 83 28 regler,
486 1174 52 21 med
551 1174 153 28 iakttagande
717 1174 23 21 af
752 1174 42 21 här
806 1174 77 21 nedan

127 1209 105 30 följande
250 1209 182 28 bestämningar.

196 1285 47 20 Art.
266 1285 34 20 96.
336 1283 47 22 För
400 1283 141 28 utnämning
558 1283 37 21 till
613 1282 53 22 chef
683 1283 37 21 för
732 1282 60 21 finsk
804 1282 80 28 skarp-

129 1317 163 30 skyttebrigad
310 1317 44 22 och
372 1317 37 22 till
427 1317 151 22 kommendör
594 1317 36 22 för
642 1317 76 21 finska
731 1317 153 28 dragonrege-

129 1355 87 19 mentet
242 1352 43 22 och
306 1352 62 21 finsk
387 1351 256 30 skarpskyttebataljon
662 1351 110 29 uppföras
790 1359 95 20 genera-

128 1387 34 22 ler
181 1387 42 22 och
240 1386 186 23 stabsofficerare
438 1387 8 20 i
459 1386 213 21 kandidatlistorna
685 1386 74 28 enligt
771 1385 114 22 särskilda

129 1422 23 22 af
169 1421 196 29 Krigsministern
383 1421 124 21 faststälda
525 1421 182 28 bestämningar,
720 1420 51 21 med
784 1420 101 29 tillämp-

128 1457 58 27 ning
205 1456 23 21 af
246 1458 42 20 art.
308 1455 49 22 457
377 1455 63 22 band
458 1455 46 22 VII
514 1455 22 21 af
546 1455 48 21 Mil.
605 1455 52 22 förf.
668 1455 64 21 saml.
743 1455 23 21 af
776 1455 25 21 är
813 1455 72 22 1869.

806 1499 11 17 4
