1109 1786
260 167 32 21 70

224 235 125 29 uppbäden
361 236 8 21 i
378 234 111 31 Finland)
500 236 84 28 utvisa,
595 238 36 20 att
639 236 36 22 för
685 237 56 21 åren
752 236 168 22 1892—1895
931 243 51 22 pro-

224 270 113 22 centtalet
363 270 36 22 för
426 278 116 21 personer,
571 270 81 22 hvilka
679 272 30 27 på
727 270 76 29 grund
821 270 25 22 af
862 270 120 22 bristande

223 304 224 29 kroppsutveckling
466 304 94 22 erhållit
578 305 107 28 uppskof,
705 305 8 21 i
729 304 146 22 förhållande
884 304 37 22 till
930 304 52 21 hela

224 339 90 21 antalet
331 339 146 28 besigtigade
496 339 80 22 ställer
595 339 36 28 sig
649 339 108 29 omkring
776 339 47 21 2:ä
840 339 32 26 2,2
883 340 33 26 ”/,,
927 339 56 21 eller

224 373 8 21 i
250 373 110 22 medeltal
378 373 35 22 för
431 373 51 29 fyra
499 374 26 21 är
543 374 109 28 omkring
671 374 74 26 2,9.
775 373 73 22 Dessa
866 373 66 22 fakta
944 373 38 22 be-

224 407 79 22 kräfta
321 407 88 22 säledes
428 408 51 21 icke
491 407 146 30 riktigheten
647 408 24 21 af
680 410 203 27 representantens
892 407 36 22 för
938 407 44 22 den

223 441 77 22 finska
319 442 218 22 administrationen
555 442 134 28 slutlednig.

294 476 70 22 Hvad
382 477 49 21 äter
450 477 112 21 beträffar
575 477 138 28 pästäendet
723 479 35 20 att
767 477 75 21 under
851 477 73 22 första
934 477 48 21 äret

224 513 85 19 tvenne
327 511 165 22 äldersklasser
510 512 73 21 mäste
601 512 30 28 pä
650 519 29 13 en
693 512 63 28 gäng
765 511 108 28 inkallas,
884 511 42 22 har
935 511 47 21 Ko-

223 545 74 22 miten
314 545 109 22 förutsett
441 545 77 22 denna
536 546 154 21 eventualitet
708 545 43 22 och
769 545 91 22 därföre
878 545 65 29 fogat
952 552 28 14 en

225 579 156 29 anmärkning
399 581 38 20 till
456 583 42 19 art.
518 581 14 20 9
551 581 9 20 i
578 580 42 21 sitt
638 580 94 28 förslag.

293 614 34 22 Pä
353 614 77 28 grund
458 614 23 22 af
506 614 38 22 det
563 614 168 22 ofvanstäende
750 613 43 22 och
812 614 30 21 dä
860 614 29 21 de
907 613 75 22 finska

224 650 127 27 trupperna
377 651 85 26 utgöra
481 657 26 13 en
528 649 37 21 del
584 649 23 21 af
625 649 71 28 ryska
715 648 78 22 armön
812 651 60 19 samt
889 648 93 28 följakt-

223 682 65 29 ligen
305 684 73 20 mäste
397 683 165 29 kompletteras
572 683 53 21 med
643 691 30 13 en
686 683 43 22 och
739 690 86 14 samma
836 682 145 27 äldersklass,

223 716 44 22 har
284 717 111 22 Komitön
413 718 52 21 icke
484 718 91 22 kunnat
594 726 43 13 ena
656 718 36 28 sig
705 717 52 22 med
768 717 46 21 den
823 717 75 21 finske
908 724 74 21 repre-

223 754 130 19 sentanten.

293 838 46 21 Art.
364 840 33 19 70.
434 838 123 28 Förslaget
572 838 37 21 till
619 838 75 21 denna
705 837 83 22 artikel
798 837 127 21 innefattar
936 837 45 21 alla

223 872 29 21 de
280 872 124 29 uppgifter,
432 880 48 14 som
499 876 39 18 äro
558 872 96 29 angifna
672 872 8 21 i
699 873 13 25 $
732 872 31 21 53
783 872 23 21 af
824 879 32 13 nu
874 871 107 28 gällande

223 906 76 21 finska
317 906 45 28 lag,
373 906 95 22 hvartill
482 910 62 18 ännu
563 907 76 28 fogats
658 906 147 28 bestämning
823 913 38 14 om
877 905 45 22 den
930 909 51 18 vär-

223 940 140 29 nepligtiges
371 939 341 30 förmögenhetsförhällanden,
723 940 81 21 hvilka
811 939 85 29 jemvä!
903 939 79 22 kunna

223 975 104 22 medföra
345 975 47 22 viss
410 978 49 19 rätt
475 975 37 22 till
530 975 124 22 lättnader.

292 1062 46 20 Art.
364 1063 27 19 71
428 1061 82 28 Enligt
532 1068 33 14 nu
583 1060 108 29 gällande
709 1060 76 21 finska
805 1059 39 28 lag
862 1059 64 28 ligga
944 1059 37 21 till

222 1095 77 28 grund
317 1095 36 22 för
366 1095 235 29 uppbädslängderna
612 1095 28 21 de
650 1095 85 28 utdrag
744 1101 27 14 ur
781 1093 199 29 kyrkoböckerna,

223 1137 49 14 som
291 1129 23 21 af
331 1130 175 28 prästerskapet
524 1129 110 22 aflemnas
652 1129 37 21 till
707 1127 233 30 uppbädsnämderna
958 1129 22 25 (8

223 1164 49 27 53),
283 1166 60 19 samt
361 1163 28 22 de
409 1164 22 21 af
449 1163 229 22 häradsskrifvarene
697 1163 36 21 till
753 1162 72 29 sagda
843 1162 95 21 nämder
948 1162 33 21 af-

222 1198 67 28 gifna
307 1198 199 28 mantalslängder
524 1199 21 26 ($
566 1198 47 26 54).
641 1197 112 22 Komitön
772 1196 41 22 har
833 1196 89 21 derföre
940 1196 40 21 vid

222 1232 164 27 redigerandet
404 1232 23 21 af
442 1232 76 21 denna
528 1232 84 21 artikel
622 1231 175 28 sammanslagit
807 1230 67 21 dessa
884 1231 28 25 $$
922 1233 59 18 samt

222 1265 118 22 dessutom
367 1266 72 22 infört
466 1266 49 21 deri
536 1269 34 18 ett
588 1266 130 28 stadgande
737 1273 37 14 om
793 1264 134 29 grunderna
945 1264 36 21 för

221 1300 154 29 uppgörande
394 1301 23 21 af
435 1300 206 29 uppbädslängder
657 1300 37 22 för
712 1306 109 22 personer
831 1299 22 21 af
863 1299 57 28 rysk
930 1298 51 21 här-

222 1334 83 28 komst,
316 1342 49 15 som
383 1335 74 22 önska
475 1335 101 28 fullgöra
594 1335 36 21 sin
640 1334 133 29 värnepligt
782 1333 41 22 vid
831 1333 62 21 finsk
903 1335 76 26 trupp.

291 1369 46 22 För
356 1371 36 20 att
409 1369 53 22 icke
479 1369 81 22 vidare
579 1369 100 22 behöfva
698 1369 13 21 &
724 1367 163 23 motsvarande
897 1367 83 21 ställen

221 1403 8 20 i
249 1402 76 23 denna
352 1403 140 29 författning
519 1411 104 22 upprepa
644 1402 141 29 stadgandet
810 1409 36 14 om
865 1401 115 28 sistsagda

221 1444 116 21 personer,
359 1437 42 22 har
419 1437 112 22 Komiten
549 1440 59 19 trott
627 1438 36 27 sig
681 1437 56 22 böra
756 1437 37 20 till
813 1439 42 18 art.
876 1436 28 21 71
926 1435 54 28 foga

221 1471 137 22 vidstäende
378 1473 162 28 anmärkning.
