1111 1759
823 152 30 21 19

203 220 112 21 Finlands
344 220 116 22 allmänna
479 220 88 28 budget
585 220 152 22 sönderfaller
755 220 7 21 i
781 228 28 14 en
829 220 60 22 ordi-

133 255 63 21 narie
224 254 43 22 och
295 254 182 22 extraordinarie
504 254 95 29 budget,
619 254 22 22 af
662 254 81 22 hvilka
764 254 45 22 den
828 255 62 21 förra

134 288 110 22 omfattar
263 289 115 21 allmänna
397 288 145 22 statsfonden
561 288 43 22 och
622 288 177 22 militiefonden.
827 289 62 21 Mili-

133 323 132 21 tiefondens
293 323 139 29 afskiljande
454 323 42 21 har
514 323 36 21 sin
568 323 75 28 grund
663 324 7 20 i
690 323 39 21 det
746 323 143 29 vedertagna

133 358 90 27 bruket,
243 360 35 19 att
297 358 44 21 alla
360 358 126 21 inkomster
505 358 23 21 af
544 357 215 29 indelningsverket
772 358 117 28 (arrende-

134 392 99 28 afgifter,
252 392 192 28 vakansafgifter,
458 392 174 28 grundskatter)
644 394 117 26 upptagas
777 392 113 22 särskildt

133 426 36 22 för
193 426 35 28 sig
250 426 43 22 och
311 428 82 26 utgöra
413 426 97 22 sålunda
528 426 190 28 krigsbudgeten.
754 426 134 22 Extraordi-

133 461 64 21 narie
222 460 118 28 budgeten
359 460 41 22 har
419 461 37 21 till
474 461 94 28 uppgift
586 463 35 19 att
640 461 58 28 fylla
717 461 86 21 bristen
824 460 62 22 såväl

133 495 8 21 i
169 495 118 21 allmänna
313 494 145 22 statsfonden
484 502 49 14 som
554 496 7 20 i
583 495 176 21 militiefonden.
795 496 94 20 Hittills

133 530 70 21 hafva
221 529 129 29 utgifterna
368 530 37 20 till
424 529 73 22 finska
514 530 116 21 militären
642 530 111 21 bestridts
766 530 51 21 med
830 530 59 21 mili-

134 564 129 21 tiefondens
283 564 133 28 tillgångar,
435 572 52 13 men
507 564 29 21 då
555 564 65 21 dessa
633 564 52 21 icke
698 564 68 21 alltid
778 565 62 21 visat
853 564 36 28 sig

133 598 143 28 tillräckliga
287 597 27 29 *),
333 598 42 22 har
394 598 39 21 det
450 599 63 21 varit
525 598 146 28 nödvändigt
684 601 34 19 att
731 599 71 21 anlita
814 601 75 19 extra-

134 632 114 22 ordinarie
274 632 118 29 budgeten
410 633 43 21 och
472 636 35 18 enär
546 632 75 22 denna
640 633 109 28 vanligen
768 633 121 21 öfverlem-

133 669 52 19 nats
205 667 35 21 till
258 666 130 28 ständerna,
408 675 48 13 som
475 667 78 21 härför
571 670 41 26 egt
630 667 82 21 anvisa
729 667 81 27 medel,
829 667 58 21 hade

133 701 126 22 ständerna
276 702 30 27 på
323 702 76 27 grund
418 702 23 20 af
460 702 149 21 omförmälda
622 702 78 28 praxis
713 702 7 21 i
734 702 155 28 värnepligts-

133 736 80 27 lagens
237 737 12 25 $
275 736 45 20 122
341 736 70 21 infört
430 736 150 28 stadgandet:
601 736 56 28 ,och
676 736 62 22 hvad
756 736 134 22 derutöfver

135 770 29 25 (d.
184 778 20 13 v.
225 778 16 13 s.
259 773 64 18 utom
337 770 182 22 militiefondens
533 770 131 28 disponibla
677 770 135 29 tillgångar)
826 770 63 22 kräf-

133 812 46 19 ves,
199 804 108 22 betäckes
326 804 52 22 med
396 804 27 22 de
442 805 80 27 medel,
542 812 49 14 som
608 805 35 21 för
662 804 132 23 ändamålet
811 804 78 22 blifvit

133 839 22 21 af
184 838 130 22 Ständerna
343 839 130 21 anvisade”.
510 840 45 20 För
582 842 35 18 att
643 839 92 21 landets
756 840 58 28 vilja
836 839 53 21 icke

132 873 74 21 skulle
233 873 86 22 lemnas
339 876 55 19 utan
416 873 107 22 afseende
542 874 8 20 i
568 873 82 29 frågan
669 881 36 14 om
724 873 161 28 härväsendet,

133 915 48 14 som
208 908 151 21 derförinnan
386 908 49 21 helt
462 908 44 21 och
527 908 72 21 hållet
623 908 77 22 berott
720 908 21 22 af
759 907 130 30 Rysslands

133 942 104 27 Monark,
260 942 93 22 anhöllo
378 942 124 22 ständerna
523 945 34 19 att
575 944 13 25 $
609 943 46 20 122
675 942 76 22 blefve
769 942 120 22 förklarad

132 976 36 22 för
186 976 264 28 grundlagsstadgande.

201 1011 54 21 Men
283 1011 90 21 oafsedt
400 1014 35 18 att
462 1011 155 22 hänförandet
640 1011 22 21 af
682 1012 12 25 $
716 1012 45 20 122
781 1012 7 20 i
807 1015 82 17 värne-

133 1045 141 29 pligtslagen
294 1045 36 21 till
348 1045 174 29 grundlagarne
540 1045 103 22 saknade
656 1046 81 28 hvarje
750 1046 52 21 stöd
816 1046 8 20 i
833 1045 57 21 Fin-

133 1079 67 22 lands
218 1079 166 29 författningar
403 1080 42 21 och
465 1082 35 20 att
518 1080 108 28 gällande
645 1080 77 28 praxis
741 1080 82 22 enbart
836 1079 52 21 icke

132 1114 48 21 kan
197 1117 85 25 utgöra
300 1114 127 28 tillräcklig
445 1114 77 29 grund
541 1114 33 22 för
592 1116 33 20 ett
644 1115 25 21 så
687 1114 87 29 vigtigt
786 1113 103 29 lagstad-

132 1148 82 28 gande,
237 1148 48 22 tala
309 1151 61 19 emot
388 1156 28 14 en
436 1149 72 22 sådan
527 1148 82 22 åtgärd
628 1152 63 18 ännu
709 1147 178 30 nedanföljande

133 1183 146 27 synpunkter
298 1183 42 21 och
358 1183 72 27 fakta,
450 1184 80 20 hvilka
549 1183 55 22 böra
622 1186 66 26 tagas
708 1183 8 21 i
735 1182 153 22 betraktande

132 1216 111 22 särskildt
270 1218 7 20 i
305 1218 151 21 förevarande
481 1218 48 27 fall,
551 1218 28 21 då
604 1218 65 28 fråga
694 1222 24 16 är
738 1225 36 13 om
792 1217 99 28 specielt

132 1251 103 22 militära
252 1252 73 21 saker.

202 1286 131 22 Ständerna
361 1286 59 22 hade
449 1287 113 25 förbisett,
588 1289 34 19 att
649 1287 8 20 i
685 1286 100 22 militära
803 1286 86 28 frågor,

132 1320 105 22 frånsedt
255 1320 28 22 de
302 1321 151 21 ekonomiska
471 1321 134 27 intressena,
619 1328 28 14 en
666 1320 171 29 öfvervägande
851 1320 39 21 be-

202 1378 15 17 *)
235 1376 38 17 För
292 1375 82 23 perioden
397 1376 87 16 1895—97
504 1375 90 18 erfordras
611 1376 29 17 för
653 1375 53 17 finska
725 1375 94 18 militären,
832 1374 58 22 enligt

134 1404 101 23 ungefärlig
253 1404 105 22 beräkning,
376 1404 86 22 omkring
479 1404 23 17 23
515 1404 81 22 miljoner
608 1404 58 18 mark.
691 1404 50 17 Enär
753 1402 135 19 militefondens

132 1432 89 18 ordinarie
234 1432 100 18 inkomster
346 1432 39 18 icke
397 1432 99 23 öfverstiga
508 1433 11 17 6
531 1432 81 22 miljoner
623 1432 59 21 mark,
692 1432 34 18 har
739 1432 27 18 för
775 1431 115 18 betäckande

132 1461 20 17 af
163 1460 110 18 differensen
286 1460 99 18 erfordrats
398 1463 24 15 ett
437 1461 79 18 tillskott
529 1462 19 16 af
562 1462 18 17 17
594 1461 82 22 miljoner
689 1461 56 17 mark.
