1109 1700
339 135 28 22 U.
383 135 28 21 B.
426 148 29 2 —
470 135 72 27 Prop.
560 135 42 22 N:o
617 136 22 20 6.
842 138 27 20 43

110 204 59 27 bör",
194 203 34 22 för
251 206 32 19 att
306 205 54 26 göra
383 203 37 22 det
442 203 82 28 tydligt
546 205 34 19 att
598 204 49 26 alla,
664 204 75 22 hvilka
753 205 117 28 rätteligen

112 239 53 21 böra
188 244 53 16 vara
257 238 8 21 i
279 238 128 22 kommunen
422 238 173 26 mantalskrifna,
609 238 81 27 jemväl
705 240 37 20 äro
758 239 112 23 derstädes

108 272 176 28 skattskyldiga;
300 278 47 16 men
360 272 115 22 Utskottet
485 272 40 22 har
536 274 72 20 ansett
618 272 81 22 sådant
708 272 162 30 förtydligande

110 307 122 27 obehöfligt,
255 307 90 22 emedan
368 306 65 22 äfven
455 306 126 22 derförutan
605 309 24 19 är
644 307 71 27 gifvet
730 309 33 20 att
779 308 89 21 försum-

111 342 64 21 melse
197 343 34 20 att
254 342 45 21 låta
317 342 35 27 sig
374 341 117 28 behörigen
511 341 167 22 mantalskrifva
693 342 118 27 ingalunda
825 343 45 21 kan

110 376 105 27 åberopas
230 382 45 16 som
291 376 48 22 skäl
354 376 33 22 till
402 376 100 22 befrielse
518 376 51 22 från
584 376 242 28 kommunalutskylder.

179 410 12 29 8
214 414 26 18 82
259 411 7 21 i
285 411 41 21 den
341 410 51 22 nåd.
408 410 161 28 propositionen
584 411 130 21 bestämmer
736 410 87 22 hvilken
839 411 30 22 in-

110 446 72 21 komst
197 446 39 21 bör
251 445 144 21 underkastas
410 445 122 21 kommunal
547 444 142 28 beskattning
711 445 40 21 och
773 445 97 22 ansluter

108 480 36 27 sig
159 480 77 22 dervid
251 480 28 26 på
298 480 37 20 det
349 481 109 20 närmaste
477 479 33 21 till
531 479 6 28 &
554 481 26 19 55
597 479 6 21 i
619 478 154 29 förordningen
789 479 24 22 af
827 480 42 22 den

111 517 12 19 8
139 514 120 22 December
275 515 54 20 1873
345 513 114 27 angäende
475 513 257 28 kommunalförvaltning
747 514 8 21 i
767 514 56 27 stad,
834 514 34 22 sä-

110 549 43 21 dan
169 549 41 21 den
225 548 61 27 lyder
301 548 7 21 i
322 548 22 21 k.
359 548 16 21 f.
391 548 41 21 den
449 550 24 19 15
490 548 95 27 Augusti
602 550 62 19 1883.
693 548 77 21 Redan
780 548 7 21 i
799 548 70 22 denna

110 583 223 22 ofverensstämmelse
355 583 69 22 finner
439 583 115 22 Utskottet
572 585 33 20 ett
627 585 65 25 tungt
707 583 99 28 vägande
821 583 48 22 skäl

111 617 34 22 för
167 618 161 27 godkännande
351 617 24 22 af
389 617 128 22 hithörande
535 617 144 28 stadganden,
695 619 52 20 enär
762 617 108 22 allmänna

111 652 178 22 skattereformer
304 652 34 22 för
353 652 115 21 framtiden
483 652 138 21 underlättas
631 658 76 21 genom
718 651 151 23 fastställande

111 686 25 22 af
156 687 115 22 enahanda
293 687 94 27 grunder
409 686 34 22 för
465 686 170 27 beskattningen
657 686 7 21 i
683 686 102 22 städerna
800 687 40 21 och
855 687 14 20 å

110 721 157 28 landsbygden.
297 721 81 22 Härtill
400 721 101 27 kommer,
526 723 33 20 att
582 721 125 22 Utskottets
729 721 70 22 flertal
821 721 48 22 icke

109 756 84 21 kunnat
207 755 92 22 tillmäta
309 755 197 28 anmärkningarne
516 757 45 20 mot
570 755 145 22 förevarande
724 755 13 28 8
747 755 7 22 i
765 755 41 22 den
817 755 51 22 nåd.

109 790 158 27 propositionen
283 791 71 26 någon
369 789 119 28 afgörande
503 790 119 27 betydelse.

178 825 34 21 En
241 825 25 21 af
287 825 63 21 dessa
373 825 169 27 anmärkningar
565 825 68 27 gäller
655 824 101 21 förbudet
777 825 34 20 att
833 823 37 22 vid

111 859 127 28 taxeringen
255 859 24 22 af
292 859 121 22 inkomsten
428 861 54 25 göra
497 859 80 27 afdrag
596 859 35 21 för
645 861 64 19 ränta
725 859 12 21 å
753 858 117 22 intecknad

112 893 64 22 skuld
191 893 53 22 eller
259 893 95 28 sytning.
377 893 75 22 Redan
469 893 37 22 vid
523 895 55 20 1882
595 893 35 22 års
645 893 112 27 landtdag,
768 892 28 22 dä
807 893 63 21 Stän-

111 927 66 22 derna
200 929 79 26 antogo
304 927 26 22 de
345 927 131 22 förändrade
491 927 164 28 bestämningar
670 927 91 21 rörande
776 927 94 21 kommu-

111 961 200 28 nalförvaltningen
327 961 7 22 i
349 961 109 27 städerna,
474 962 76 21 hvilka
565 961 122 22 sedermera
701 961 8 21 i
723 961 21 22 k.
759 961 15 21 f.
791 961 41 21 den
843 963 25 19 15

110 996 94 28 Augusti
230 998 54 19 1883
307 996 77 21 vunnit
406 996 130 28 öfverhetlig
558 996 108 27 sanktion,
689 995 108 22 uttalades
813 995 56 22 inom

110 1031 210 27 Representationen
343 1031 124 21 diametralt
490 1033 105 20 motsatta
614 1030 83 28 åsigter
713 1030 77 27 derom,
806 1030 55 21 huru

110 1065 51 22 vida
184 1067 64 20 ränta
272 1066 13 21 å
309 1065 63 22 skuld
394 1065 57 28 finge
466 1065 38 22 vid
518 1065 133 22 inkomstens
666 1064 157 28 uppskattning
838 1064 32 22 af-

111 1100 89 27 dragas.
230 1100 65 21 Först
311 1099 56 22 efter
382 1099 209 28 sammanjemkning
606 1099 78 22 mellan
698 1099 103 22 ståndens
811 1099 59 28 skilj-

110 1134 77 28 aktiga
211 1134 70 22 beslut
303 1134 104 22 förenade
429 1134 34 28 sig
486 1134 123 22 Ständerna
627 1140 33 15 om
675 1140 29 15 nu
719 1133 101 28 gällande
835 1133 35 22 be-

110 1168 119 29 stämning,
245 1171 34 19 att
294 1168 79 28 afdrag
387 1169 58 27 finge
459 1169 40 21 ske
514 1168 35 22 för
563 1168 136 28 ointecknad,
716 1174 47 16 men
778 1168 49 22 icke
836 1168 35 21 för

110 1203 121 22 intecknad
253 1203 58 27 gäld.
341 1203 51 21 Med
414 1203 118 22 afvikande
554 1202 49 22 från
627 1202 41 22 den
686 1202 123 28 grundsats,
825 1208 45 16 som

110 1238 93 21 sålunda
226 1237 107 22 faststälts
356 1238 34 21 för
408 1238 252 27 kommunaltaxeringen
676 1237 7 21 i
698 1236 50 22 stad
763 1236 38 22 och
816 1236 54 22 hvil-

109 1272 43 21 ken
173 1272 81 26 jemväl
277 1272 7 20 i
306 1278 29 15 nu
357 1271 151 28 föreliggande
531 1272 49 21 nåd.
603 1271 132 27 proposition
750 1270 120 28 upptagits,

111 1306 40 21 har
166 1306 138 27 majoriteten
324 1306 56 22 inom
395 1305 363 28 kommunalförfattningskomitén
773 1305 47 21 icke
835 1312 35 15 ve-

110 1340 32 22 lat
156 1339 104 29 förvägra
275 1340 149 28 skattskyldig
439 1347 78 21 person
532 1340 107 28 rättighet
655 1342 34 20 att
703 1340 36 21 vid
751 1340 40 21 den
801 1339 70 21 skatt-

110 1375 54 21 bara
180 1374 132 22 inkomstens
327 1375 162 22 bestämmande
505 1377 54 26 göra
569 1375 79 27 afdrag
659 1375 34 21 för
702 1376 64 20 ränta
776 1374 13 21 å
799 1373 70 27 skuld,

111 1409 120 22 oberoende
255 1409 63 22 deraf
338 1416 33 15 om
394 1410 71 21 denna
487 1412 25 19 är
533 1409 118 22 intecknad
673 1408 52 22 eller
747 1408 54 22 icke.
831 1408 40 22 Ut

179 1448 207 19 Kommunalutskottets
398 1449 112 18 betänkande
522 1448 35 19 N:o
569 1450 16 17 1.

884 409 28 23 82
927 410 23 29 8.
