1109 1700
335 154 29 22 U.
380 154 26 22 B.
422 166 29 2 —
465 153 74 27 Prop.
556 152 40 22 N:o
612 152 21 22 6.
838 153 26 19 35

106 224 102 22 afseende
223 223 136 22 oförändrad.
390 222 65 22 Hvad
471 222 97 21 deremot
591 220 104 22 beträffar
710 221 83 22 antalet
808 221 58 22 leda-

106 261 69 19 möter
190 258 7 22 i
212 257 236 25 kommunalnämnden,
465 256 69 22 håller
550 256 115 21 Utskottet
679 254 47 22 före
734 257 33 20 att
775 256 89 21 minimi-

106 294 85 21 antalet
205 293 43 21 fem
263 294 25 20 är
302 292 34 21 för
351 292 54 26 högt
420 291 39 21 och
474 290 119 27 lämpligen
608 290 44 21 kan
663 290 111 21 nedsättas
783 290 34 21 till
824 292 40 25 tre,

108 328 89 22 emedan
212 327 8 21 i
235 327 74 21 landet
324 326 68 22 finnas
411 326 45 21 små
475 326 132 25 kommuner,
623 324 8 22 i
646 324 75 22 hvilka
735 324 130 22 kommunal-

108 362 118 22 nämndens
242 361 131 27 åligganden
396 360 35 22 väl
455 360 73 21 kunna
546 359 106 27 fullgöras
675 358 25 22 af
721 359 76 21 endast
819 358 49 22 sist-

108 396 94 22 nämnda
224 396 61 21 antal
307 395 124 27 ledamöter,
455 397 58 19 utom
540 393 146 22 ordföranden
710 394 39 21 och
771 393 97 22 viceord-

109 432 112 21 föranden.

177 466 78 27 Enligt
271 468 10 18 1
298 472 61 14 mom.
375 466 26 20 66
419 466 12 25 $
447 464 7 21 i
470 464 50 22 nåd.
537 464 161 27 propositionen
713 464 75 27 skulle,
799 463 66 21 bland
880 463 27 24 66
924 462 22 28 $.

110 501 73 27 andre,
203 500 40 22 den
260 500 86 21 hvilken
362 502 24 19 är
401 499 34 21 för
450 499 33 21 sin
499 498 126 28 befattning
647 498 88 28 skyldig
757 500 33 20 att
812 498 57 21 inför

109 534 229 23 kommunalnämnden
353 534 106 26 redovisa,
475 540 54 15 vara
549 533 90 22 ovalbar
653 533 33 21 till
702 532 89 22 medlem
815 532 53 22 eller

110 570 115 26 suppleant
240 569 7 22 i
262 569 113 22 nämnden.
405 569 77 21 Denna
505 568 138 27 bestämning
665 568 82 21 lemnar
769 574 46 15 rum
834 567 35 22 för

111 604 152 21 missförstånd
277 604 7 21 i
299 606 80 20 tvänne
395 603 129 28 riktningar.
555 596 24 28 Å
595 609 42 16 ena
659 603 62 21 sidan
743 602 72 21 kunde
831 608 37 15 an-

112 641 63 25 tagas
191 640 34 20 att
240 638 131 28 stadeandet
387 638 76 27 afsäge
486 638 37 21 det
543 637 83 28 jemväl
648 643 108 21 personer,
772 636 75 22 hvilka
862 636 8 21 i

112 673 110 28 egenskap
239 673 24 21 af
275 673 136 22 medlemmar
427 673 6 20 i
449 673 128 21 kommunen
600 671 44 22 fått
667 671 34 28 sig
723 671 100 22 ähvälfdt
838 672 33 20 ett

112 707 229 28 förtroendeuppdrag,
358 707 75 27 skulle,
448 707 57 21 blott
521 707 88 21 dermed
624 713 51 15 vore
691 706 90 21 förenad
803 706 70 27 nägot

113 743 58 27 slags
187 741 281 28 redovisningsskyldighet,
485 748 63 15 anses
564 741 133 27 utestängda
712 741 48 21 frän
771 740 102 21 medlem-

113 777 54 26 skap
183 777 7 20 i
205 776 236 27 kommunalnämnden;
466 777 13 20 &
503 776 70 22 andra
588 776 62 21 sidan
666 776 49 21 äter
730 777 33 20 att
778 775 94 21 kommu-

114 811 50 21 nala
179 811 155 26 funktionärer,
350 811 75 21 hvilka
439 811 34 20 för
487 811 49 21 sina
543 810 152 27 befattningar
702 809 105 28 redogöra
816 809 56 22 inför

115 852 71 15 annan
201 845 91 27 styrelse
307 847 28 19 än
345 845 236 27 kommunalnämnden,
598 847 15 19 t.
623 851 32 15 ex.
664 843 58 22 inför
732 843 142 28 fattigvärds-

114 880 112 27 styrelsen,
243 879 48 22 icke
306 879 101 22 träffades
423 878 24 22 af
461 878 108 23 förbudet.
600 879 115 21 Utskottet
730 885 63 15 anser
815 878 55 21 dock

115 913 114 22 omordade
244 914 136 27 bestämning
395 913 46 22 afse
460 913 78 22 endast
560 913 83 22 sädana
666 919 106 21 personer,
797 912 75 22 hvilka

116 950 36 19 äro
169 948 72 21 direkt
263 948 100 21 anstälda
378 948 6 21 i
400 948 139 21 kommunens
555 948 68 27 tjenst
638 948 39 21 och
693 947 33 22 för
740 947 33 22 sin
793 946 82 23 befatt-

115 983 53 26 ning
183 983 51 21 redo
249 982 101 28 skyldiga
365 982 57 21 inför
430 982 257 27 kommunalmyndighet,
697 988 47 15 men
753 981 119 28 ingalunda

117 1017 54 26 dem,
186 1023 44 15 som
246 1017 117 22 innehafva
378 1023 26 15 en
422 1017 123 22 kommunal
563 1017 180 27 förtroendepost,
762 1016 65 22 äfven
843 1022 33 15 om

118 1051 122 22 densamma
263 1057 50 16 vore
336 1051 79 27 åtföljd
438 1051 25 22 af
481 1052 73 27 någon
577 1051 139 28 godtgörelse
731 1051 52 22 eller
800 1051 77 21 under-

116 1085 81 22 kastad
211 1085 216 28 redovisningspligt;
443 1086 40 21 och
498 1086 40 21 har
553 1086 114 21 Utskottet
677 1085 74 28 förty
745 1081 12 36 i
762 1085 110 22 öfverens-

116 1120 122 22 stämmelse
253 1120 48 22 med
317 1120 96 27 antydda
435 1119 142 29 uppfattning
599 1119 132 29 förtydligat
753 1121 118 20 momentet

119 1167 25 2 —
160 1155 110 27 Derjemte
285 1155 40 21 har
339 1154 114 22 Utskottet
469 1155 34 21 till
519 1155 71 21 denna
606 1156 13 25 &
635 1154 136 28 öfverflyttat
787 1156 11 19 1
813 1160 63 16 mom-

118 1188 24 22 af
156 1190 13 25 $
185 1191 34 25 67,
235 1189 68 21 såsom
320 1189 83 27 egande
419 1191 109 19 närmaste
544 1189 157 27 sammanhang
716 1189 47 21 med
785 1189 94 21 bestäm-

118 1223 107 27 ningarna
240 1223 7 21 i
263 1224 12 25 $
292 1225 33 24 66,
341 1223 37 22 vid
393 1223 84 22 hvilket
495 1223 137 22 förhållande
657 1226 8 18 1
691 1229 61 15 mom.
768 1222 24 22 af
806 1222 70 23 denna

118 1258 13 25 &
144 1257 81 27 jemväl
241 1257 6 21 i
263 1256 67 28 öfrigt
345 1257 120 28 undergätt
481 1264 27 16 en
524 1257 83 22 mindre
623 1257 180 27 omformulering.

187 1292 47 20 Mot
248 1292 131 27 stadgandet
394 1292 7 21 i
418 1293 12 25 &
447 1294 26 19 69
491 1292 72 22 derom
579 1294 33 20 att
627 1294 60 25 prest
702 1292 8 21 i
723 1291 154 29 församlingen

119 1332 52 21 eger
185 1326 90 27 deltaga
289 1326 8 22 i
311 1326 242 22 kommunalnämndens
568 1326 166 28 förhandlingar
757 1326 38 22 och
810 1326 72 22 beslut

118 1360 8 22 i
141 1360 142 28 fattigvärds-
293 1361 39 21 och
347 1361 181 27 folkskolefrägor
542 1362 41 20 har
593 1362 118 26 anmärkts,
723 1363 44 21 dels
778 1362 33 21 att
820 1364 60 24 prest

118 1395 117 27 rätteligen
251 1395 66 22 borde
330 1396 73 21 kunna
419 1395 78 22 endast
512 1395 8 21 i
529 1395 214 23 kommunalnämnäs
754 1395 122 28 öfverlägg-

119 1429 84 27 ningar,
219 1436 48 14 men
282 1429 48 22 icke
344 1430 7 21 i
367 1430 48 21 dess
431 1430 71 21 beslut
518 1430 95 27 deltaga,
629 1431 46 21 dels
690 1431 39 21 ock
745 1432 33 20 att
787 1430 93 22 bestäm-

188 1468 207 19 Kommunalutskottets
407 1469 113 18 betänkande
532 1469 35 19 N:o
579 1471 16 17 1.

894 1292 26 23 69
937 1292 22 29 8.
