1109 1700
335 142 28 22 U.
379 143 28 21 B.
423 155 28 2 —
466 142 74 27 Prop.
556 142 43 22 N:o
615 143 22 21 6.
839 145 27 20 41

107 212 43 21 kan
166 217 63 16 anses
244 213 108 19 motsvara
367 210 120 28 utgifterna
502 210 34 22 för
552 211 27 21 de
589 211 172 27 nödvändigaste
769 212 98 22 lefnads-

107 246 112 21 behofven.
250 246 55 20 Nåd.
327 245 160 27 propositionen
509 246 40 20 har
564 246 77 21 härvid
657 245 34 21 för
706 246 123 23 fixerandet
844 246 25 22 af

108 280 40 22 den
164 280 99 27 inkomst,
279 286 44 15 som
338 280 66 21 borde
419 282 110 20 motsvara
544 282 33 19 ett
593 280 104 27 skattöre,
714 281 98 26 uppstält
825 283 41 19 100

108 315 61 21 mark
184 315 69 21 såsom
269 314 88 22 minimi-
373 314 39 22 och
428 316 41 20 200
486 315 61 21 mark
565 315 70 21 såsom
654 314 159 28 maximigräns,
829 315 38 22 vid

108 349 83 21 hvilket
206 348 134 22 förhållande
356 349 41 21 den
413 348 79 22 minsta
507 348 100 28 inkomst,
621 355 44 15 som
676 348 57 28 finge
745 349 120 26 beskattas,

108 383 68 21 skulle
198 385 78 26 utgöra
299 385 40 20 200
355 384 68 26 mark,
436 383 68 27 jemte
520 383 38 21 det
574 382 202 23 existensminimum
791 384 75 21 kunde

108 418 61 27 höjas
184 418 33 22 till
232 420 41 20 400
290 418 66 22 mark.
377 418 180 27 Minimigränsen
573 424 63 15 anser
651 418 124 21 Utskottets
788 417 77 25 flertal,

108 452 47 22 med
179 452 100 22 afseende
302 453 13 21 å
337 452 193 22 lefnadsvilkorens
554 452 100 27 billighet
676 452 13 21 å
708 458 26 15 en
751 452 34 21 del
801 454 64 24 orter,

108 489 109 20 motsvara
233 486 131 27 ändamålet;
380 486 112 22 hvaremot
507 486 120 27 Utskottet,
644 486 57 22 hvad
716 486 151 28 maximigrän-

108 527 36 16 sen
167 520 108 28 beträffar,
299 521 68 21 håller
382 520 52 28 före,
451 523 34 19 att
501 521 65 21 ofvan
582 520 127 22 framstälda
724 521 142 27 synpunkter,

107 556 8 21 i
130 555 107 22 anseende
253 555 33 22 till
302 555 25 22 de
343 555 47 22 vidt
405 555 70 22 skilda
491 555 166 22 förhållandena
672 555 7 22 i
695 555 57 22 olika
768 555 60 22 delar
843 554 25 22 af

107 590 80 25 landet,
211 590 47 21 icke
276 590 72 21 kunna
363 590 132 27 tillbörligen
511 591 99 26 beaktas,
627 596 32 16 om
675 591 20 27 ej
712 591 70 21 denna
797 592 67 25 gräns

107 624 60 27 höjes
183 624 32 21 till
233 626 40 19 300
289 625 67 21 mark.

177 659 40 21 Att
231 659 248 27 kommunaltaxeringen
495 659 39 21 bör
549 658 99 29 försiggå
663 659 37 22 vid
715 659 66 22 slutet
793 659 25 22 af
828 659 37 22 det

108 693 26 21 år
148 693 128 28 taxeringen
292 693 57 22 afser
369 695 88 26 utsäges
473 693 128 28 visserligen
617 694 18 27 ej
654 693 71 22 direkt
740 694 7 21 i
763 694 103 27 gällande

108 727 130 28 förordning,
253 734 48 15 men
315 727 97 28 framgår
427 727 25 22 af
465 728 134 27 stadgandet
613 730 34 19 att
657 728 207 27 taxeringslängden

107 761 55 22 skall
177 761 142 22 underkastas
335 762 134 27 granskning
477 762 36 22 vid
530 762 213 21 kommunalstämma
756 762 7 21 i
774 762 90 21 Decem-

107 796 39 21 ber
167 796 86 21 månad.
283 797 11 20 I
313 798 26 19 80
355 798 12 26 &
383 796 24 21 af
420 797 49 20 nåd.
486 796 160 27 propositionen
662 796 141 22 föreskrifves
819 797 47 21 der-

108 832 56 19 emot
179 830 146 28 uttryckligen
341 833 33 19 att
384 831 152 27 ifrågakomna
544 831 133 27 förrättning
685 831 55 21 skall
750 831 36 22 vid
795 831 70 27 sagda

107 864 102 27 tidpunkt
232 865 134 21 verkställas.
396 865 77 22 Denna
495 865 122 28 anordning
640 865 39 22 har
694 865 171 27 uppenbarligen

106 898 34 22 till
162 899 101 21 ändamål
278 901 33 20 att
327 900 51 21 ernå
394 899 41 22 den
450 900 115 27 praktiska
580 899 97 22 fördelen
693 899 24 22 af
730 899 134 22 kommunal-

107 933 151 28 utskyldernas
273 934 97 27 uppbörd
385 934 7 21 i
407 935 43 26 god
466 935 32 21 tid
514 935 38 21 det
567 934 96 28 följande
679 935 54 26 året,
750 934 34 21 för
799 934 66 21 hvars

107 967 66 22 behof
193 967 26 22 de
241 970 37 19 äro
301 968 96 22 afsedda.
427 969 50 21 Men
500 969 166 27 bestämningen
686 971 33 19 att
734 969 131 26 taxeringen

107 1002 39 21 bör
168 1002 103 22 förrättas
294 1003 67 21 redan
383 1003 46 22 före
451 1003 67 22 slutet
541 1003 25 22 af
587 1003 36 22 det
645 1004 31 25 år,
691 1003 65 22 hvars
771 1003 95 21 inkomst

106 1037 56 21 skall
184 1038 92 26 taxeras,
296 1037 89 22 innebär
400 1037 69 28 enligt
484 1038 127 21 Utskottets
627 1038 68 21 tanke
711 1044 26 15 en
753 1037 112 28 principiel

108 1071 152 28 oegentlighet,
276 1072 39 21 och
331 1072 63 21 deraf
407 1073 73 20 kunna
493 1072 81 27 jemväl
589 1072 124 22 förorsakas
725 1072 140 27 olägenheter

108 1106 37 21 och
160 1106 117 21 orättvisor
292 1106 25 21 af
329 1106 69 21 sådan
413 1108 34 19 art
463 1108 34 20 att
512 1106 114 22 Utskottet
641 1107 83 26 nödgas
733 1106 132 21 härutinnan

107 1140 86 22 förorda
209 1140 98 28 ändring.
337 1141 44 21 Det
395 1140 71 28 ligger
481 1141 109 27 nämligen
606 1140 7 22 i
629 1143 69 25 öppen
714 1140 43 28 dag
772 1142 34 20 att
817 1140 48 22 icke

107 1180 37 16 ens
160 1174 41 22 den
216 1175 171 27 skattdragande
403 1175 52 27 sjelf
468 1176 44 21 kan
528 1175 46 22 före
590 1176 59 21 årets
664 1176 85 26 utgång
761 1174 104 22 tillförlit-

106 1209 58 27 ligen
180 1210 97 21 beräkna
291 1210 48 21 sina
353 1210 118 22 inkomster
486 1210 34 22 för
536 1210 54 27 året,
607 1210 39 21 och
657 1212 57 19 ännu
725 1208 82 22 mindre
819 1209 44 21 kan

106 1244 61 21 detta
189 1250 54 15 vara
258 1244 83 28 möjligt
356 1244 34 22 för
405 1245 72 27 någon
493 1251 78 15 annan.
603 1244 118 27 Tillfälliga
737 1244 127 26 inkomster,

106 1278 75 21 hvilka
200 1278 41 21 den
263 1278 160 28 skattskyldige
445 1279 73 21 kunde
536 1278 24 22 få
575 1278 56 22 efter
646 1278 60 22 tiden
721 1278 34 22 för
770 1277 95 22 taxerin-

106 1318 52 21 gens
174 1312 141 28 förrättande,
331 1313 69 21 skulle
415 1313 78 21 härvid
508 1312 104 22 förblifva
627 1312 149 22 obeskattade.
805 1311 59 27 Följ-

106 1346 41 22 den
170 1346 25 22 af
215 1346 37 22 det
274 1347 125 22 nuvarande
417 1347 194 27 förfaringssättet,
629 1347 28 21 då
673 1346 73 28 praxis
761 1346 105 26 mången-

105 1380 73 22 städes
193 1382 112 21 utvecklat
319 1382 35 27 sig
369 1382 87 27 derhän,
473 1384 34 20 att
522 1382 129 27 taxeringen
667 1381 117 22 verkstälts
796 1379 69 22 redan

104 1416 8 20 i
127 1415 102 26 Oktober,
246 1416 40 21 har
301 1416 65 22 också
381 1416 58 22 varit
454 1416 48 26 den,
520 1417 34 20 att
570 1416 104 27 antingen
691 1422 26 15 en
733 1415 34 21 del
783 1413 26 22 af
823 1414 41 22 den

174 1455 207 18 Kommunalutskottets
393 1456 113 17 betänkande
517 1455 35 19 N:o
565 1456 15 17 1.
