1109 1700
159 1216 29 22 83
204 1216 22 29 8.

237 153 27 20 46
467 150 28 22 U.
511 150 28 22 B.
556 164 27 2 —
599 150 73 28 Prop.
688 150 42 22 N:o
745 150 20 22 6.

237 226 49 15 men
309 219 70 22 denna
401 220 105 27 trygghet
520 219 35 22 för
571 220 39 21 den
628 220 98 21 enskilde
741 222 117 25 uppväges,
876 220 68 27 enligt
959 221 40 21 Ut-

237 254 94 22 skottets
347 253 144 28 förmenande,
504 254 121 28 mångfaldt
636 254 25 21 af
670 254 41 22 den
722 254 111 27 orättvisa,
846 256 33 20 att
889 254 111 28 tillfälliga

239 288 52 22 eller
313 288 82 22 mindre
417 289 143 27 regelbundet
583 289 177 21 återkommande
782 289 125 27 inkomster,
924 290 73 21 hvilka

239 322 52 28 ofta,
315 325 14 19 t.
345 329 32 15 ex.
401 323 28 21 då
445 323 26 21 de
486 323 91 21 härleda
592 323 35 27 sig
642 322 49 22 från
706 323 202 28 skogsförsäljning,
926 324 74 21 kunna

239 364 54 15 vara
307 358 65 26 högst
387 357 129 27 betydande,
532 358 84 20 komme
632 359 34 19 att
681 358 74 26 undgå
770 358 122 21 kommunal
903 358 96 22 beskatt-

239 392 58 26 ning.
328 391 35 21 En
385 392 166 27 omständighet,
575 398 44 15 som
642 392 48 21 icke
713 392 67 21 heller
802 391 36 22 får
858 392 100 27 förbises,
974 395 26 19 är

239 428 34 19 att
288 432 77 20 genom
380 432 26 15 en
421 426 24 21 så
461 426 112 21 beskaffad
589 426 142 27 beskattning
747 428 32 19 ett
790 425 72 29 afsteg
875 428 63 26 göres
949 427 49 21 från

239 460 42 22 den
296 460 122 27 grundsats,
435 461 28 26 på
478 460 88 22 hvilken
581 460 48 22 icke
645 460 56 22 blott
716 462 13 25 $
745 463 34 25 82,
791 463 52 19 utan
855 460 64 23 äfven
931 461 68 21 andra

239 494 136 27 stadganden
391 495 6 20 i
413 494 157 28 författningen
586 494 65 26 hvila,
667 494 108 28 nämligen
791 497 34 19 att
836 495 36 21 det
883 497 24 19 är
918 495 80 22 inkom-

239 531 54 22 sten,
309 534 44 16 som
369 528 55 22 skall
439 529 120 21 beskattas.
582 528 79 22 Derför
677 530 40 20 har
731 529 94 21 flertalet
841 529 25 21 af
874 530 124 22 Utskottets

240 563 137 22 medlemmar
399 562 63 23 äfven
477 565 111 26 gentemot
604 563 61 22 detta
680 563 82 28 förslag
778 564 97 21 förhållit
890 564 34 28 sig
940 564 60 23 afbö-

237 597 74 28 jande.

310 632 33 21 Då
359 632 113 21 Utskottet
486 632 28 27 pä
530 632 40 21 här
585 631 92 22 auförda
692 633 95 27 grunder
802 633 7 21 i
825 633 39 21 allt
879 634 119 27 väsentligt

240 666 91 22 anslutit
351 667 34 26 sig
407 666 33 21 till
463 667 40 21 den
526 666 50 21 nåd.
599 667 172 26 propositionens
793 667 136 28 stadganden
944 668 7 21 i
967 668 30 21 fö-

239 701 120 22 revarande
382 700 18 29 &,
417 701 40 21 har
472 701 54 21 dock
548 701 7 20 i
573 702 9 19 1
601 707 61 15 mom.
677 701 92 28 intagits
785 703 32 20 ett
835 701 163 28 förtydligande

239 735 85 28 tillägg,
347 735 25 22 af
391 735 101 26 innehäll,
516 737 33 20 att
572 735 37 22 vid
631 736 186 27 uppskattningen
833 736 25 21 af
871 736 127 28 afkastning

239 769 50 22 från
304 770 158 21 kronoboställe
477 769 79 28 afdrag
571 769 48 22 icke
634 770 58 27 finge
707 772 64 25 göras
787 769 34 22 för
829 770 37 22 det
875 770 33 22 till
916 771 82 21 kronan

239 804 84 22 utfästa
344 805 105 21 arrendet.
480 804 151 27 Anledningen
654 805 34 20 till
711 805 61 21 detta
794 805 79 27 tillägg
895 807 25 19 är
935 806 63 25 att,
988 800 15 36 i

239 839 39 21 fall
301 839 90 21 arrende
413 838 34 22 för
462 839 159 21 kronoboställe
637 839 58 27 finge
711 838 103 28 afdragas
829 839 49 21 frän
896 839 101 22 arrenda-

240 875 44 20 tors
306 873 94 22 inkomst
417 873 24 22 af
455 873 136 28 lägenheten,
609 873 41 22 den
666 873 34 22 del
716 873 25 22 af
753 873 69 22 sädan
838 873 112 28 lägenhets
966 874 30 21 af-

240 907 109 28 kastning,
365 914 45 15 som
425 909 120 20 motsvarar
561 908 108 26 arrendet,
689 908 74 21 städse
778 908 83 21 komme
877 910 33 19 att
925 908 73 27 undgå

240 942 271 27 kommunalbeskattning,
527 942 28 21 dä
571 942 90 27 kronan,
677 949 44 14 som
737 943 84 26 uppbär
831 942 106 24 arrendet,
949 942 47 22 der-

239 976 35 21 för
289 976 48 22 icke
357 976 100 27 erlägger
471 977 72 26 nägon
559 977 67 26 skatt,
643 977 112 21 hvaremot
770 977 91 21 arrende
876 976 34 21 för
924 977 73 26 lägen-

240 1011 43 27 het,
307 1017 44 15 som
373 1013 25 19 är
419 1011 8 20 i
450 1011 83 21 enskild
556 1017 41 21 ego
612 1011 53 21 eller
677 1011 74 22 tillhör
766 1011 141 27 beskattning
922 1011 77 21 under-

240 1045 80 22 kastad
341 1045 128 27 inrättning,
491 1047 87 20 taxeras
601 1045 70 21 säsom
693 1045 94 22 inkomst
804 1045 7 21 i
827 1051 91 21 egarens
933 1045 64 21 hand.

239 1080 79 27 Någon
333 1081 58 20 orätt
406 1079 129 28 tillskyndas
550 1079 126 28 härigenom
686 1079 49 22 icke
745 1079 250 28 boställsinnehafvaren,

241 1117 52 19 enär
315 1115 42 21 han
381 1114 64 22 äfven
468 1114 68 28 enligt
554 1114 127 22 nuvarande
697 1114 162 28 bestämningar
874 1116 25 20 är
913 1115 89 27 skyldig

241 1151 39 25 att,
296 1151 53 19 utan
365 1148 78 28 afdrag
459 1148 25 22 af
497 1149 195 27 arrendesumman,
709 1155 93 16 ansvara
814 1149 34 21 för
858 1149 141 27 lägenhetens

240 1184 137 21 kommunala
391 1183 92 27 utlagor.

311 1218 214 27 Taxeringslängden
548 1218 57 21 skall
627 1218 70 27 enligt
712 1220 26 19 83
754 1218 13 26 $&
783 1218 7 21 i
805 1218 50 21 nåd.
874 1217 126 27 propositio-

241 1258 42 15 nen
297 1254 98 25 upptaga
411 1252 37 22 det
463 1252 59 21 antal
537 1252 121 27 skattören,
674 1258 44 16 som
734 1252 41 22 den
790 1252 160 27 skattskyldige
962 1252 38 26 på-

240 1286 62 26 förts,
317 1292 47 16 men
380 1286 37 22 det
432 1286 178 28 inkomstbelopp,
622 1293 44 15 som
679 1286 70 28 ligger
760 1286 33 22 till
805 1286 71 28 grund
886 1286 34 21 för
931 1286 69 21 skatt-

241 1320 99 27 öretalet,
363 1320 103 22 behöfver
485 1320 47 22 icke
548 1328 55 15 vara
618 1321 39 21 der
671 1323 77 19 utsatt.
778 1321 35 21 Då
828 1320 120 22 emellertid
964 1320 36 22 det

241 1354 119 28 viktigaste
375 1354 34 22 för
425 1355 41 21 den
481 1355 176 27 skattdragande
671 1357 25 19 är
711 1357 34 20 att
760 1355 7 21 i
783 1355 94 27 längden
892 1354 24 22 få
929 1361 23 15 se
965 1354 36 22 det

241 1390 77 26 belopp
341 1389 24 21 af
386 1389 57 22 olika
466 1390 59 27 slags
547 1390 100 26 inkomst,
671 1390 33 21 för
719 1390 85 22 hvilket
818 1390 44 21 han
877 1388 72 22 blifvit
964 1389 36 21 be-

240 1424 96 27 skattad,
359 1424 76 27 tyckes
459 1424 36 22 det
510 1424 115 22 Utskottet
641 1430 53 16 vara
710 1424 25 22 af
747 1424 71 22 nöden
834 1426 34 19 att
885 1423 7 21 i
910 1425 9 19 1
939 1430 60 15 mom.

310 1464 208 18 Kommunalutskottets
530 1464 112 18 betänkande
653 1464 35 18 N:o
701 1465 15 17 1.
