1109 1700
353 132 28 23 U.
397 132 28 22 B.
441 144 27 4 —
485 132 73 28 Prop.
574 132 43 22 N:o
632 133 22 21 6.
858 136 26 19 39

124 207 46 21 gar,
193 207 48 15 men
264 200 47 22 icke
334 200 34 22 för
390 200 118 22 nämndens
530 200 136 28 förvaltning
688 201 7 21 i
718 200 73 28 öfrigt.
821 202 64 22 Dess-

124 237 58 20 utom
208 237 24 19 är
255 235 148 27 ordalydelsen
425 235 76 27 sådan,
523 237 34 19 att
576 235 170 27 ansvarigheten
760 236 44 22 kan
819 242 65 22 synas

124 270 29 27 gå
169 270 76 26 längre
261 271 27 19 än
303 271 45 19 rätt
363 269 39 21 och
417 269 73 27 billigt
506 271 30 19 är.
559 269 51 21 Med
622 269 103 22 afseende
735 270 59 28 härå,
805 271 40 21 och
856 270 28 22 då

127 303 134 28 Strafflagen
276 304 120 21 innehåller
411 303 50 21 fullt
475 303 134 28 tillräckliga
624 304 163 27 bestämningar
801 304 29 28 (2:
848 307 36 25 12;

125 341 19 19 9:
162 341 19 23 1,
198 340 19 23 2,
233 340 22 25 4;
271 340 27 19 40
313 337 67 29 kap.),
396 338 25 21 så
438 340 34 19 att
485 344 81 16 ansvar
575 338 40 21 och
626 338 259 28 ersättningsskyldighet

126 372 83 22 drabba
227 374 15 20 t.
258 379 19 15 o.
292 379 27 15 m.
335 372 46 26 den,
405 378 45 16 som
466 372 59 28 gjort
540 372 35 27 sig
590 372 88 28 skyldig
693 372 34 22 till
741 372 143 28 vårdslöshet,

124 407 148 21 försummelse
287 407 52 21 eller
353 406 144 28 oaktsamhet,
509 406 41 22 har
564 406 115 22 Utskottet
694 408 73 20 ansett
781 408 36 26 S:n
831 407 53 21 böra

125 441 159 23 omformuleras
305 441 32 27 så,
360 442 34 20 att
416 441 7 21 i
445 440 124 22 densamma
589 440 78 22 endast
682 441 101 22 hänvisas
798 441 33 22 till
847 441 37 22 all-

123 478 49 20 män
188 476 43 27 lag.

193 509 77 27 Enligt
291 509 58 22 hvad
372 509 94 22 motiven
489 509 33 21 till
538 509 38 21 det
591 509 231 28 författningsförslag,
838 516 44 16 som

125 544 72 28 ligger
211 544 34 21 till
261 544 70 27 grund
346 543 35 22 för
395 544 42 21 den
452 544 51 21 nåd.
519 544 167 27 propositionen,
696 544 29 27 på
734 546 45 20 sätt
788 544 8 22 i
805 544 76 29 början

128 579 24 21 af
173 579 61 21 detta
256 579 136 21 betänkande
416 578 48 28 (sid.
483 579 21 27 3)
528 578 139 28 framhållits,
683 585 40 21 ger
744 579 37 22 vid
795 579 87 22 handen

124 615 24 20 är
171 613 94 28 afsigten
288 613 47 22 med
351 613 26 22 de
392 613 8 21 i
415 613 31 21 VI
461 613 51 27 kap.
528 613 93 27 intagna
635 613 196 28 bestämningarna,
848 615 34 20 att

123 648 152 21 kommunerna
290 647 114 22 framdeles
419 647 58 28 finge
492 647 68 28 lägga
575 648 78 21 endast
669 648 26 21 de
709 647 173 28 skattskyldiges

124 682 94 22 inkomst
240 682 33 21 till
295 682 70 27 grund
387 681 34 22 för
443 682 130 27 taxeringen
596 682 39 21 och
651 684 34 20 att
700 682 41 22 den
757 683 68 27 enligt
840 682 41 21 för-

126 717 135 27 fattningens
277 716 162 28 bestämningar
453 717 148 26 uppskattade
609 717 132 22 inkomstens
751 717 81 22 storlek
842 717 40 21 bör

125 751 77 28 afgöra
224 751 106 22 huruvida
351 751 40 22 och
408 751 34 21 till
457 751 83 22 hvilket
556 751 77 27 belopp
649 751 135 22 kommunala
799 751 82 27 utskyl-

124 786 37 21 der
183 785 61 22 skola
266 784 24 22 af
311 785 41 22 den
375 785 102 22 taxerade
493 785 109 28 erläggas.
633 785 11 22 I
660 785 221 22 öfverensstämmelse

123 821 89 21 härmed
227 821 46 21 står
287 821 132 27 stadgandet
434 820 7 22 i
463 823 6 19 3
485 822 118 20 momentet
618 820 25 22 af
659 822 25 20 78
710 821 13 26 8
748 822 33 20 att
805 820 76 28 hvarje

127 855 89 22 medlem
233 855 24 21 af
269 855 127 22 kommunen
411 855 48 22 med
474 855 101 27 inkomst,
590 854 153 23 motsvarande
751 854 130 22 åtminstone

124 889 38 21 två
185 889 118 25 skattören,
326 889 57 22 skall
405 889 91 28 erlägga
515 889 114 28 utskylder
644 889 33 22 till
692 889 133 26 kommunen,
841 889 40 22 och

125 923 61 22 detta
201 923 97 27 sålunda,
321 925 34 20 att
371 923 41 22 den
427 923 66 22 hvars
508 923 95 22 inkomst
617 923 139 28 uppskattats
771 925 110 20 motsvara

124 958 38 21 två
185 957 119 26 skattören,
327 958 85 21 betalar
433 957 36 22 för
491 959 39 25 ett,
549 957 42 22 den
607 957 65 22 hvars
690 957 93 22 inkomst
799 958 83 21 ansetts

124 992 59 27 stiga
198 991 32 22 till
247 993 32 20 ett
295 991 84 28 belopp,
397 991 153 23 motsvarande
565 993 34 20 tre
614 992 119 27 skattören,
749 991 84 22 betalar
848 991 34 22 för

123 1027 46 26 två,
185 1032 48 16 men
249 1026 47 25 den,
311 1032 44 16 som
371 1027 39 21 har
425 1033 26 14 en
467 1026 100 27 inkomst,
583 1026 152 22 motsvarande
750 1026 48 27 fyra
813 1026 69 21 skatt-

124 1063 57 24 ören,
205 1061 33 22 för
260 1061 55 27 fyra,
337 1061 40 22 och
400 1061 47 27 den,
470 1061 89 22 hvilken
581 1061 41 22 har
643 1061 118 22 inkomster
783 1060 34 22 för
838 1060 42 22 fem

122 1096 119 26 skattören,
257 1095 34 22 för
305 1095 41 22 fem
363 1102 18 15 o.
397 1102 16 15 s.
430 1102 19 15 v.

192 1129 127 23 Emellertid
341 1130 40 22 har
399 1129 49 23 frän
464 1130 42 22 den
522 1130 101 28 gällande
638 1129 242 23 kommunalförordnin-

124 1170 53 22 gens
193 1167 28 19 54
236 1166 13 25 &
265 1164 44 22 fått
323 1164 8 22 i
347 1164 40 22 den
403 1164 50 22 nåd.
469 1164 172 28 propositionens
655 1164 226 28 författningsförslag

122 1199 76 27 inflyta
217 1200 69 26 nägra
301 1199 44 27 ord,
361 1205 45 16 som
421 1199 116 22 fördunkla
552 1199 72 22 denna
639 1199 95 27 mening:
751 1198 26 22 de
791 1198 8 22 i
814 1198 67 22 slutet

122 1233 25 21 af
169 1235 9 19 1
203 1235 115 20 momentet
339 1234 109 27 ingäende
470 1234 66 22 orden
556 1234 74 21 kunna
645 1233 114 28 nämligen,
775 1238 107 16 samman-

125 1267 72 22 stälda
219 1268 48 21 med
289 1268 77 28 början
381 1268 25 22 af
419 1268 70 28 tredje
504 1270 122 26 momentet,
643 1274 63 16 anses
721 1268 109 26 innebära,
847 1269 34 20 att

122 1301 36 22 vid
184 1301 130 28 afgörandet
335 1302 26 22 af
379 1302 86 28 frågan,
481 1302 108 22 huruvida
605 1308 26 16 en
647 1308 77 22 person
739 1302 39 21 bör
792 1300 88 28 påföras

123 1336 112 27 utskylder
257 1336 33 22 till
312 1337 127 22 kommunen
462 1337 53 22 eller
537 1336 55 27 icke,
615 1336 78 22 främst
714 1336 88 28 pröfvas
817 1336 63 26 skall,

122 1370 107 23 huruvida
251 1371 54 22 hans
327 1370 144 28 sjelfbestånd
493 1371 44 21 kan
561 1377 62 16 anses
646 1371 107 27 tryggadt
772 1370 39 22 och
826 1370 54 22 hans

123 1404 100 28 förmåga
245 1407 34 20 att
301 1405 7 22 i
330 1406 139 21 kommunens
492 1406 109 21 allmänna
624 1406 78 22 besvär
724 1405 88 27 deltaga
831 1404 50 22 fullt

189 1444 207 20 Kommunalutskottets
408 1446 112 17 betänkande
532 1445 35 19 N:o
579 1446 16 17 1.

898 510 27 23 78
941 511 22 29 8.
