<?xml version="1.0" encoding="UTF-8"?>
<alto xmlns="http://www.loc.gov/standards/alto/ns-v3#" xmlns:xlink="http://www.w3.org/1999/xlink" xmlns:xsi="http://www.w3.org/2001/XMLSchema-instance" xsi:schemaLocation="http://www.loc.gov/standards/alto/ns-v3# http://www.loc.gov/alto/v3/alto-3-0.xsd">
	<Description>
		<MeasurementUnit>pixel</MeasurementUnit>
		<sourceImageInformation>
			<fileName>/tmp/tess_6ea9pp_s_input.PNG</fileName>
		</sourceImageInformation>
		<OCRProcessing ID="OCR_0">
			<ocrProcessingStep>
				<processingSoftware>
					<softwareName>tesseract 5.3.4</softwareName>
				</processingSoftware>
			</ocrProcessingStep>
		</OCRProcessing>
	</Description>
	<Layout>
		<Page WIDTH="1109" HEIGHT="1700" PHYSICAL_IMG_NR="0" ID="page_0">
			<PrintSpace HPOS="0" VPOS="0" WIDTH="1109" HEIGHT="1700">
				<ComposedBlock ID="cblock_0" HPOS="329" VPOS="149" WIDTH="531" HEIGHT="27">
					<TextBlock ID="block_0" HPOS="329" VPOS="149" WIDTH="531" HEIGHT="27">
						<TextLine ID="line_0" HPOS="329" VPOS="149" WIDTH="531" HEIGHT="27">
							<String ID="string_0" HPOS="329" VPOS="150" WIDTH="28" HEIGHT="24" WC="0.93" CONTENT="U."/><SP WIDTH="16" VPOS="150" HPOS="357"/>
							<String ID="string_1" HPOS="373" VPOS="150" WIDTH="27" HEIGHT="21" WC="0.92" CONTENT="B."/><SP WIDTH="17" VPOS="150" HPOS="400"/>
							<String ID="string_2" HPOS="417" VPOS="162" WIDTH="28" HEIGHT="3" WC="0.92" CONTENT="—"/><SP WIDTH="15" VPOS="162" HPOS="445"/>
							<String ID="string_3" HPOS="460" VPOS="149" WIDTH="76" HEIGHT="27" WC="0.95" CONTENT="Prop."/><SP WIDTH="16" VPOS="149" HPOS="536"/>
							<String ID="string_4" HPOS="552" VPOS="149" WIDTH="42" HEIGHT="22" WC="0.96" CONTENT="N:o"/><SP WIDTH="15" VPOS="149" HPOS="594"/>
							<String ID="string_5" HPOS="609" VPOS="149" WIDTH="22" HEIGHT="21" WC="0.96" CONTENT="6."/><SP WIDTH="202" VPOS="149" HPOS="631"/>
							<String ID="string_6" HPOS="833" VPOS="151" WIDTH="27" HEIGHT="20" WC="0.96" CONTENT="47"/>
						</TextLine>
					</TextBlock>
				</ComposedBlock>
				<ComposedBlock ID="cblock_1" HPOS="98" VPOS="218" WIDTH="762" HEIGHT="1264">
					<TextBlock ID="block_1" HPOS="98" VPOS="218" WIDTH="762" HEIGHT="200">
						<TextLine ID="line_1" HPOS="98" VPOS="218" WIDTH="762" HEIGHT="28">
							<String ID="string_7" HPOS="98" VPOS="219" WIDTH="77" HEIGHT="27" WC="0.96" CONTENT="intaga"/><SP WIDTH="22" VPOS="219" HPOS="175"/>
							<String ID="string_8" HPOS="197" VPOS="225" WIDTH="26" HEIGHT="15" WC="0.93" CONTENT="en"/><SP WIDTH="23" VPOS="225" HPOS="223"/>
							<String ID="string_9" HPOS="246" VPOS="218" WIDTH="136" HEIGHT="27" WC="0.96" CONTENT="bestämning"/><SP WIDTH="15" VPOS="218" HPOS="382"/>
							<String ID="string_10" HPOS="397" VPOS="218" WIDTH="73" HEIGHT="21" WC="0.96" CONTENT="derom"/><SP WIDTH="15" VPOS="218" HPOS="470"/>
							<String ID="string_11" HPOS="485" VPOS="219" WIDTH="35" HEIGHT="20" WC="0.96" CONTENT="att"/><SP WIDTH="15" VPOS="219" HPOS="520"/>
							<String ID="string_12" HPOS="535" VPOS="218" WIDTH="41" HEIGHT="21" WC="0.93" CONTENT="den"/><SP WIDTH="16" VPOS="218" HPOS="576"/>
							<String ID="string_13" HPOS="592" VPOS="218" WIDTH="199" HEIGHT="27" WC="0.92" CONTENT="skattdragandens"/><SP WIDTH="16" VPOS="218" HPOS="791"/>
							<String ID="string_14" HPOS="807" VPOS="225" WIDTH="53" HEIGHT="21" WC="0.92" CONTENT="upp-"/>
						</TextLine>
						<TextLine ID="line_2" HPOS="98" VPOS="252" WIDTH="760" HEIGHT="28">
							<String ID="string_15" HPOS="98" VPOS="252" WIDTH="102" HEIGHT="22" WC="0.92" CONTENT="skattade"/><SP WIDTH="22" VPOS="252" HPOS="200"/>
							<String ID="string_16" HPOS="222" VPOS="253" WIDTH="94" HEIGHT="21" WC="0.92" CONTENT="inkomst"/><SP WIDTH="22" VPOS="253" HPOS="316"/>
							<String ID="string_17" HPOS="338" VPOS="253" WIDTH="39" HEIGHT="21" WC="0.94" CONTENT="bör"/><SP WIDTH="21" VPOS="253" HPOS="377"/>
							<String ID="string_18" HPOS="398" VPOS="252" WIDTH="8" HEIGHT="21" WC="0.93" CONTENT="i"/><SP WIDTH="22" VPOS="252" HPOS="406"/>
							<String ID="string_19" HPOS="428" VPOS="252" WIDTH="96" HEIGHT="28" WC="0.92" CONTENT="längden"/><SP WIDTH="22" VPOS="252" HPOS="524"/>
							<String ID="string_20" HPOS="546" VPOS="252" WIDTH="109" HEIGHT="28" WC="0.90" CONTENT="angifvas."/><SP WIDTH="31" VPOS="252" HPOS="655"/>
							<String ID="string_21" HPOS="686" VPOS="252" WIDTH="110" HEIGHT="28" WC="0.92" CONTENT="Tillägget"/><SP WIDTH="23" VPOS="252" HPOS="796"/>
							<String ID="string_22" HPOS="819" VPOS="253" WIDTH="7" HEIGHT="22" WC="0.96" CONTENT="i"/><SP WIDTH="20" VPOS="253" HPOS="826"/>
							<String ID="string_23" HPOS="846" VPOS="255" WIDTH="12" HEIGHT="19" WC="0.96" CONTENT="2"/>
						</TextLine>
						<TextLine ID="line_3" HPOS="98" VPOS="286" WIDTH="762" HEIGHT="29">
							<String ID="string_24" HPOS="98" VPOS="294" WIDTH="60" HEIGHT="15" WC="0.93" CONTENT="mom."/><SP WIDTH="25" VPOS="294" HPOS="158"/>
							<String ID="string_25" HPOS="183" VPOS="287" WIDTH="112" HEIGHT="28" WC="0.91" CONTENT="angäende"/><SP WIDTH="22" VPOS="287" HPOS="295"/>
							<String ID="string_26" HPOS="317" VPOS="286" WIDTH="152" HEIGHT="28" WC="0.92" CONTENT="röstlängdens"/><SP WIDTH="20" VPOS="286" HPOS="469"/>
							<String ID="string_27" HPOS="489" VPOS="286" WIDTH="104" HEIGHT="28" WC="0.92" CONTENT="giltighet"/><SP WIDTH="15" VPOS="286" HPOS="593"/>
							<String ID="string_28" HPOS="608" VPOS="289" WIDTH="25" HEIGHT="19" WC="0.93" CONTENT="är"/><SP WIDTH="15" VPOS="289" HPOS="633"/>
							<String ID="string_29" HPOS="648" VPOS="286" WIDTH="113" HEIGHT="22" WC="0.93" CONTENT="föranledd"/><SP WIDTH="17" VPOS="286" HPOS="761"/>
							<String ID="string_30" HPOS="778" VPOS="287" WIDTH="25" HEIGHT="21" WC="0.93" CONTENT="af"/><SP WIDTH="13" VPOS="287" HPOS="803"/>
							<String ID="string_31" HPOS="816" VPOS="287" WIDTH="44" HEIGHT="22" WC="0.90" CONTENT="för-"/>
						</TextLine>
						<TextLine ID="line_4" HPOS="98" VPOS="321" WIDTH="761" HEIGHT="28">
							<String ID="string_32" HPOS="98" VPOS="322" WIDTH="121" HEIGHT="27" WC="0.92" CONTENT="ändringen"/><SP WIDTH="22" VPOS="322" HPOS="219"/>
							<String ID="string_33" HPOS="241" VPOS="321" WIDTH="8" HEIGHT="21" WC="0.96" CONTENT="i"/><SP WIDTH="22" VPOS="321" HPOS="249"/>
							<String ID="string_34" HPOS="271" VPOS="321" WIDTH="59" HEIGHT="22" WC="0.96" CONTENT="tiden"/><SP WIDTH="22" VPOS="321" HPOS="330"/>
							<String ID="string_35" HPOS="352" VPOS="321" WIDTH="34" HEIGHT="21" WC="0.93" CONTENT="för"/><SP WIDTH="21" VPOS="321" HPOS="386"/>
							<String ID="string_36" HPOS="407" VPOS="321" WIDTH="141" HEIGHT="27" WC="0.92" CONTENT="taxeringens"/><SP WIDTH="20" VPOS="321" HPOS="548"/>
							<String ID="string_37" HPOS="568" VPOS="321" WIDTH="162" HEIGHT="22" WC="0.92" CONTENT="verkställande"/><SP WIDTH="16" VPOS="321" HPOS="730"/>
							<String ID="string_38" HPOS="746" VPOS="322" WIDTH="38" HEIGHT="20" WC="0.93" CONTENT="och"/><SP WIDTH="17" VPOS="322" HPOS="784"/>
							<String ID="string_39" HPOS="801" VPOS="322" WIDTH="58" HEIGHT="21" WC="0.92" CONTENT="afser"/>
						</TextLine>
						<TextLine ID="line_5" HPOS="99" VPOS="355" WIDTH="759" HEIGHT="28">
							<String ID="string_40" HPOS="99" VPOS="358" WIDTH="33" HEIGHT="20" WC="0.93" CONTENT="att"/><SP WIDTH="15" VPOS="358" HPOS="132"/>
							<String ID="string_41" HPOS="147" VPOS="355" WIDTH="131" HEIGHT="23" WC="0.92" CONTENT="förekomma"/><SP WIDTH="15" VPOS="355" HPOS="278"/>
							<String ID="string_42" HPOS="293" VPOS="356" WIDTH="68" HEIGHT="21" WC="0.92" CONTENT="sädan"/><SP WIDTH="16" VPOS="356" HPOS="361"/>
							<String ID="string_43" HPOS="377" VPOS="355" WIDTH="193" HEIGHT="28" WC="0.92" CONTENT="missuppfattning"/><SP WIDTH="15" VPOS="355" HPOS="570"/>
							<String ID="string_44" HPOS="585" VPOS="357" WIDTH="34" HEIGHT="20" WC="0.93" CONTENT="att"/><SP WIDTH="11" VPOS="357" HPOS="619"/>
							<String ID="string_45" HPOS="630" VPOS="355" WIDTH="69" HEIGHT="27" WC="0.91" CONTENT="sagda"/><SP WIDTH="11" VPOS="355" HPOS="699"/>
							<String ID="string_46" HPOS="710" VPOS="356" WIDTH="67" HEIGHT="27" WC="0.91" CONTENT="längd"/><SP WIDTH="10" VPOS="356" HPOS="777"/>
							<String ID="string_47" HPOS="787" VPOS="356" WIDTH="71" HEIGHT="21" WC="0.96" CONTENT="skulle"/>
						</TextLine>
						<TextLine ID="line_6" HPOS="100" VPOS="390" WIDTH="654" HEIGHT="28">
							<String ID="string_48" HPOS="100" VPOS="390" WIDTH="58" HEIGHT="28" WC="0.92" CONTENT="gälla"/><SP WIDTH="16" VPOS="390" HPOS="158"/>
							<String ID="string_49" HPOS="174" VPOS="390" WIDTH="77" HEIGHT="22" WC="0.96" CONTENT="endast"/><SP WIDTH="14" VPOS="390" HPOS="251"/>
							<String ID="string_50" HPOS="265" VPOS="390" WIDTH="68" HEIGHT="22" WC="0.96" CONTENT="under"/><SP WIDTH="15" VPOS="390" HPOS="333"/>
							<String ID="string_51" HPOS="348" VPOS="390" WIDTH="37" HEIGHT="22" WC="0.96" CONTENT="det"/><SP WIDTH="14" VPOS="390" HPOS="385"/>
							<String ID="string_52" HPOS="399" VPOS="390" WIDTH="26" HEIGHT="22" WC="0.96" CONTENT="är"/><SP WIDTH="15" VPOS="390" HPOS="425"/>
							<String ID="string_53" HPOS="440" VPOS="390" WIDTH="28" HEIGHT="22" WC="0.93" CONTENT="dä"/><SP WIDTH="17" VPOS="390" HPOS="468"/>
							<String ID="string_54" HPOS="485" VPOS="390" WIDTH="124" HEIGHT="22" WC="0.92" CONTENT="densamma"/><SP WIDTH="16" VPOS="390" HPOS="609"/>
							<String ID="string_55" HPOS="625" VPOS="390" WIDTH="129" HEIGHT="22" WC="0.92" CONTENT="tillkommit."/>
						</TextLine>
					</TextBlock>
					<TextBlock ID="block_2" HPOS="99" VPOS="424" WIDTH="761" HEIGHT="201">
						<TextLine ID="line_7" HPOS="168" VPOS="424" WIDTH="692" HEIGHT="29">
							<String ID="string_56" HPOS="168" VPOS="425" WIDTH="59" HEIGHT="22" WC="0.95" CONTENT="Sista"/><SP WIDTH="15" VPOS="425" HPOS="227"/>
							<String ID="string_57" HPOS="242" VPOS="432" WIDTH="60" HEIGHT="15" WC="0.96" CONTENT="mom."/><SP WIDTH="16" VPOS="432" HPOS="302"/>
							<String ID="string_58" HPOS="318" VPOS="424" WIDTH="25" HEIGHT="22" WC="0.96" CONTENT="af"/><SP WIDTH="13" VPOS="424" HPOS="343"/>
							<String ID="string_59" HPOS="356" VPOS="427" WIDTH="26" HEIGHT="19" WC="0.93" CONTENT="83"/><SP WIDTH="16" VPOS="427" HPOS="382"/>
							<String ID="string_60" HPOS="398" VPOS="424" WIDTH="12" HEIGHT="29" WC="0.34" CONTENT="$"/><SP WIDTH="15" VPOS="424" HPOS="410"/>
							<String ID="string_61" HPOS="425" VPOS="425" WIDTH="40" HEIGHT="21" WC="0.93" CONTENT="har"/><SP WIDTH="15" VPOS="425" HPOS="465"/>
							<String ID="string_62" HPOS="480" VPOS="425" WIDTH="116" HEIGHT="21" WC="0.94" CONTENT="Utskottet"/><SP WIDTH="15" VPOS="425" HPOS="596"/>
							<String ID="string_63" HPOS="611" VPOS="424" WIDTH="50" HEIGHT="22" WC="0.93" CONTENT="låtit"/><SP WIDTH="18" VPOS="424" HPOS="661"/>
							<String ID="string_64" HPOS="679" VPOS="425" WIDTH="108" HEIGHT="26" WC="0.93" CONTENT="bortfalla,"/><SP WIDTH="19" VPOS="425" HPOS="787"/>
							<String ID="string_65" HPOS="806" VPOS="431" WIDTH="54" HEIGHT="15" WC="0.92" CONTENT="eme-"/>
						</TextLine>
						<TextLine ID="line_8" HPOS="100" VPOS="458" WIDTH="760" HEIGHT="29">
							<String ID="string_66" HPOS="100" VPOS="460" WIDTH="42" HEIGHT="21" WC="0.93" CONTENT="dan"/><SP WIDTH="22" VPOS="460" HPOS="142"/>
							<String ID="string_67" HPOS="164" VPOS="460" WIDTH="114" HEIGHT="21" WC="0.92" CONTENT="Utskottet"/><SP WIDTH="22" VPOS="460" HPOS="278"/>
							<String ID="string_68" HPOS="300" VPOS="459" WIDTH="47" HEIGHT="21" WC="0.92" CONTENT="icke"/><SP WIDTH="23" VPOS="459" HPOS="347"/>
							<String ID="string_69" HPOS="370" VPOS="459" WIDTH="68" HEIGHT="21" WC="0.92" CONTENT="finner"/><SP WIDTH="22" VPOS="459" HPOS="438"/>
							<String ID="string_70" HPOS="460" VPOS="458" WIDTH="76" HEIGHT="28" WC="0.92" CONTENT="giltigt"/><SP WIDTH="23" VPOS="458" HPOS="536"/>
							<String ID="string_71" HPOS="559" VPOS="459" WIDTH="48" HEIGHT="21" WC="0.93" CONTENT="skäl"/><SP WIDTH="20" VPOS="459" HPOS="607"/>
							<String ID="string_72" HPOS="627" VPOS="459" WIDTH="115" HEIGHT="28" WC="0.91" CONTENT="föreligga,"/><SP WIDTH="16" VPOS="459" HPOS="742"/>
							<String ID="string_73" HPOS="758" VPOS="459" WIDTH="102" HEIGHT="22" WC="0.92" CONTENT="hvarföre"/>
						</TextLine>
						<TextLine ID="line_9" HPOS="99" VPOS="493" WIDTH="761" HEIGHT="28">
							<String ID="string_74" HPOS="99" VPOS="494" WIDTH="106" HEIGHT="27" WC="0.96" CONTENT="kommun,"/><SP WIDTH="23" VPOS="494" HPOS="205"/>
							<String ID="string_75" HPOS="228" VPOS="500" WIDTH="45" HEIGHT="15" WC="0.93" CONTENT="som"/><SP WIDTH="22" VPOS="500" HPOS="273"/>
							<String ID="string_76" HPOS="295" VPOS="493" WIDTH="101" HEIGHT="28" WC="0.89" CONTENT="möjligen"/><SP WIDTH="22" VPOS="493" HPOS="396"/>
							<String ID="string_77" HPOS="418" VPOS="494" WIDTH="72" HEIGHT="21" WC="0.96" CONTENT="kunde"/><SP WIDTH="22" VPOS="494" HPOS="490"/>
							<String ID="string_78" HPOS="512" VPOS="494" WIDTH="86" HEIGHT="21" WC="0.96" CONTENT="komma"/><SP WIDTH="23" VPOS="494" HPOS="598"/>
							<String ID="string_79" HPOS="621" VPOS="494" WIDTH="34" HEIGHT="20" WC="0.93" CONTENT="till"/><SP WIDTH="22" VPOS="494" HPOS="655"/>
							<String ID="string_80" HPOS="677" VPOS="496" WIDTH="59" HEIGHT="19" WC="0.92" CONTENT="rätta"/><SP WIDTH="24" VPOS="496" HPOS="736"/>
							<String ID="string_81" HPOS="760" VPOS="494" WIDTH="48" HEIGHT="21" WC="0.96" CONTENT="med"/><SP WIDTH="19" VPOS="494" HPOS="808"/>
							<String ID="string_82" HPOS="827" VPOS="496" WIDTH="33" HEIGHT="19" WC="0.96" CONTENT="ett"/>
						</TextLine>
						<TextLine ID="line_10" HPOS="100" VPOS="527" WIDTH="759" HEIGHT="29">
							<String ID="string_83" HPOS="100" VPOS="529" WIDTH="108" HEIGHT="26" WC="0.92" CONTENT="exemplar"/><SP WIDTH="15" VPOS="529" HPOS="208"/>
							<String ID="string_84" HPOS="223" VPOS="528" WIDTH="24" HEIGHT="22" WC="0.93" CONTENT="af"/><SP WIDTH="13" VPOS="528" HPOS="247"/>
							<String ID="string_85" HPOS="260" VPOS="527" WIDTH="168" HEIGHT="28" WC="0.92" CONTENT="ifrägavarande"/><SP WIDTH="15" VPOS="527" HPOS="428"/>
							<String ID="string_86" HPOS="443" VPOS="528" WIDTH="73" HEIGHT="27" WC="0.91" CONTENT="längd,"/><SP WIDTH="17" VPOS="528" HPOS="516"/>
							<String ID="string_87" HPOS="533" VPOS="528" WIDTH="143" HEIGHT="27" WC="0.91" CONTENT="ovilkorligen"/><SP WIDTH="15" VPOS="528" HPOS="676"/>
							<String ID="string_88" HPOS="691" VPOS="528" WIDTH="66" HEIGHT="22" WC="0.93" CONTENT="borde"/><SP WIDTH="13" VPOS="528" HPOS="757"/>
							<String ID="string_89" HPOS="770" VPOS="529" WIDTH="89" HEIGHT="27" WC="0.92" CONTENT="tvingas"/>
						</TextLine>
						<TextLine ID="line_11" HPOS="100" VPOS="557" WIDTH="760" HEIGHT="33">
							<String ID="string_90" HPOS="100" VPOS="565" WIDTH="34" HEIGHT="20" WC="0.89" CONTENT="att"/><SP WIDTH="20" VPOS="565" HPOS="134"/>
							<String ID="string_91" HPOS="154" VPOS="563" WIDTH="91" HEIGHT="22" WC="0.89" CONTENT="bekosta"/><SP WIDTH="22" VPOS="563" HPOS="245"/>
							<String ID="string_92" HPOS="267" VPOS="562" WIDTH="34" HEIGHT="28" WC="0.93" CONTENT="sig"/><SP WIDTH="21" VPOS="562" HPOS="301"/>
							<String ID="string_93" HPOS="322" VPOS="564" WIDTH="79" HEIGHT="20" WC="0.92" CONTENT="tvenne"/><SP WIDTH="22" VPOS="564" HPOS="401"/>
							<String ID="string_94" HPOS="423" VPOS="562" WIDTH="110" HEIGHT="27" WC="0.92" CONTENT="exemplar"/><SP WIDTH="19" VPOS="562" HPOS="533"/>
							<String ID="string_95" HPOS="552" VPOS="562" WIDTH="25" HEIGHT="21" WC="0.93" CONTENT="af"/><SP WIDTH="14" VPOS="562" HPOS="577"/>
							<String ID="string_96" HPOS="591" VPOS="562" WIDTH="131" HEIGHT="22" WC="0.91" CONTENT="densamma."/><SP WIDTH="17" VPOS="562" HPOS="722"/>
							<String ID="string_97" HPOS="739" VPOS="575" WIDTH="25" HEIGHT="2" WC="0.92" CONTENT="—"/><SP WIDTH="18" VPOS="575" HPOS="764"/>
							<String ID="string_98" HPOS="782" VPOS="557" WIDTH="78" HEIGHT="33" WC="0.92" CONTENT="Öfriga"/>
						</TextLine>
						<TextLine ID="line_12" HPOS="100" VPOS="597" WIDTH="759" HEIGHT="28">
							<String ID="string_99" HPOS="100" VPOS="597" WIDTH="48" HEIGHT="22" WC="0.93" CONTENT="med"/><SP WIDTH="15" VPOS="597" HPOS="148"/>
							<String ID="string_100" HPOS="163" VPOS="598" WIDTH="36" HEIGHT="25" WC="0.77" CONTENT="&amp;:n"/><SP WIDTH="14" VPOS="598" HPOS="199"/>
							<String ID="string_101" HPOS="213" VPOS="597" WIDTH="106" HEIGHT="28" WC="0.96" CONTENT="vidtagna"/><SP WIDTH="13" VPOS="597" HPOS="319"/>
							<String ID="string_102" HPOS="332" VPOS="597" WIDTH="118" HEIGHT="28" WC="0.93" CONTENT="ändringar"/><SP WIDTH="11" VPOS="597" HPOS="450"/>
							<String ID="string_103" HPOS="461" VPOS="597" WIDTH="46" HEIGHT="22" WC="0.92" CONTENT="afse"/><SP WIDTH="11" VPOS="597" HPOS="507"/>
							<String ID="string_104" HPOS="518" VPOS="597" WIDTH="79" HEIGHT="22" WC="0.93" CONTENT="endast"/><SP WIDTH="10" VPOS="597" HPOS="597"/>
							<String ID="string_105" HPOS="607" VPOS="597" WIDTH="67" HEIGHT="27" WC="0.96" CONTENT="nödig"/><SP WIDTH="11" VPOS="597" HPOS="674"/>
							<String ID="string_106" HPOS="685" VPOS="597" WIDTH="174" HEIGHT="28" WC="0.96" CONTENT="komplettering."/>
						</TextLine>
					</TextBlock>
					<TextBlock ID="block_3" HPOS="99" VPOS="631" WIDTH="761" HEIGHT="821">
						<TextLine ID="line_13" HPOS="168" VPOS="631" WIDTH="687" HEIGHT="29">
							<String ID="string_107" HPOS="168" VPOS="632" WIDTH="78" HEIGHT="27" WC="0.96" CONTENT="Enligt"/><SP WIDTH="18" VPOS="632" HPOS="246"/>
							<String ID="string_108" HPOS="264" VPOS="634" WIDTH="12" HEIGHT="19" WC="0.96" CONTENT="2"/><SP WIDTH="16" VPOS="634" HPOS="276"/>
							<String ID="string_109" HPOS="292" VPOS="638" WIDTH="61" HEIGHT="15" WC="0.96" CONTENT="mom."/><SP WIDTH="16" VPOS="638" HPOS="353"/>
							<String ID="string_110" HPOS="369" VPOS="631" WIDTH="24" HEIGHT="22" WC="0.96" CONTENT="af"/><SP WIDTH="14" VPOS="631" HPOS="393"/>
							<String ID="string_111" HPOS="407" VPOS="633" WIDTH="27" HEIGHT="20" WC="0.92" CONTENT="84"/><SP WIDTH="15" VPOS="633" HPOS="434"/>
							<String ID="string_112" HPOS="449" VPOS="631" WIDTH="12" HEIGHT="29" WC="0.92" CONTENT="&amp;"/><SP WIDTH="16" VPOS="631" HPOS="461"/>
							<String ID="string_113" HPOS="477" VPOS="633" WIDTH="25" HEIGHT="20" WC="0.93" CONTENT="är"/><SP WIDTH="18" VPOS="633" HPOS="502"/>
							<String ID="string_114" HPOS="520" VPOS="632" WIDTH="95" HEIGHT="27" WC="0.88" CONTENT=",enhvar"/><SP WIDTH="14" VPOS="632" HPOS="615"/>
							<String ID="string_115" HPOS="629" VPOS="637" WIDTH="46" HEIGHT="16" WC="0.96" CONTENT="som"/><SP WIDTH="14" VPOS="637" HPOS="675"/>
							<String ID="string_116" HPOS="689" VPOS="632" WIDTH="67" HEIGHT="21" WC="0.93" CONTENT="saken"/><SP WIDTH="16" VPOS="632" HPOS="756"/>
							<String ID="string_117" HPOS="772" VPOS="632" WIDTH="83" HEIGHT="27" WC="0.85" CONTENT="angår&quot;"/>
						</TextLine>
						<TextLine ID="line_14" HPOS="100" VPOS="666" WIDTH="756" HEIGHT="28">
							<String ID="string_118" HPOS="100" VPOS="666" WIDTH="124" HEIGHT="27" WC="0.92" CONTENT="berättigad"/><SP WIDTH="23" VPOS="666" HPOS="224"/>
							<String ID="string_119" HPOS="247" VPOS="668" WIDTH="33" HEIGHT="20" WC="0.96" CONTENT="att"/><SP WIDTH="21" VPOS="668" HPOS="280"/>
							<String ID="string_120" HPOS="301" VPOS="669" WIDTH="44" HEIGHT="19" WC="0.93" CONTENT="mot"/><SP WIDTH="21" VPOS="669" HPOS="345"/>
							<String ID="string_121" HPOS="366" VPOS="666" WIDTH="112" HEIGHT="22" WC="0.92" CONTENT="verkstäld"/><SP WIDTH="18" VPOS="666" HPOS="478"/>
							<String ID="string_122" HPOS="496" VPOS="666" WIDTH="103" HEIGHT="27" WC="0.91" CONTENT="taxering"/><SP WIDTH="15" VPOS="666" HPOS="599"/>
							<String ID="string_123" HPOS="614" VPOS="668" WIDTH="54" HEIGHT="25" WC="0.92" CONTENT="göra"/><SP WIDTH="15" VPOS="668" HPOS="668"/>
							<String ID="string_124" HPOS="683" VPOS="667" WIDTH="144" HEIGHT="27" WC="0.91" CONTENT="anmärkning"/><SP WIDTH="17" VPOS="667" HPOS="827"/>
							<String ID="string_125" HPOS="844" VPOS="667" WIDTH="12" HEIGHT="21" WC="0.91" CONTENT="ä"/>
						</TextLine>
						<TextLine ID="line_15" HPOS="100" VPOS="700" WIDTH="760" HEIGHT="28">
							<String ID="string_126" HPOS="100" VPOS="701" WIDTH="219" HEIGHT="21" WC="0.89" CONTENT="kommunalstämma."/><SP WIDTH="29" VPOS="701" HPOS="319"/>
							<String ID="string_127" HPOS="348" VPOS="701" WIDTH="35" HEIGHT="21" WC="0.96" CONTENT="Då"/><SP WIDTH="23" VPOS="701" HPOS="383"/>
							<String ID="string_128" HPOS="406" VPOS="707" WIDTH="26" HEIGHT="15" WC="0.96" CONTENT="en"/><SP WIDTH="23" VPOS="707" HPOS="432"/>
							<String ID="string_129" HPOS="455" VPOS="700" WIDTH="34" HEIGHT="22" WC="0.92" CONTENT="för"/><SP WIDTH="23" VPOS="700" HPOS="489"/>
							<String ID="string_130" HPOS="512" VPOS="701" WIDTH="38" HEIGHT="27" WC="0.95" CONTENT="låg"/><SP WIDTH="23" VPOS="701" HPOS="550"/>
							<String ID="string_131" HPOS="573" VPOS="701" WIDTH="160" HEIGHT="27" WC="0.96" CONTENT="uppskattning"/><SP WIDTH="14" VPOS="701" HPOS="733"/>
							<String ID="string_132" HPOS="747" VPOS="701" WIDTH="25" HEIGHT="21" WC="0.97" CONTENT="af"/><SP WIDTH="13" VPOS="701" HPOS="772"/>
							<String ID="string_133" HPOS="785" VPOS="701" WIDTH="27" HEIGHT="22" WC="0.93" CONTENT="de"/><SP WIDTH="15" VPOS="701" HPOS="812"/>
							<String ID="string_134" HPOS="827" VPOS="701" WIDTH="33" HEIGHT="21" WC="0.92" CONTENT="in-"/>
						</TextLine>
						<TextLine ID="line_16" HPOS="100" VPOS="735" WIDTH="760" HEIGHT="28">
							<String ID="string_135" HPOS="100" VPOS="735" WIDTH="95" HEIGHT="22" WC="0.92" CONTENT="komster"/><SP WIDTH="22" VPOS="735" HPOS="195"/>
							<String ID="string_136" HPOS="217" VPOS="741" WIDTH="26" HEIGHT="16" WC="0.96" CONTENT="en"/><SP WIDTH="23" VPOS="741" HPOS="243"/>
							<String ID="string_137" HPOS="266" VPOS="735" WIDTH="51" HEIGHT="22" WC="0.93" CONTENT="eller"/><SP WIDTH="21" VPOS="735" HPOS="317"/>
							<String ID="string_138" HPOS="338" VPOS="735" WIDTH="51" HEIGHT="22" WC="0.95" CONTENT="flere"/><SP WIDTH="22" VPOS="735" HPOS="389"/>
							<String ID="string_139" HPOS="411" VPOS="735" WIDTH="162" HEIGHT="28" WC="0.96" CONTENT="skattskyldige"/><SP WIDTH="23" VPOS="735" HPOS="573"/>
							<String ID="string_140" HPOS="596" VPOS="735" WIDTH="54" HEIGHT="27" WC="0.96" CONTENT="haft,"/><SP WIDTH="23" VPOS="735" HPOS="650"/>
							<String ID="string_141" HPOS="673" VPOS="735" WIDTH="43" HEIGHT="21" WC="0.96" CONTENT="kan"/><SP WIDTH="23" VPOS="735" HPOS="716"/>
							<String ID="string_142" HPOS="739" VPOS="736" WIDTH="70" HEIGHT="21" WC="0.96" CONTENT="verka"/><SP WIDTH="16" VPOS="736" HPOS="809"/>
							<String ID="string_143" HPOS="825" VPOS="737" WIDTH="35" HEIGHT="20" WC="0.96" CONTENT="att"/>
						</TextLine>
						<TextLine ID="line_17" HPOS="100" VPOS="769" WIDTH="760" HEIGHT="28">
							<String ID="string_144" HPOS="100" VPOS="769" WIDTH="79" HEIGHT="22" WC="0.93" CONTENT="andras"/><SP WIDTH="16" VPOS="769" HPOS="179"/>
							<String ID="string_145" HPOS="195" VPOS="769" WIDTH="112" HEIGHT="28" WC="0.92" CONTENT="utskylder"/><SP WIDTH="15" VPOS="769" HPOS="307"/>
							<String ID="string_146" HPOS="322" VPOS="770" WIDTH="58" HEIGHT="26" WC="0.90" CONTENT="ökas,"/><SP WIDTH="16" VPOS="770" HPOS="380"/>
							<String ID="string_147" HPOS="396" VPOS="769" WIDTH="73" HEIGHT="22" WC="0.93" CONTENT="kunna"/><SP WIDTH="16" VPOS="769" HPOS="469"/>
							<String ID="string_148" HPOS="485" VPOS="769" WIDTH="92" HEIGHT="22" WC="0.91" CONTENT="anförda"/><SP WIDTH="16" VPOS="769" HPOS="577"/>
							<String ID="string_149" HPOS="593" VPOS="769" WIDTH="90" HEIGHT="28" WC="0.91" CONTENT="ordalag"/><SP WIDTH="15" VPOS="769" HPOS="683"/>
							<String ID="string_150" HPOS="698" VPOS="770" WIDTH="70" HEIGHT="21" WC="0.93" CONTENT="tolkas"/><SP WIDTH="13" VPOS="770" HPOS="768"/>
							<String ID="string_151" HPOS="781" VPOS="770" WIDTH="32" HEIGHT="27" WC="0.96" CONTENT="sä,"/><SP WIDTH="13" VPOS="770" HPOS="813"/>
							<String ID="string_152" HPOS="826" VPOS="771" WIDTH="34" HEIGHT="20" WC="0.96" CONTENT="att"/>
						</TextLine>
						<TextLine ID="line_18" HPOS="101" VPOS="803" WIDTH="758" HEIGHT="28">
							<String ID="string_153" HPOS="101" VPOS="803" WIDTH="75" HEIGHT="28" WC="0.92" CONTENT="hvarje"/><SP WIDTH="22" VPOS="803" HPOS="176"/>
							<String ID="string_154" HPOS="198" VPOS="804" WIDTH="91" HEIGHT="21" WC="0.92" CONTENT="taxerad"/><SP WIDTH="22" VPOS="804" HPOS="289"/>
							<String ID="string_155" HPOS="311" VPOS="811" WIDTH="76" HEIGHT="20" WC="0.93" CONTENT="person"/><SP WIDTH="22" VPOS="811" HPOS="387"/>
							<String ID="string_156" HPOS="409" VPOS="810" WIDTH="52" HEIGHT="16" WC="0.93" CONTENT="vore"/><SP WIDTH="18" VPOS="810" HPOS="461"/>
							<String ID="string_157" HPOS="479" VPOS="804" WIDTH="127" HEIGHT="27" WC="0.91" CONTENT="berättigad"/><SP WIDTH="16" VPOS="804" HPOS="606"/>
							<String ID="string_158" HPOS="622" VPOS="806" WIDTH="39" HEIGHT="24" WC="0.95" CONTENT="att,"/><SP WIDTH="16" VPOS="806" HPOS="661"/>
							<String ID="string_159" HPOS="677" VPOS="804" WIDTH="7" HEIGHT="21" WC="0.95" CONTENT="i"/><SP WIDTH="15" VPOS="804" HPOS="684"/>
							<String ID="string_160" HPOS="699" VPOS="803" WIDTH="38" HEIGHT="22" WC="0.95" CONTENT="fall"/><SP WIDTH="15" VPOS="803" HPOS="737"/>
							<String ID="string_161" HPOS="752" VPOS="804" WIDTH="25" HEIGHT="21" WC="0.93" CONTENT="af"/><SP WIDTH="14" VPOS="804" HPOS="777"/>
							<String ID="string_162" HPOS="791" VPOS="804" WIDTH="44" HEIGHT="27" WC="0.91" CONTENT="fog,"/><SP WIDTH="17" VPOS="804" HPOS="835"/>
							<String ID="string_163" HPOS="852" VPOS="805" WIDTH="7" HEIGHT="20" WC="0.96" CONTENT="i"/>
						</TextLine>
						<TextLine ID="line_19" HPOS="100" VPOS="838" WIDTH="760" HEIGHT="27">
							<String ID="string_164" HPOS="100" VPOS="838" WIDTH="213" HEIGHT="22" WC="0.69" CONTENT="kommunalstämmä"/><SP WIDTH="21" VPOS="838" HPOS="313"/>
							<String ID="string_165" HPOS="334" VPOS="839" WIDTH="84" HEIGHT="26" WC="0.81" CONTENT="päyrka"/><SP WIDTH="23" VPOS="839" HPOS="418"/>
							<String ID="string_166" HPOS="441" VPOS="838" WIDTH="91" HEIGHT="27" WC="0.96" CONTENT="höjning"/><SP WIDTH="22" VPOS="838" HPOS="532"/>
							<String ID="string_167" HPOS="554" VPOS="838" WIDTH="25" HEIGHT="21" WC="0.96" CONTENT="af"/><SP WIDTH="21" VPOS="838" HPOS="579"/>
							<String ID="string_168" HPOS="600" VPOS="839" WIDTH="69" HEIGHT="21" WC="0.96" CONTENT="andra"/><SP WIDTH="15" VPOS="839" HPOS="669"/>
							<String ID="string_169" HPOS="684" VPOS="839" WIDTH="136" HEIGHT="21" WC="0.96" CONTENT="medlemmar"/><SP WIDTH="16" VPOS="839" HPOS="820"/>
							<String ID="string_170" HPOS="836" VPOS="839" WIDTH="24" HEIGHT="21" WC="0.96" CONTENT="af"/>
						</TextLine>
						<TextLine ID="line_20" HPOS="100" VPOS="873" WIDTH="758" HEIGHT="27">
							<String ID="string_171" HPOS="100" VPOS="873" WIDTH="127" HEIGHT="21" WC="0.91" CONTENT="kommunen"/><SP WIDTH="22" VPOS="873" HPOS="227"/>
							<String ID="string_172" HPOS="249" VPOS="873" WIDTH="91" HEIGHT="27" WC="0.91" CONTENT="päförda"/><SP WIDTH="21" VPOS="873" HPOS="340"/>
							<String ID="string_173" HPOS="361" VPOS="873" WIDTH="118" HEIGHT="22" WC="0.84" CONTENT="skattören."/><SP WIDTH="31" VPOS="873" HPOS="479"/>
							<String ID="string_174" HPOS="510" VPOS="873" WIDTH="35" HEIGHT="21" WC="0.93" CONTENT="En"/><SP WIDTH="24" VPOS="873" HPOS="545"/>
							<String ID="string_175" HPOS="569" VPOS="873" WIDTH="70" HEIGHT="21" WC="0.94" CONTENT="sådan"/><SP WIDTH="16" VPOS="873" HPOS="639"/>
							<String ID="string_176" HPOS="655" VPOS="873" WIDTH="117" HEIGHT="27" WC="0.96" CONTENT="grundsats"/><SP WIDTH="16" VPOS="873" HPOS="772"/>
							<String ID="string_177" HPOS="788" VPOS="873" WIDTH="70" HEIGHT="21" WC="0.96" CONTENT="skulle"/>
						</TextLine>
						<TextLine ID="line_21" HPOS="100" VPOS="907" WIDTH="755" HEIGHT="28">
							<String ID="string_178" HPOS="100" VPOS="907" WIDTH="114" HEIGHT="21" WC="0.96" CONTENT="Utskottet"/><SP WIDTH="15" VPOS="907" HPOS="214"/>
							<String ID="string_179" HPOS="229" VPOS="907" WIDTH="54" HEIGHT="22" WC="0.93" CONTENT="dock"/><SP WIDTH="17" VPOS="907" HPOS="283"/>
							<String ID="string_180" HPOS="300" VPOS="907" WIDTH="48" HEIGHT="22" WC="0.96" CONTENT="icke"/><SP WIDTH="14" VPOS="907" HPOS="348"/>
							<String ID="string_181" HPOS="362" VPOS="907" WIDTH="73" HEIGHT="21" WC="0.96" CONTENT="kunna"/><SP WIDTH="15" VPOS="907" HPOS="435"/>
							<String ID="string_182" HPOS="450" VPOS="907" WIDTH="84" HEIGHT="27" WC="0.93" CONTENT="billiga."/><SP WIDTH="30" VPOS="907" HPOS="534"/>
							<String ID="string_183" HPOS="564" VPOS="907" WIDTH="35" HEIGHT="22" WC="0.93" CONTENT="En"/><SP WIDTH="15" VPOS="907" HPOS="599"/>
							<String ID="string_184" HPOS="614" VPOS="907" WIDTH="136" HEIGHT="28" WC="0.96" CONTENT="tillämpning"/><SP WIDTH="15" VPOS="907" HPOS="750"/>
							<String ID="string_185" HPOS="765" VPOS="907" WIDTH="25" HEIGHT="22" WC="0.93" CONTENT="af"/><SP WIDTH="13" VPOS="907" HPOS="790"/>
							<String ID="string_186" HPOS="803" VPOS="907" WIDTH="52" HEIGHT="22" WC="0.92" CONTENT="den-"/>
						</TextLine>
						<TextLine ID="line_22" HPOS="100" VPOS="941" WIDTH="755" HEIGHT="28">
							<String ID="string_187" HPOS="100" VPOS="947" WIDTH="80" HEIGHT="16" WC="0.96" CONTENT="samma"/><SP WIDTH="21" VPOS="947" HPOS="180"/>
							<String ID="string_188" HPOS="201" VPOS="941" WIDTH="73" HEIGHT="22" WC="0.96" CONTENT="kunde"/><SP WIDTH="19" VPOS="941" HPOS="274"/>
							<String ID="string_189" HPOS="293" VPOS="941" WIDTH="107" HEIGHT="28" WC="0.93" CONTENT="nämligen"/><SP WIDTH="15" VPOS="941" HPOS="400"/>
							<String ID="string_190" HPOS="415" VPOS="941" WIDTH="50" HEIGHT="22" WC="0.92" CONTENT="leda"/><SP WIDTH="15" VPOS="941" HPOS="465"/>
							<String ID="string_191" HPOS="480" VPOS="942" WIDTH="89" HEIGHT="27" WC="0.92" CONTENT="derhän,"/><SP WIDTH="17" VPOS="942" HPOS="569"/>
							<String ID="string_192" HPOS="586" VPOS="943" WIDTH="34" HEIGHT="20" WC="0.93" CONTENT="att"/><SP WIDTH="15" VPOS="943" HPOS="620"/>
							<String ID="string_193" HPOS="635" VPOS="941" WIDTH="220" HEIGHT="28" WC="0.92" CONTENT="taxeringsnämnden"/>
						</TextLine>
						<TextLine ID="line_23" HPOS="100" VPOS="975" WIDTH="758" HEIGHT="28">
							<String ID="string_194" HPOS="100" VPOS="975" WIDTH="7" HEIGHT="21" WC="0.96" CONTENT="i"/><SP WIDTH="22" VPOS="975" HPOS="107"/>
							<String ID="string_195" HPOS="129" VPOS="975" WIDTH="150" HEIGHT="28" WC="0.93" CONTENT="verkligheten"/><SP WIDTH="22" VPOS="975" HPOS="279"/>
							<String ID="string_196" HPOS="301" VPOS="975" WIDTH="71" HEIGHT="23" WC="0.88" CONTENT="blefve"/><SP WIDTH="22" VPOS="975" HPOS="372"/>
							<String ID="string_197" HPOS="394" VPOS="989" WIDTH="27" HEIGHT="3" WC="0.91" CONTENT="—"/><SP WIDTH="22" VPOS="989" HPOS="421"/>
							<String ID="string_198" HPOS="443" VPOS="976" WIDTH="7" HEIGHT="21" WC="0.93" CONTENT="i"/><SP WIDTH="23" VPOS="976" HPOS="450"/>
							<String ID="string_199" HPOS="473" VPOS="976" WIDTH="112" HEIGHT="27" WC="0.89" CONTENT="uppenbar"/><SP WIDTH="22" VPOS="976" HPOS="585"/>
							<String ID="string_200" HPOS="607" VPOS="976" WIDTH="56" HEIGHT="21" WC="0.89" CONTENT="strid"/><SP WIDTH="15" VPOS="976" HPOS="663"/>
							<String ID="string_201" HPOS="678" VPOS="978" WIDTH="44" HEIGHT="19" WC="0.93" CONTENT="mot"/><SP WIDTH="14" VPOS="978" HPOS="722"/>
							<String ID="string_202" HPOS="736" VPOS="976" WIDTH="58" HEIGHT="22" WC="0.92" CONTENT="hvad"/><SP WIDTH="16" VPOS="976" HPOS="794"/>
							<String ID="string_203" HPOS="810" VPOS="977" WIDTH="48" HEIGHT="20" WC="0.96" CONTENT="med"/>
						</TextLine>
						<TextLine ID="line_24" HPOS="101" VPOS="1009" WIDTH="757" HEIGHT="29">
							<String ID="string_204" HPOS="101" VPOS="1010" WIDTH="123" HEIGHT="21" WC="0.93" CONTENT="densamma"/><SP WIDTH="15" VPOS="1010" HPOS="224"/>
							<String ID="string_205" HPOS="239" VPOS="1009" WIDTH="76" HEIGHT="22" WC="0.89" CONTENT="afsetts"/><SP WIDTH="17" VPOS="1009" HPOS="315"/>
							<String ID="string_206" HPOS="332" VPOS="1023" WIDTH="25" HEIGHT="2" WC="0.92" CONTENT="—"/><SP WIDTH="16" VPOS="1023" HPOS="357"/>
							<String ID="string_207" HPOS="373" VPOS="1011" WIDTH="55" HEIGHT="21" WC="0.95" CONTENT="blott"/><SP WIDTH="15" VPOS="1011" HPOS="428"/>
							<String ID="string_208" HPOS="443" VPOS="1017" WIDTH="28" HEIGHT="15" WC="0.93" CONTENT="en"/><SP WIDTH="14" VPOS="1017" HPOS="471"/>
							<String ID="string_209" HPOS="485" VPOS="1010" WIDTH="159" HEIGHT="22" WC="0.91" CONTENT="förberedande"/><SP WIDTH="15" VPOS="1010" HPOS="644"/>
							<String ID="string_210" HPOS="659" VPOS="1011" WIDTH="86" HEIGHT="27" WC="0.67" CONTENT="komite,"/><SP WIDTH="21" VPOS="1011" HPOS="745"/>
							<String ID="string_211" HPOS="766" VPOS="1011" WIDTH="92" HEIGHT="21" WC="0.91" CONTENT="kommu-"/>
						</TextLine>
						<TextLine ID="line_25" HPOS="100" VPOS="1044" WIDTH="756" HEIGHT="28">
							<String ID="string_212" HPOS="100" VPOS="1044" WIDTH="143" HEIGHT="22" WC="0.45" CONTENT="nalstämmäan"/><SP WIDTH="14" VPOS="1044" HPOS="243"/>
							<String ID="string_213" HPOS="257" VPOS="1044" WIDTH="95" HEIGHT="22" WC="0.92" CONTENT="deremot"/><SP WIDTH="14" VPOS="1044" HPOS="352"/>
							<String ID="string_214" HPOS="366" VPOS="1045" WIDTH="138" HEIGHT="21" WC="0.96" CONTENT="kommunens"/><SP WIDTH="16" VPOS="1045" HPOS="504"/>
							<String ID="string_215" HPOS="520" VPOS="1045" WIDTH="111" HEIGHT="27" WC="0.93" CONTENT="egentliga"/><SP WIDTH="15" VPOS="1045" HPOS="631"/>
							<String ID="string_216" HPOS="646" VPOS="1045" WIDTH="119" HEIGHT="22" WC="0.92" CONTENT="taxerande"/><SP WIDTH="15" VPOS="1045" HPOS="765"/>
							<String ID="string_217" HPOS="780" VPOS="1051" WIDTH="76" HEIGHT="21" WC="0.95" CONTENT="organ."/>
						</TextLine>
						<TextLine ID="line_26" HPOS="100" VPOS="1079" WIDTH="758" HEIGHT="27">
							<String ID="string_218" HPOS="100" VPOS="1079" WIDTH="50" HEIGHT="21" WC="0.92" CONTENT="Men"/><SP WIDTH="23" VPOS="1079" HPOS="150"/>
							<String ID="string_219" HPOS="173" VPOS="1079" WIDTH="73" HEIGHT="21" WC="0.79" CONTENT="dertill"/><SP WIDTH="21" VPOS="1079" HPOS="246"/>
							<String ID="string_220" HPOS="267" VPOS="1085" WIDTH="68" HEIGHT="21" WC="0.92" CONTENT="egnar"/><SP WIDTH="16" VPOS="1085" HPOS="335"/>
							<String ID="string_221" HPOS="351" VPOS="1079" WIDTH="35" HEIGHT="27" WC="0.93" CONTENT="sig"/><SP WIDTH="15" VPOS="1079" HPOS="386"/>
							<String ID="string_222" HPOS="401" VPOS="1081" WIDTH="107" HEIGHT="19" WC="0.96" CONTENT="stämman"/><SP WIDTH="14" VPOS="1081" HPOS="508"/>
							<String ID="string_223" HPOS="522" VPOS="1079" WIDTH="127" HEIGHT="27" WC="0.96" CONTENT="ingalunda."/><SP WIDTH="30" VPOS="1079" HPOS="649"/>
							<String ID="string_224" HPOS="679" VPOS="1079" WIDTH="54" HEIGHT="22" WC="0.93" CONTENT="Dess"/><SP WIDTH="20" VPOS="1079" HPOS="733"/>
							<String ID="string_225" HPOS="753" VPOS="1085" WIDTH="105" HEIGHT="16" WC="0.91" CONTENT="samman-"/>
						</TextLine>
						<TextLine ID="line_27" HPOS="100" VPOS="1113" WIDTH="757" HEIGHT="28">
							<String ID="string_226" HPOS="100" VPOS="1113" WIDTH="98" HEIGHT="28" WC="0.91" CONTENT="sättning"/><SP WIDTH="23" VPOS="1113" HPOS="198"/>
							<String ID="string_227" HPOS="221" VPOS="1115" WIDTH="24" HEIGHT="20" WC="0.90" CONTENT="är"/><SP WIDTH="22" VPOS="1115" HPOS="245"/>
							<String ID="string_228" HPOS="267" VPOS="1113" WIDTH="72" HEIGHT="22" WC="0.90" CONTENT="alltför"/><SP WIDTH="15" VPOS="1113" HPOS="339"/>
							<String ID="string_229" HPOS="354" VPOS="1113" WIDTH="77" HEIGHT="28" WC="0.93" CONTENT="brokig"/><SP WIDTH="16" VPOS="1113" HPOS="431"/>
							<String ID="string_230" HPOS="447" VPOS="1114" WIDTH="39" HEIGHT="21" WC="0.93" CONTENT="och"/><SP WIDTH="15" VPOS="1114" HPOS="486"/>
							<String ID="string_231" HPOS="501" VPOS="1113" WIDTH="114" HEIGHT="28" WC="0.92" CONTENT="vexlande,"/><SP WIDTH="16" VPOS="1113" HPOS="615"/>
							<String ID="string_232" HPOS="631" VPOS="1113" WIDTH="34" HEIGHT="22" WC="0.96" CONTENT="för"/><SP WIDTH="15" VPOS="1113" HPOS="665"/>
							<String ID="string_233" HPOS="680" VPOS="1115" WIDTH="34" HEIGHT="20" WC="0.96" CONTENT="att"/><SP WIDTH="15" VPOS="1115" HPOS="714"/>
							<String ID="string_234" HPOS="729" VPOS="1114" WIDTH="40" HEIGHT="22" WC="0.96" CONTENT="den"/><SP WIDTH="15" VPOS="1114" HPOS="769"/>
							<String ID="string_235" HPOS="784" VPOS="1113" WIDTH="73" HEIGHT="22" WC="0.96" CONTENT="kunde"/>
						</TextLine>
						<TextLine ID="line_28" HPOS="100" VPOS="1147" WIDTH="756" HEIGHT="29">
							<String ID="string_236" HPOS="100" VPOS="1148" WIDTH="90" HEIGHT="26" WC="0.93" CONTENT="erbjuda"/><SP WIDTH="22" VPOS="1148" HPOS="190"/>
							<String ID="string_237" HPOS="212" VPOS="1148" WIDTH="135" HEIGHT="28" WC="0.92" CONTENT="nägorlunda"/><SP WIDTH="21" VPOS="1148" HPOS="347"/>
							<String ID="string_238" HPOS="368" VPOS="1147" WIDTH="140" HEIGHT="29" WC="0.90" CONTENT="tillförlitliga"/><SP WIDTH="22" VPOS="1147" HPOS="508"/>
							<String ID="string_239" HPOS="530" VPOS="1148" WIDTH="113" HEIGHT="28" WC="0.92" CONTENT="garantier"/><SP WIDTH="18" VPOS="1148" HPOS="643"/>
							<String ID="string_240" HPOS="661" VPOS="1148" WIDTH="34" HEIGHT="21" WC="0.96" CONTENT="för"/><SP WIDTH="16" VPOS="1148" HPOS="695"/>
							<String ID="string_241" HPOS="711" VPOS="1150" WIDTH="32" HEIGHT="20" WC="0.93" CONTENT="ett"/><SP WIDTH="14" VPOS="1150" HPOS="743"/>
							<String ID="string_242" HPOS="757" VPOS="1148" WIDTH="99" HEIGHT="27" WC="0.92" CONTENT="oväldigt"/>
						</TextLine>
						<TextLine ID="line_29" HPOS="101" VPOS="1182" WIDTH="757" HEIGHT="28">
							<String ID="string_243" HPOS="101" VPOS="1183" WIDTH="37" HEIGHT="21" WC="0.93" CONTENT="och"/><SP WIDTH="16" VPOS="1183" HPOS="138"/>
							<String ID="string_244" HPOS="154" VPOS="1182" WIDTH="133" HEIGHT="28" WC="0.92" CONTENT="sakkunnigt"/><SP WIDTH="15" VPOS="1182" HPOS="287"/>
							<String ID="string_245" HPOS="302" VPOS="1183" WIDTH="160" HEIGHT="27" WC="0.92" CONTENT="uppskattande"/><SP WIDTH="16" VPOS="1183" HPOS="462"/>
							<String ID="string_246" HPOS="478" VPOS="1182" WIDTH="26" HEIGHT="22" WC="0.96" CONTENT="af"/><SP WIDTH="8" VPOS="1182" HPOS="504"/>
							<String ID="string_247" HPOS="512" VPOS="1182" WIDTH="27" HEIGHT="22" WC="0.93" CONTENT="de"/><SP WIDTH="11" VPOS="1182" HPOS="539"/>
							<String ID="string_248" HPOS="550" VPOS="1182" WIDTH="173" HEIGHT="28" WC="0.92" CONTENT="skattskyldiges"/><SP WIDTH="10" VPOS="1182" HPOS="723"/>
							<String ID="string_249" HPOS="733" VPOS="1182" WIDTH="125" HEIGHT="27" WC="0.96" CONTENT="inkomster,"/>
						</TextLine>
						<TextLine ID="line_30" HPOS="101" VPOS="1216" WIDTH="757" HEIGHT="28">
							<String ID="string_250" HPOS="101" VPOS="1218" WIDTH="38" HEIGHT="20" WC="0.93" CONTENT="och"/><SP WIDTH="16" VPOS="1218" HPOS="139"/>
							<String ID="string_251" HPOS="155" VPOS="1219" WIDTH="15" HEIGHT="20" WC="0.93" CONTENT="t."/><SP WIDTH="17" VPOS="1219" HPOS="170"/>
							<String ID="string_252" HPOS="187" VPOS="1224" WIDTH="18" HEIGHT="15" WC="0.85" CONTENT="o."/><SP WIDTH="16" VPOS="1224" HPOS="205"/>
							<String ID="string_253" HPOS="221" VPOS="1224" WIDTH="26" HEIGHT="15" WC="0.91" CONTENT="m."/><SP WIDTH="16" VPOS="1224" HPOS="247"/>
							<String ID="string_254" HPOS="263" VPOS="1218" WIDTH="7" HEIGHT="20" WC="0.91" CONTENT="i"/><SP WIDTH="17" VPOS="1218" HPOS="270"/>
							<String ID="string_255" HPOS="287" VPOS="1218" WIDTH="26" HEIGHT="21" WC="0.96" CONTENT="de"/><SP WIDTH="14" VPOS="1218" HPOS="313"/>
							<String ID="string_256" HPOS="327" VPOS="1217" WIDTH="45" HEIGHT="27" WC="0.95" CONTENT="fall,"/><SP WIDTH="12" VPOS="1217" HPOS="372"/>
							<String ID="string_257" HPOS="384" VPOS="1218" WIDTH="27" HEIGHT="21" WC="0.93" CONTENT="dä"/><SP WIDTH="11" VPOS="1218" HPOS="411"/>
							<String ID="string_258" HPOS="422" VPOS="1217" WIDTH="95" HEIGHT="22" WC="0.96" CONTENT="flertalet"/><SP WIDTH="11" VPOS="1217" HPOS="517"/>
							<String ID="string_259" HPOS="528" VPOS="1217" WIDTH="24" HEIGHT="22" WC="0.96" CONTENT="af"/><SP WIDTH="9" VPOS="1217" HPOS="552"/>
							<String ID="string_260" HPOS="561" VPOS="1218" WIDTH="27" HEIGHT="21" WC="0.92" CONTENT="de"/><SP WIDTH="12" VPOS="1218" HPOS="588"/>
							<String ID="string_261" HPOS="600" VPOS="1217" WIDTH="185" HEIGHT="22" WC="0.90" CONTENT="tillstädeskomne"/><SP WIDTH="9" VPOS="1217" HPOS="785"/>
							<String ID="string_262" HPOS="794" VPOS="1216" WIDTH="64" HEIGHT="22" WC="0.90" CONTENT="verk-"/>
						</TextLine>
						<TextLine ID="line_31" HPOS="99" VPOS="1251" WIDTH="759" HEIGHT="28">
							<String ID="string_263" HPOS="99" VPOS="1251" WIDTH="58" HEIGHT="27" WC="0.90" CONTENT="ligen"/><SP WIDTH="17" VPOS="1251" HPOS="157"/>
							<String ID="string_264" HPOS="174" VPOS="1254" WIDTH="37" HEIGHT="19" WC="0.92" CONTENT="äro"/><SP WIDTH="16" VPOS="1254" HPOS="211"/>
							<String ID="string_265" HPOS="227" VPOS="1252" WIDTH="122" HEIGHT="27" WC="0.92" CONTENT="angelägna"/><SP WIDTH="15" VPOS="1252" HPOS="349"/>
							<String ID="string_266" HPOS="364" VPOS="1258" WIDTH="32" HEIGHT="15" WC="0.96" CONTENT="om"/><SP WIDTH="16" VPOS="1258" HPOS="396"/>
							<String ID="string_267" HPOS="412" VPOS="1253" WIDTH="34" HEIGHT="20" WC="0.93" CONTENT="att"/><SP WIDTH="15" VPOS="1253" HPOS="446"/>
							<String ID="string_268" HPOS="461" VPOS="1251" WIDTH="65" HEIGHT="22" WC="0.92" CONTENT="träffa"/><SP WIDTH="16" VPOS="1251" HPOS="526"/>
							<String ID="string_269" HPOS="542" VPOS="1252" WIDTH="37" HEIGHT="21" WC="0.93" CONTENT="det"/><SP WIDTH="14" VPOS="1252" HPOS="579"/>
							<String ID="string_270" HPOS="593" VPOS="1252" WIDTH="89" HEIGHT="27" WC="0.91" CONTENT="riktiga,"/><SP WIDTH="17" VPOS="1252" HPOS="682"/>
							<String ID="string_271" HPOS="699" VPOS="1257" WIDTH="50" HEIGHT="16" WC="0.92" CONTENT="vore"/><SP WIDTH="15" VPOS="1257" HPOS="749"/>
							<String ID="string_272" HPOS="764" VPOS="1251" WIDTH="94" HEIGHT="21" WC="0.92" CONTENT="kommu-"/>
						</TextLine>
						<TextLine ID="line_32" HPOS="100" VPOS="1285" WIDTH="758" HEIGHT="29">
							<String ID="string_273" HPOS="100" VPOS="1286" WIDTH="141" HEIGHT="21" WC="0.91" CONTENT="nalstämman"/><SP WIDTH="15" VPOS="1286" HPOS="241"/>
							<String ID="string_274" HPOS="256" VPOS="1288" WIDTH="69" HEIGHT="20" WC="0.92" CONTENT="utsatt"/><SP WIDTH="14" VPOS="1288" HPOS="325"/>
							<String ID="string_275" HPOS="339" VPOS="1286" WIDTH="34" HEIGHT="22" WC="0.93" CONTENT="för"/><SP WIDTH="15" VPOS="1286" HPOS="373"/>
							<String ID="string_276" HPOS="388" VPOS="1286" WIDTH="62" HEIGHT="22" WC="0.93" CONTENT="faran"/><SP WIDTH="16" VPOS="1286" HPOS="450"/>
							<String ID="string_277" HPOS="466" VPOS="1288" WIDTH="40" HEIGHT="26" WC="0.96" CONTENT="att,"/><SP WIDTH="9" VPOS="1288" HPOS="506"/>
							<String ID="string_278" HPOS="515" VPOS="1286" WIDTH="38" HEIGHT="22" WC="0.93" CONTENT="vid"/><SP WIDTH="15" VPOS="1286" HPOS="553"/>
							<String ID="string_279" HPOS="568" VPOS="1286" WIDTH="103" HEIGHT="28" WC="0.92" CONTENT="pröfning"/><SP WIDTH="14" VPOS="1286" HPOS="671"/>
							<String ID="string_280" HPOS="685" VPOS="1286" WIDTH="25" HEIGHT="21" WC="0.93" CONTENT="af"/><SP WIDTH="9" VPOS="1286" HPOS="710"/>
							<String ID="string_281" HPOS="719" VPOS="1285" WIDTH="139" HEIGHT="22" WC="0.91" CONTENT="anmärknin-"/>
						</TextLine>
						<TextLine ID="line_33" HPOS="100" VPOS="1319" WIDTH="757" HEIGHT="29">
							<String ID="string_282" HPOS="100" VPOS="1326" WIDTH="40" HEIGHT="22" WC="0.96" CONTENT="gar"/><SP WIDTH="14" VPOS="1326" HPOS="140"/>
							<String ID="string_283" HPOS="154" VPOS="1326" WIDTH="34" HEIGHT="15" WC="0.96" CONTENT="om"/><SP WIDTH="15" VPOS="1326" HPOS="188"/>
							<String ID="string_284" HPOS="203" VPOS="1319" WIDTH="35" HEIGHT="22" WC="0.93" CONTENT="för"/><SP WIDTH="14" VPOS="1319" HPOS="238"/>
							<String ID="string_285" HPOS="252" VPOS="1320" WIDTH="37" HEIGHT="28" WC="0.92" CONTENT="läg"/><SP WIDTH="15" VPOS="1320" HPOS="289"/>
							<String ID="string_286" HPOS="304" VPOS="1320" WIDTH="146" HEIGHT="28" WC="0.92" CONTENT="beskattning,"/><SP WIDTH="11" VPOS="1320" HPOS="450"/>
							<String ID="string_287" HPOS="461" VPOS="1320" WIDTH="114" HEIGHT="22" WC="0.92" CONTENT="föranleda"/><SP WIDTH="11" VPOS="1320" HPOS="575"/>
							<String ID="string_288" HPOS="586" VPOS="1326" WIDTH="27" HEIGHT="16" WC="0.93" CONTENT="en"/><SP WIDTH="10" VPOS="1326" HPOS="613"/>
							<String ID="string_289" HPOS="623" VPOS="1320" WIDTH="108" HEIGHT="28" WC="0.91" CONTENT="ojemnhet"/><SP WIDTH="11" VPOS="1320" HPOS="731"/>
							<String ID="string_290" HPOS="742" VPOS="1320" WIDTH="8" HEIGHT="22" WC="0.93" CONTENT="i"/><SP WIDTH="9" VPOS="1320" HPOS="750"/>
							<String ID="string_291" HPOS="759" VPOS="1320" WIDTH="98" HEIGHT="22" WC="0.93" CONTENT="beskatt-"/>
						</TextLine>
						<TextLine ID="line_34" HPOS="100" VPOS="1354" WIDTH="758" HEIGHT="28">
							<String ID="string_292" HPOS="100" VPOS="1355" WIDTH="86" HEIGHT="27" WC="0.92" CONTENT="ningen,"/><SP WIDTH="16" VPOS="1355" HPOS="186"/>
							<String ID="string_293" HPOS="202" VPOS="1354" WIDTH="88" HEIGHT="22" WC="0.92" CONTENT="hvilken"/><SP WIDTH="15" VPOS="1354" HPOS="290"/>
							<String ID="string_294" HPOS="305" VPOS="1354" WIDTH="164" HEIGHT="28" WC="0.92" CONTENT="otvifvelaktigt"/><SP WIDTH="15" VPOS="1354" HPOS="469"/>
							<String ID="string_295" HPOS="484" VPOS="1354" WIDTH="70" HEIGHT="22" WC="0.93" CONTENT="skulle"/><SP WIDTH="15" VPOS="1354" HPOS="554"/>
							<String ID="string_296" HPOS="569" VPOS="1354" WIDTH="91" HEIGHT="22" WC="0.92" CONTENT="framstä"/><SP WIDTH="13" VPOS="1354" HPOS="660"/>
							<String ID="string_297" HPOS="673" VPOS="1355" WIDTH="70" HEIGHT="21" WC="0.92" CONTENT="säsom"/><SP WIDTH="12" VPOS="1355" HPOS="743"/>
							<String ID="string_298" HPOS="755" VPOS="1361" WIDTH="26" HEIGHT="15" WC="0.93" CONTENT="en"/><SP WIDTH="11" VPOS="1361" HPOS="781"/>
							<String ID="string_299" HPOS="792" VPOS="1355" WIDTH="66" HEIGHT="20" WC="0.92" CONTENT="orätt-"/>
						</TextLine>
						<TextLine ID="line_35" HPOS="100" VPOS="1388" WIDTH="759" HEIGHT="28">
							<String ID="string_300" HPOS="100" VPOS="1389" WIDTH="55" HEIGHT="27" WC="0.96" CONTENT="visa;"/><SP WIDTH="16" VPOS="1389" HPOS="155"/>
							<String ID="string_301" HPOS="171" VPOS="1392" WIDTH="25" HEIGHT="24" WC="0.93" CONTENT="ty"/><SP WIDTH="15" VPOS="1392" HPOS="196"/>
							<String ID="string_302" HPOS="211" VPOS="1390" WIDTH="106" HEIGHT="21" WC="0.93" CONTENT="stämman"/><SP WIDTH="15" VPOS="1390" HPOS="317"/>
							<String ID="string_303" HPOS="332" VPOS="1389" WIDTH="69" HEIGHT="22" WC="0.93" CONTENT="skulle"/><SP WIDTH="14" VPOS="1389" HPOS="401"/>
							<String ID="string_304" HPOS="415" VPOS="1390" WIDTH="50" HEIGHT="21" WC="0.93" CONTENT="icke"/><SP WIDTH="8" VPOS="1390" HPOS="465"/>
							<String ID="string_305" HPOS="473" VPOS="1390" WIDTH="71" HEIGHT="21" WC="0.90" CONTENT="säsom"/><SP WIDTH="12" VPOS="1390" HPOS="544"/>
							<String ID="string_306" HPOS="556" VPOS="1389" WIDTH="218" HEIGHT="27" WC="0.91" CONTENT="taxeringsnämnden"/><SP WIDTH="10" VPOS="1389" HPOS="774"/>
							<String ID="string_307" HPOS="784" VPOS="1388" WIDTH="75" HEIGHT="21" WC="0.96" CONTENT="kunna"/>
						</TextLine>
						<TextLine ID="line_36" HPOS="99" VPOS="1422" WIDTH="759" HEIGHT="30">
							<String ID="string_308" HPOS="99" VPOS="1423" WIDTH="124" HEIGHT="28" WC="0.91" CONTENT="sorgfälligt"/><SP WIDTH="22" VPOS="1423" HPOS="223"/>
							<String ID="string_309" HPOS="245" VPOS="1424" WIDTH="77" HEIGHT="27" WC="0.92" CONTENT="pröfva"/><SP WIDTH="21" VPOS="1424" HPOS="322"/>
							<String ID="string_310" HPOS="343" VPOS="1424" WIDTH="40" HEIGHT="22" WC="0.96" CONTENT="och"/><SP WIDTH="21" VPOS="1424" HPOS="383"/>
							<String ID="string_311" HPOS="404" VPOS="1424" WIDTH="49" HEIGHT="22" WC="0.93" CONTENT="med"/><SP WIDTH="15" VPOS="1424" HPOS="453"/>
							<String ID="string_312" HPOS="468" VPOS="1424" WIDTH="125" HEIGHT="22" WC="0.92" CONTENT="hvarandra"/><SP WIDTH="12" VPOS="1424" HPOS="593"/>
							<String ID="string_313" HPOS="605" VPOS="1423" WIDTH="94" HEIGHT="29" WC="0.92" CONTENT="jemföra"/><SP WIDTH="14" VPOS="1423" HPOS="699"/>
							<String ID="string_314" HPOS="713" VPOS="1423" WIDTH="102" HEIGHT="27" WC="0.96" CONTENT="samtliga"/><SP WIDTH="16" VPOS="1423" HPOS="815"/>
							<String ID="string_315" HPOS="831" VPOS="1422" WIDTH="27" HEIGHT="22" WC="0.96" CONTENT="de"/>
						</TextLine>
					</TextBlock>
					<TextBlock ID="block_4" HPOS="167" VPOS="1463" WIDTH="406" HEIGHT="19">
						<TextLine ID="line_37" HPOS="167" VPOS="1463" WIDTH="406" HEIGHT="19">
							<String ID="string_316" HPOS="167" VPOS="1463" WIDTH="208" HEIGHT="19" WC="0.89" CONTENT="Kommunalutskottets"/><SP WIDTH="12" VPOS="1463" HPOS="375"/>
							<String ID="string_317" HPOS="387" VPOS="1464" WIDTH="112" HEIGHT="18" WC="0.96" CONTENT="betänkande"/><SP WIDTH="11" VPOS="1464" HPOS="499"/>
							<String ID="string_318" HPOS="510" VPOS="1463" WIDTH="35" HEIGHT="19" WC="0.92" CONTENT="N:o"/><SP WIDTH="13" VPOS="1463" HPOS="545"/>
							<String ID="string_319" HPOS="558" VPOS="1465" WIDTH="15" HEIGHT="16" WC="0.96" CONTENT="1."/>
						</TextLine>
					</TextBlock>
				</ComposedBlock>
				<ComposedBlock ID="cblock_2" HPOS="873" VPOS="631" WIDTH="65" HEIGHT="30">
					<TextBlock ID="block_5" HPOS="873" VPOS="631" WIDTH="65" HEIGHT="30">
						<TextLine ID="line_38" HPOS="873" VPOS="631" WIDTH="65" HEIGHT="30">
							<String ID="string_320" HPOS="873" VPOS="631" WIDTH="27" HEIGHT="23" WC="0.87" CONTENT="84"/><SP WIDTH="16" VPOS="631" HPOS="900"/>
							<String ID="string_321" HPOS="916" VPOS="631" WIDTH="22" HEIGHT="30" WC="0.90" CONTENT="8."/>
						</TextLine>
					</TextBlock>
				</ComposedBlock>
				<GraphicalElement ID="cblock_3" HPOS="1106" VPOS="1191" WIDTH="3" HEIGHT="423"></GraphicalElement >
			</PrintSpace>
		</Page>
	</Layout>
</alto>
