1109 1700
253 143 28 20 48
485 141 28 22 U.
529 142 28 21 B.
574 154 25 2 —
616 141 72 28 Prop.
705 142 41 22 N:o
762 142 22 21 6.

253 210 142 22 beskattades
411 210 118 22 inkomster
544 210 39 22 och
598 210 120 22 skattören.
735 224 26 2 —
778 210 72 22 Också
870 217 28 15 nu
913 211 100 27 gällande

253 244 255 28 kommunalförfattning
521 245 50 27 kan,
588 245 70 27 enligt
672 245 126 22 Utskottets
813 246 93 27 mening,
918 246 47 22 icke
976 252 37 16 an-

253 285 36 15 ses
312 278 61 28 gifva
395 279 213 21 kommunalstämma
630 281 46 19 rätt
697 281 34 19 att
746 280 28 26 på
789 280 71 26 grund
875 280 25 22 af
913 280 100 22 medlems

253 313 26 22 af
291 314 126 21 kommunen
432 313 128 22 framstälda
575 314 144 27 anmärkning
734 314 51 27 höja
801 320 82 16 annans
893 315 119 21 skattören.

254 348 135 27 Visserligen
413 348 40 21 har
475 348 64 22 äfven
562 354 26 15 en
609 350 91 19 motsatt
721 348 142 28 uppfattning
878 348 7 22 i
901 349 112 21 Utskottet

254 383 93 21 uttalats
362 383 39 21 och
416 382 35 22 till
466 382 49 22 stöd
530 382 34 22 för
580 382 70 22 denna
665 382 142 28 uppfattning
823 383 82 22 anförts
920 383 92 27 prejudi-

254 418 46 26 kat,
324 418 28 26 på
375 424 82 14 samma
473 418 59 26 gång
547 417 102 21 tillvaron
665 417 25 21 af
703 417 79 27 utslag,
801 418 85 26 gående
902 418 6 21 i
924 419 89 20 motsatt

255 451 105 27 riktning,
385 452 95 21 erkänts.
510 452 51 21 Men
583 451 151 27 ordalydelsen
757 451 25 21 af
803 453 12 25 S
838 454 26 19 65
880 458 63 21 synes
959 451 53 21 dock

255 486 114 22 Utskottet
385 486 100 27 temligen
502 486 81 27 tydligt
597 485 62 28 gifva
674 486 37 21 vid
726 486 92 27 handen,
834 488 34 20 att
882 486 129 22 bestämnin-

254 526 71 22 garna
348 520 99 22 affattats
469 520 68 22 under
559 520 110 27 intrycket
684 520 25 22 af
723 520 40 22 den
779 516 183 32 föreställningen,
979 522 34 20 att

255 561 49 15 man
324 555 19 27 ej
363 555 69 22 skulle
447 555 72 21 kunna
534 554 37 22 vid
586 555 215 22 kommunalstämma
815 556 55 26 yrka
886 555 88 28 höjning
990 555 24 21 af

255 596 71 15 annan
349 596 76 20 person
449 590 101 27 ågången
573 589 107 28 taxering.
711 589 45 22 Och
779 596 32 15 om
836 591 46 25 $:ns
896 589 116 28 affattning

255 624 67 21 också
344 624 47 21 icke
415 626 25 19 är
463 624 33 21 till
514 623 40 22 den
570 624 55 27 grad
639 624 105 26 bestämd,
760 625 34 20 att
809 624 41 21 den
864 626 60 20 tvärt
939 623 74 22 afskär

255 657 140 28 möjligheten
422 659 33 20 att
480 658 89 27 inlägga
595 657 65 22 äfven
682 665 27 14 en
732 665 71 14 annan
826 658 86 27 mening
934 659 7 20 i
964 658 48 22 den-

255 699 88 20 samma,
366 693 25 21 så
414 693 63 21 beror
493 693 80 21 sådant
587 693 170 27 uppenbarligen
774 693 74 27 derpå,
864 695 33 19 att
912 699 48 15 man
975 693 37 21 vid

254 729 47 25 $:ns
317 727 142 28 redigerande
475 727 19 28 ej
510 727 89 22 kommit
614 729 33 20 att
663 728 68 21 tänka
746 728 29 27 på
790 727 189 28 nödvändigheten
989 727 25 22 af

255 764 34 19 att
314 762 63 27 värja
399 761 34 28 sig
456 763 43 20 mot
515 768 25 15 en
557 761 60 28 dylik
631 761 199 28 missuppfattning.
860 762 44 21 Det
919 764 25 19 är
958 762 54 21 dock

254 803 28 14 en
297 796 45 22 helt
358 803 71 14 annan
449 796 39 21 sak
504 802 32 15 om
552 802 50 15 man
617 797 54 20 trott
686 796 35 27 sig
736 796 73 21 kunna
823 796 47 21 låta
884 796 128 22 kommunal-

253 833 108 19 stämman
377 830 110 27 medgifva
501 831 100 26 lindring
613 831 6 20 i
631 831 134 26 taxeringen,
777 833 39 19 när
825 831 90 22 medlem
926 831 24 21 af
955 831 57 21 kom-

255 871 77 15 munen
347 865 80 27 klagar
441 865 40 21 och
496 867 40 25 gör
551 865 37 21 det
603 864 34 22 för
647 865 128 22 kommunen
785 865 75 28 troligt
871 867 33 20 att
914 865 97 27 härdhet,

255 899 107 22 orättvisa
378 899 52 22 eller
445 899 112 27 obillighet
572 899 75 21 träffat
661 899 83 22 honom.
774 900 41 21 Att
830 899 69 22 denna
914 899 98 28 tolkning

255 933 25 21 af
301 933 227 22 landskommunernas
543 933 255 28 kommunalförfattning
813 933 199 22 ofverensstämmer

257 968 48 21 med
321 968 58 21 hvad
393 967 35 22 för
442 968 102 21 städerna
560 970 25 19 är
599 968 105 27 stadgadt
719 968 8 21 i
742 970 26 19 56
785 967 12 29 $
813 968 25 21 af
848 969 62 21 deras
920 969 92 20 kommu-

255 1002 170 27 nalförordning,
441 1002 68 21 sådan
525 1002 70 21 denna
605 1001 13 29 $
629 1002 61 27 lyder
701 1002 68 27 enligt
778 1003 21 20 k.
810 1002 15 21 f.
835 1003 40 21 den
885 1005 25 18 15
919 1003 93 26 Augusti

256 1039 62 24 1883,
329 1037 43 21 kan
384 1037 39 21 ock
431 1036 8 22 i
447 1036 140 28 förbigående
595 1037 103 26 påpekas.
715 1037 114 21 Utskottet
836 1037 91 21 föreslår
934 1036 78 27 derför,

253 1071 41 22 och
310 1071 29 21 då
354 1071 27 21 de
395 1071 7 21 i
413 1071 12 28 8
440 1073 25 19 19
474 1071 100 27 åsyftade
583 1071 226 22 kommunalstämmor
817 1071 47 22 icke
872 1071 140 28 ovilkorligen

254 1106 54 21 böra
323 1105 69 22 hållas
406 1105 28 27 på
447 1105 37 22 der
494 1105 97 28 antydda
601 1105 62 27 tider,
675 1112 26 15 en
712 1106 158 27 omredigering
880 1105 25 22 af
920 1108 5 19 2
936 1106 76 21 mom.
1001 1101 14 36 i

257 1142 27 20 84
308 1142 19 25 8.
358 1141 102 21 Deremot
482 1140 41 21 har
545 1142 32 20 ett
599 1140 57 22 inom
672 1140 113 22 Utskottet
803 1141 66 21 väckt
883 1140 81 28 förslag
979 1142 33 20 att

254 1175 33 21 uti
310 1174 143 23 förevarande
475 1180 59 16 mom.
559 1174 68 22 måtte
649 1174 83 22 införas
747 1175 130 27 uttryckligt
892 1174 120 28 stadgande

254 1210 73 21 derom
343 1212 34 18 att
392 1208 230 28 taxeringsnämndens
643 1208 130 22 ordförande
788 1209 66 21 borde
869 1211 92 19 närvara
976 1209 36 22 vid

256 1244 42 21 den
315 1243 220 27 kommunalstämma,
552 1243 39 21 der
605 1243 170 27 anmärkningar
791 1245 43 19 mot
843 1243 170 27 taxeringsläng-

256 1278 41 21 den
313 1278 62 21 skola
390 1277 95 27 pröfvas,
501 1277 48 22 icke
565 1278 76 21 vunnit
651 1278 126 21 Utskottets
788 1278 164 26 godkännande.
974 1278 39 22 Ut-

253 1312 84 21 skottet
360 1318 64 15 anser
446 1312 110 27 nämligen
579 1314 34 19 att
635 1318 48 15 man
703 1312 38 21 bör
756 1312 74 21 kunna
845 1312 116 22 förutsätta
976 1312 37 22 det

254 1346 38 22 vid
316 1352 27 15 en
365 1346 24 21 så
405 1346 72 28 vigtig
491 1348 98 25 stämma,
605 1352 44 16 som
665 1346 41 22 den
722 1346 177 28 ifrågavarande,
915 1346 98 22 medlem-

256 1387 47 15 mar
318 1380 24 21 af
356 1380 218 28 taxeringsnämnden
589 1381 110 27 sjelfmant
714 1381 85 21 komma
814 1381 107 21 tillstädes
931 1381 39 21 och
980 1382 34 20 att

256 1414 83 28 nödiga
362 1414 156 28 upplysningar
540 1422 32 14 om
595 1415 76 21 skälen
685 1414 36 22 för
735 1415 118 21 nämndens
868 1414 145 28 tillgöranden

325 1454 207 18 Kommunalutskottets
544 1455 112 18 betänkande
668 1454 33 18 N:o
715 1456 15 16 1.
