1109 1700
347 141 28 22 U.
391 141 28 21 B.
437 154 23 2 —
477 140 74 27 Prop.
567 140 41 22 N:o
623 140 22 22 6.
850 143 27 19 33

120 211 40 21 och
175 211 40 21 har
230 210 113 22 Utskottet
358 211 55 20 trott
430 209 35 27 sig
487 215 43 21 ega
552 208 74 22 härtill
649 209 60 22 desto
731 211 69 21 större
822 210 54 27 skäl,

120 251 44 15 som
180 244 115 22 enahanda
310 243 164 27 förfaringssätt
489 243 7 21 i
512 243 103 21 städerna
637 243 49 22 med
709 244 110 28 synnerlig
836 244 42 22 för-

119 280 34 21 del
169 279 39 21 och
223 280 53 20 utan
293 278 98 27 förspord
407 278 115 27 olägenhet
537 277 115 22 användts.

189 313 98 21 Emedan
302 312 75 28 giltigt
391 312 50 22 skäl
457 312 34 21 för
506 312 166 27 bestämningen
687 314 34 20 att
736 312 40 22 den
791 312 86 28 fattige,

120 354 44 16 som
180 348 66 21 råkat
261 347 7 21 i
283 347 104 28 sjukdom,
403 346 143 28 ovilkorligen
562 347 39 21 bör
620 346 102 22 insändas
737 347 32 21 till
784 347 93 21 särskild

119 382 204 28 sjukvårdsanstalt,
333 382 48 20 icke
389 387 63 21 synes
461 380 123 28 förefinnas,
597 381 39 21 har
644 381 113 22 Utskottet
765 382 113 21 omändrat

118 417 67 21 slutet
200 416 24 22 af
243 419 6 19 2
266 422 61 16 mom.
342 416 7 21 i
365 416 12 28 &
394 418 26 18 55
437 416 88 27 derhän,
549 418 35 19 att
599 416 128 22 kommunen
741 416 56 22 blott
812 416 65 28 ålåge

120 451 62 28 gifva
198 451 40 22 den
255 451 62 27 sjuke
333 450 126 27 erforderlig
475 450 134 27 behandling
619 450 39 21 och
674 451 61 27 vård,
745 451 36 21 det
796 451 34 21 må
846 457 31 15 se-

118 486 42 21 dan
183 486 39 20 ske
245 485 7 21 i
273 485 199 27 sjukvårdsanstalt
494 484 53 22 eller
570 485 153 27 annorstädes;
742 485 39 21 och
796 485 81 21 allden-

117 520 65 22 stund
206 520 23 21 af
249 520 111 27 uttrycket
384 537 4 9 ,
389 519 136 27 erforderlig
546 519 152 23 omvårdnad"
721 519 6 21 i
746 520 54 21 sista
815 526 60 15 mom.

118 554 102 28 möjligen
236 554 47 21 icke
299 554 47 21 med
362 554 39 21 full
417 554 110 27 tydlighet
542 554 98 27 framgår
655 556 34 19 att
705 554 117 21 detsamma
835 560 42 16 om-

118 589 69 21 fattar
199 589 80 27 jemväl
295 589 68 21 sådan
378 590 168 26 undervisning,
560 595 45 15 som
621 589 44 21 kan
680 590 113 25 presteras,
810 589 67 21 ehuru

119 623 61 22 detta
203 623 140 22 tvifvelsutan
366 625 24 20 är
405 623 144 28 stadgandets
569 624 94 27 mening,
682 623 40 22 har
737 623 117 22 detsamma
869 623 8 22 i

119 657 79 28 antydt
212 658 121 21 hänseende
349 657 145 28 förtydligats.

188 692 65 22 Hvad
275 691 27 30 88
325 693 28 20 54
375 693 38 20 och
432 694 26 19 55
483 691 208 28 öfverhufvudtaget
713 692 108 27 beträffar,
838 693 39 20 har

119 727 56 21 inom
196 727 113 21 Utskottet
328 726 65 22 äfven
415 727 76 26 yrkats
514 726 70 21 sådan
607 726 94 27 ändring
723 728 33 19 att
771 727 62 21 dessa
848 726 29 29 $$

119 762 68 21 måtte
217 761 114 27 angående
352 761 241 22 kommunalnämndens
617 761 133 27 åligganden
772 761 7 21 i
801 760 76 28 fattig-

118 798 59 18 samt
195 795 67 22 helso-
270 795 39 22 och
319 795 211 28 sjukvärdsärenden
544 795 110 22 innefatta
669 795 77 22 endast
761 801 26 16 en
797 795 79 22 allmän

120 829 131 27 hänvisning
267 829 32 22 till
315 829 26 22 de
357 829 106 22 särskilda
485 829 188 28 författningarna
687 829 8 22 i
710 829 62 22 dessa
789 831 87 25 ämnen;

120 870 47 15 men
183 863 125 22 Utskottets
323 863 69 22 flertal
410 864 39 21 har
465 863 54 22 dock
535 865 73 20 ansett
624 864 37 21 det
671 870 54 16 vara
733 863 24 22 af
763 864 114 27 praktiska

119 898 47 21 skäl
182 898 119 21 önskvärdt
316 900 33 19 att
365 898 26 21 de
410 898 205 27 hufvudsakligaste
638 898 25 22 af
683 898 192 22 kommunalnämn-

121 933 52 20 dens
190 932 58 21 olika
263 932 96 27 göromål
374 933 40 20 här
429 932 148 28 uttryckligen
601 935 123 19 omnämnas
745 932 34 22 för
801 933 76 22 undvi-

122 966 71 22 kande
213 966 24 21 af
249 966 152 22 missförständ
416 967 37 22 vid
469 967 166 28 tillämpningen
651 967 25 22 af
689 967 158 28 förordningen.

189 1001 50 21 Med
255 1001 100 22 afseende
371 1001 13 22 å
400 1001 39 22 den
457 1001 38 22 vid
515 1001 148 22 innevarande
685 1001 105 28 landtdag
813 1001 63 22 Stän-

121 1035 66 21 derna
212 1034 115 28 förelagda
349 1035 49 21 nåd.
414 1035 160 27 propositionen
598 1042 32 15 om
653 1042 29 21 ny
704 1035 37 28 lag
763 1036 114 27 angående

120 1069 185 27 förmynderskap,
322 1069 71 28 enligt
402 1065 91 37 hvilken
500 1070 215 21 kommunalnämnds
730 1070 103 28 ställning
844 1071 33 21 till

121 1103 340 28 förmynderskapsinstitutionen
476 1103 72 23 blefve
562 1104 135 27 väsentligen
706 1104 123 28 förändrad,
838 1105 40 21 har

120 1139 116 21 Utskottet
251 1140 72 20 ansett
338 1138 13 29 &
367 1141 26 19 56
409 1139 52 21 böra
477 1139 109 21 innefatta
601 1139 78 22 endast
700 1139 130 28 hänvisning
845 1140 33 21 till

119 1173 58 22 hvad
192 1173 7 21 i
214 1174 72 20 ämnet
301 1173 103 21 särskildt
419 1173 96 28 stadgas.

190 1207 84 21 Momm.
291 1209 12 19 2
320 1208 39 20 och
383 1210 11 18 3
410 1208 7 21 i
434 1209 26 19 57
484 1207 12 29 &
515 1207 110 22 innehålla
644 1208 41 21 den
700 1207 81 28 riktiga
796 1208 81 27 grund-

120 1244 72 19 satsen
209 1243 33 20 att
256 1242 229 22 kommunalnämnden
496 1242 39 21 och
546 1242 208 28 kronobetjeningen
764 1242 53 22 böra
824 1248 53 16 sam-

121 1276 68 21 verka
204 1275 35 22 för
254 1276 131 27 ordningens
401 1276 193 28 upprätthällande
609 1276 56 22 inom
681 1277 133 27 kommunen,
825 1279 53 19 utan

122 1312 33 19 att
171 1310 41 21 den
228 1316 41 16 ena
284 1310 54 22 dock
353 1313 25 19 är
393 1311 41 21 den
450 1311 68 21 andra
536 1311 159 21 underordnad.
725 1312 34 21 Dä
782 1311 96 21 emeller-

120 1344 32 21 tid
169 1346 12 19 3
197 1350 60 16 mom.
274 1344 40 22 har
329 1345 69 21 sädan
413 1345 82 27 lydelse
510 1347 35 19 att
559 1345 206 28 kronobetjeningen
776 1345 103 27 möjligen

118 1378 73 22 kunde
207 1378 65 22 deraf
285 1381 53 25 taga
353 1380 35 26 sig
403 1380 118 27 anledning
536 1381 35 20 att
586 1386 52 15 anse
653 1380 107 21 nämnden
768 1380 34 21 stä
811 1379 69 22 under

120 1413 48 21 dess
191 1413 87 27 lydnad,
302 1414 40 21 har
357 1414 34 28 &n
407 1414 34 21 för
455 1414 142 27 aflägsnande
617 1414 25 21 af
655 1414 69 22 sådan
739 1413 140 29 uppfattning

190 1452 206 19 Kommunalutskottets
409 1454 110 17 betäkanden
531 1454 35 18 N:o
579 1455 15 17 1.
798 1454 10 17 3

889 312 28 22 54
928 313 38 22 och
974 312 28 23 55
1012 312 38 30 88.

892 1001 26 22 56
935 1000 21 29 8.
