1036 1711
295 140 30 23 U.
339 141 29 23 B.
383 153 24 3 —
422 141 74 29 Prop.
510 142 48 25 N:o
570 143 31 22 11.
764 142 26 22 31

78 205 33 20 ter
133 210 27 15 en
182 204 47 21 häst
251 205 20 26 ej
294 204 112 23 framföras
428 208 68 20 större
517 206 119 28 tyngd:än
651 207 60 27 tjugu
725 206 94 28 lispund,

77 237 145 28 skjutskarlen
245 238 43 22 den
306 239 48 22 icke
370 240 133 27 inbegripen.
533 239 31 22 På
579 239 80 23 äkdom
674 242 53 21 efter
742 240 36 22 två
791 241 31 21 el-

75 272 33 21 ler
130 273 52 21 flere
204 273 74 21 hästar
297 272 37 22 mä
349 274 95 27 tyngden
460 275 54 21 ökas
528 275 51 21 med
593 275 80 22 femton
688 275 86 27 lispund
789 276 33 21 för

77 306 74 27 hvarje
173 306 54 27 häst,
252 306 57 22 dock
330 309 30 19 att
381 308 144 27 skjutskarlen
541 309 8 20 i:
564 309 41 21 den
621 309 113 22 bestämda
748 310 75 28 vigten

76 340 49 22 icke
139 340 84 28 ingår.”

143 376 85 21 Jemväl
249 376 60 22 inom
331 377 100 22 utskottet
446 377 40 22 har
499 376 61 29 fråga
574 378 75 22 väckte
664 378 75 22 derom
755 379 64 21 huru-

75 409 50 21 vida
147 410 49 22 icke
218 411 76 21 endast
316 411 42 22 den
380 412 44 27 vigt
447 412 66 22 borde
534 412 7 21 i
556 412 151 28 författningen
722 415 96 26 utsättas,

75 450 46 16 som
137 444 126 28 skjutsande
277 452 52 16 vore
344 446 86 28 skyldig
444 449 30 19 att
488 448 109 21 framföra.
623 448 49 21 Men
685 448 93 22 emedan
786 448 33 22 så-

75 478 53 22 dant
150 479 70 22 skulle
241 480 50 21 leda
314 480 29 21 till
358 482 30 20 att
402 481 85 29 kitsliga
502 482 128 27 gästgifvare
645 482 54 22 eller
713 483 109 27 skjutsare

75 513 73 21 kunde
164 514 71 21 fordra
250 516 30 20 att
295 515 75 27 hvarje
384 516 93 21 resande
492 516 54 21 skall
560 518 74 26 vägas,
647 516 87 23 hvilken
743 522 75 22 opera-

74 548 41 21 tion.
139 548 74 22 kunde
235 549 88 27 förnyas
338 548 14 23 &
366 550 75 27 hvarje
455 551 121 27 gästgifveri
592 551 40 21 och
648 550 86 23 således
748 552 70 22 föran-

74 582 50 21 leda
146 584 29 20 ett
196 583 172 28 trakasserande,
393 590 47 17 som
459 585 73 21 kunde
550 585 64 22 hafva
629 585 29 21 till
672 584 82 29 påföljd
769 586 49 22 obe-

74 617 44 28 hag
140 618 40 21 och
203 618 164 28 tidsuppehälle,
388 619 70 22 skulle
474 620 100 21 utskottet
588 626 53 15 anse
655 620 74 28 nödigt
743 622 31 20 att
788 621 29 21 äf-

75 659 40 14 ven
139 653 69 21 andra
226 653 91 22 enklare
331 654 166 22 bestämmelser
512 655 146 26 meddelades,
675 655 40 22 och
730 654 29 22 då
773 655 43 28 det,

72 687 36 21 vid
131 687 100 22 försöken
255 689 30 20 att
307 689 62 21 träffa
391 688 90 28 sådana,
498 689 53 22 visat
566 690 32 27 sig
612 688 58 22 svårt
685 691 29 20 att
728 689 88 28 påfinna

72 722 128 28 lämpligare
222 724 27 19 än
273 723 27 21 de
323 723 6 21 i
352 723 40 21 den
414 722 79 29 nådiga
508 724 158 27 propositionen
681 724 129 27 föreslagna,

72 757 40 21 har
133 757 101 21 utskottet
256 758 49 21 trott
327 757 32 28 sig
380 757 53 22 böra
448 758 86 22 förorda
550 758 62 21 deras
628 758 122 27 antagande
764 758 52 22 med

73 791 42 21 den
131 791 98 28 ändring,
247 792 30 21 att
291 791 163 28 bestämningen
470 793 7 20 i
491 793 66 21 första
572 792 124 28 meningen,
711 793 37 20 det
757 792 60 22 Fem-

73 829 36 18 ton
123 825 86 28 lispund
223 826 58 27 finge
295 825 75 28 läggas
386 825 28 28 pä
429 825 71 23 åkdon
516 827 54 21 efter
584 833 27 14 en
627 827 54 27 häst,
698 827 70 21 skulle
779 830 37 19 än-

73 859 49 23 dras
144 860 31 22 till
197 859 61 30 gugu
282 860 93 28 lispund,
392 859 71 23 såsom
478 862 32 21 för
524 860 137 22 närvarande
675 861 7 21 i
697 862 60 27 Kejs.
774 862 41 22 för-

72 895 61 22 ordn.
158 895 24 21 af
201 895 42 21 den
266 895 28 21 30
309 895 88 21 Januari
412 895 63 27 1872,
492 898 25 19 är
531 895 69 29 sagdt,
617 895 40 22 och
672 896 92 21 emedan
781 897 35 21 be-

71 930 137 27 stämningen
223 931 8 21 i
245 930 45 22 den
303 928 80 30 nådiga
397 931 157 27 propositionen
570 930 49 22 icke
633 929 45 23 står
691 931 6 21 i
708 931 108 22 öfverens-

72 964 123 22 stämmelse
217 965 50 21 med
289 964 135 28 grunderna.
436 966 33 21 för
484 965 149 28 beräkningen
649 966 24 20 af
684 972 28 15 en
728 972 88 20 persons

71 1001 44 27 vigt
129 1001 7 20 i
151 1000 62 27 öfrigt
233 1000 2 20 i
250 1006 84 15 samma
350 1001 20 25 $;
387 1002 54 19 samt
456 1002 30 19 att
501 1000 60 22 ordet
575 999 94 23 sålunda
684 1000 7 21 i
706 1000 51 22 sista
772 1007 44 15 me-

71 1036 81 26 ningen
174 1035 25 21 af
217 1035 66 21 första
306 1036 117 20 momentet
445 1035 6 20 i
475 1035 72 21 denna
567 1036 19 26 $,
604 1033 72 29 måtte,
693 1034 30 22 till
738 1035 75 21 undvi-

71 1069 72 22 kande
166 1070 23 21 af
209 1069 37 21 det
267 1068 155 27 missförstånd,
449 1071 30 20 att
497 1069 129 28 stadgandet
640 1069 72 22 skulle
724 1070 91 21 hänföra

71 1104 32 27 sig
125 1103 76 23 endast
223 1103 30 22 till
272 1103 37 22 det
322 1105 97 20 närmast
433 1104 56 21 förut
503 1103 113 22 bestämda
630 1103 137 28 persontalet,
783 1105 31 20 ut-

71 1138 62 26 bytas
148 1139 44 21 mot
206 1138 62 22 ordet
283 1137 73 28 ofvan.

138 1184 10 21 I
170 1184 158 28 sammanhang
350 1184 51 22 med
423 1184 72 22 denna
517 1186 11 23 $
552 1185 39 20 har
613 1184 100 22 utskottet
732 1184 29 22 till
776 1184 37 22 be-

70 1218 103 29 handling
188 1219 91 21 förehaft
294 1219 151 27 ofvanintagna
460 1218 218 28 petitionsmemorial.

139 1266 34 21 De
195 1264 189 23 sakförhållanden
407 1265 140 27 petitionären
570 1264 117 22 framhållit
700 1264 70 22 finner
784 1266 31 20 ut-

69 1300 77 22 skottet
168 1300 100 27 förtjenta
290 1300 24 20 af
333 1300 37 20 allt
392 1300 109 26 afseende,
525 1300 100 20 hvarföre
644 1299 106 27 utskottet,
768 1305 46 15 som

69 1334 66 20 likväl
157 1340 64 14 anser
236 1334 43 20 den
295 1334 109 20 blifvande
418 1329 151 31 författningen
585 1334 53 20 böra
652 1332 110 22 innehålla
777 1340 37 14 en-

69 1368 48 20 dast
137 1367 27 21 de
179 1368 110 20 allmänna
304 1367 190 27 bestämningarna
508 1368 7 19 i
530 1368 80 24 ämnet,
627 1365 89 23 föreslår
731 1369 29 18 ett
775 1367 37 20 till-

68 1401 52 28 lägg
139 1401 29 21 till
183 1401 72 21 denna
270 1402 13 24 $
297 1401 8 20 i
320 1401 36 21 det
370 1401 62 26 syfte,
449 1402 30 20 att
494 1400 104 27 styrelsen
614 1400 69 22 skulle
698 1406 49 21 ega,
763 1400 52 22 med

69 1435 111 22 anseende
195 1434 14 22 &
223 1435 107 22 särskilda
344 1434 191 23 ortsförhällanden
550 1433 29 30 pä
597 1434 97 23 ansökan
712 1433 101 24 meddela

134 1486 135 19 Sammansatta
282 1486 49 24 Lag-
343 1487 30 17 och
386 1486 180 19 Ekonomiutskottets
578 1485 113 19 betänkande
701 1486 37 18 N:o
753 1485 20 18 4.
