1048 1709
248 145 12 19 6
546 144 53 22 N:o
615 144 28 22 6.

219 217 103 15 munerna
344 211 69 21 skulle
435 211 133 21 fortfarande
588 211 119 21 bibehållas
722 211 36 21 vid
774 210 62 22 deras
851 210 60 21 förra
926 211 43 19 rät-

219 244 69 27 tighet
303 245 17 27 ej
336 244 83 22 mindre
434 245 34 21 till
482 246 54 20 mul-
551 245 39 21 och
605 245 87 21 renbete
712 247 27 19 än
754 244 33 21 till
800 245 53 26 jagt,
870 244 100 26 djurfång

219 279 39 21 och
273 278 54 22 fiske
341 280 58 20 inom
414 280 26 21 de
456 279 115 22 afvittrade
586 279 169 27 kronojordarne
771 280 56 20 samt
841 278 36 21 vid
888 278 80 27 nyttjo-

219 315 44 19 rätt
278 313 33 21 till
327 314 37 20 der
379 314 134 27 upprödjade
529 317 72 24 ängar,
618 313 39 22 och
673 313 93 22 särskild
778 313 50 27 jord
836 313 80 26 jemväl
927 313 43 20 till-

218 348 75 26 läggas
316 347 80 22 sådane
418 348 112 27 nybyggen
549 348 38 21 och
606 350 56 24 torp,
681 348 73 21 hvilka
768 347 115 27 pröfvades
898 347 73 20 kunna

218 383 78 25 utgöra
311 381 169 28 sjelfbestående
496 383 129 26 lägenheter,
642 384 56 19 samt
712 381 83 22 mindre
810 381 81 22 sådana
902 382 68 20 skatt-

219 416 74 27 läggas
316 416 71 21 såsom
409 417 185 27 kronoskogstorp
613 416 28 27 på
657 418 45 19 sätt
716 417 58 20 inom
788 416 67 21 redan
871 415 99 22 afrösade

219 451 142 26 kronojordar
384 451 66 26 skett;
470 453 32 19 att
521 451 137 21 innehafvare
674 451 22 20 af
710 451 112 26 nybyggen
837 451 39 20 och
892 452 55 24 torp,
963 451 7 20 i

217 485 104 20 händelse
336 485 26 20 de
377 485 66 20 likväl
458 485 56 21 ifrån
530 485 62 21 desse
608 485 45 20 sine
666 485 124 26 lägenheter
801 484 105 27 afhystes,
916 484 54 26 ägde

218 519 61 26 njuta
301 519 121 26 ersättning
444 519 34 21 för
500 519 94 27 odlings-
609 519 40 20 och
664 519 235 26 byggnadskostnader,
915 520 56 19 samt

218 553 173 26 uppkommande
409 553 77 21 tvister
504 554 74 21 härom
594 553 52 21 eller
660 553 107 21 huruvida
782 554 32 20 ett
828 553 98 26 nybygge
942 553 29 20 el-

218 587 32 20 ler
265 589 48 25 torp
329 587 71 21 kunde
417 588 77 25 utgöra
509 587 169 27 sjelfbestående
687 587 101 26 lägenhet
799 587 85 26 afgöras
894 593 76 20 genom

218 621 149 28 kompromiss,
383 621 87 22 hvilken
485 622 69 21 skulle
569 622 23 21 af
603 621 131 30 sakägarene
746 623 60 20 utses
817 622 39 21 och
866 621 32 21 uti
906 621 64 21 hvars

218 657 73 26 utslag
306 656 90 27 ändring
412 657 18 26 ej
446 656 56 27 finge
518 657 70 26 sökas,
602 657 66 26 jemte
684 657 36 20 det
736 656 103 21 särskildt
858 656 111 21 Kuusamo

219 691 131 20 sockneboer
372 691 67 21 borde
462 691 118 27 berättigas
603 690 51 21 idka
676 691 129 27 svedjebruk
824 691 33 21 till
874 691 36 20 det
926 697 44 14 om-

218 724 51 27 fång
291 725 40 21 och
352 725 69 21 under
443 725 41 21 den
506 725 101 26 kontroll,
631 731 46 15 som
696 725 73 21 derom
784 725 71 21 kunde
871 727 100 19 närmare

218 759 151 28 föreskrifvas;
385 759 109 22 äfvensom
510 762 32 19 att
557 760 42 21 alla
614 760 49 21 med
674 760 235 27 öfverloppsjordarnes
921 766 50 21 pro-

218 795 105 20 visionela
345 794 114 22 afrösande
481 795 58 21 inom
557 795 111 20 Kuusamo
684 795 39 20 och
738 795 126 27 Kuolajärvi
880 795 91 20 socknar

218 829 103 20 förenade
342 829 118 21 kostnader
483 829 69 22 skulle
567 829 107 21 bestridas
690 829 23 21 af
726 829 90 26 kronan,
833 835 45 15 som
892 829 79 27 jemväl

219 863 54 27 ägde
289 869 92 16 ansvara
396 863 34 22 för
444 864 145 21 kostnaderne
604 864 36 21 vid
656 864 93 21 skeende
764 864 207 26 ägodelningsrätts-

219 898 172 21 sammanträden
406 898 58 21 inom
479 899 100 26 samtliga
594 898 125 27 socknarne,
736 898 90 21 såframt
840 898 131 26 klagomålet

218 932 47 21 icke
280 932 79 27 ansågs
374 932 121 27 obefogadt,
511 933 7 21 i
534 932 82 22 hvilket
630 932 38 21 fall
683 932 89 21 arvodet
787 932 85 21 komme
882 934 33 19 att
927 932 44 27 gäl-

218 967 39 20 das
272 966 24 21 af
310 967 47 26 den,
374 973 46 15 som
435 968 83 20 rättens
534 967 158 21 sammanträde
706 966 102 27 påkallat,
826 966 39 21 och
880 966 47 21 åter
939 966 31 21 af-

217 1001 248 26 vittringskostnaderne
472 1001 57 21 inom
538 1001 125 22 Kemiträsk
672 1001 90 21 sålunda
770 1001 90 26 betalas,
869 1003 33 19 att
910 1001 61 21 sock-

217 1037 120 19 nemännen
352 1035 70 22 skulle
437 1037 81 20 ersätta
534 1036 17 27 ej
567 1035 83 22 mindre
669 1035 302 27 förrättningslandtmätaren

217 1069 34 22 för
273 1076 53 20 rum,
349 1069 41 22 ved
410 1070 40 21 och
465 1070 48 26 ljus,
530 1073 27 18 än
572 1070 82 21 kronan
670 1069 33 22 för
719 1070 139 26 dagsverken,
876 1076 46 15 som
938 1076 32 15 er-

218 1103 113 22 fordrades
346 1103 34 21 för
394 1104 97 27 mätning
507 1105 23 20 af
543 1105 41 20 den
600 1103 172 27 samfälligheten
787 1103 129 22 tillfallande
926 1104 44 26 jor-

219 1137 46 26 den,
282 1138 40 21 och
336 1137 83 22 kronan
434 1138 91 21 bekosta
540 1138 124 26 mätningen
680 1138 22 21 af
715 1138 57 21 hvad
787 1144 46 15 som
844 1138 86 21 komme
938 1139 33 19 att

217 1170 34 22 till
277 1173 49 20 dess
351 1172 173 27 öfverloppsjord
550 1173 85 24 räknas,
661 1172 114 21 hvarutom
797 1173 110 20 Kuusamo
931 1172 39 21 och

217 1205 127 28 Kuolajärvi
367 1206 128 21 socknemän
517 1207 67 20 borde
600 1206 120 21 bibehållas
736 1206 35 21 vid
787 1206 41 21 den
843 1206 49 21 dem
907 1206 64 21 ofvan

217 1240 109 25 medgifna
347 1240 114 21 befrielsen
483 1241 69 20 under
573 1240 93 21 fredstid
687 1240 48 20 från
758 1240 147 26 skyldigheter
931 1241 40 20 och

218 1279 65 14 onera
297 1273 8 20 i
321 1273 100 21 afseende
437 1273 13 20 å
464 1273 176 26 landsförsvaret,
664 1279 48 15 men
734 1273 124 21 Kemiträsk
881 1273 88 22 sockne-

217 1307 53 21 boer
285 1307 133 21 fortfarande
434 1313 91 15 ansvara
539 1307 34 22 för
589 1307 41 21 den
645 1308 39 21 der
698 1307 100 27 gällande
813 1308 97 26 rotering
925 1308 44 21 tills

217 1341 75 22 härom
307 1342 72 21 kunde
393 1342 135 21 annorlunda
543 1342 120 21 förordnas.
984 1337 8 2 N

285 1377 65 21 Emot
372 1377 60 21 detta
453 1377 82 26 förslag
553 1377 109 27 uppställa
681 1377 33 26 sig
731 1377 66 22 likväl
812 1377 107 22 särskilda
934 1378 36 21 be-

217 1411 151 27 tänkligheter.
398 1411 47 22 Den
468 1411 113 22 skattbara
599 1412 98 26 ägovidd,
717 1418 46 15 som
778 1411 124 28 föreslagits
917 1412 54 22 böra

218 1446 94 22 tilldelas
328 1446 74 28 hvarje
417 1446 142 27 provisionelt
572 1447 88 27 mantal,
676 1448 24 20 är
715 1447 169 27 uppenbarligen
900 1449 69 20 större
