1020 1711
288 93 26 20 U.
328 93 30 18 B.
376 103 23 3 —
416 94 82 23 Prop.
513 93 46 18 N:o
573 95 37 17 10.
777 93 13 19 5

79 155 85 22 utskott
184 153 82 28 antydt.
302 153 50 21 Men
374 153 63 22 äfven
461 159 35 16 om
517 154 61 21 detta
598 153 152 27 sammanhang
765 159 51 15 vore

77 189 63 26 höjdt
154 188 60 21 öfver
228 187 75 27 hvarje
316 187 82 26 tvifvel,
414 187 24 21 sä
452 187 43 22 kan
509 187 94 22 nämnda
616 186 136 23 förhållande
760 186 55 21 dock

76 222 48 21 icke
147 221 23 22 fä
192 221 58 26 gälla
273 227 45 15 som
337 222 33 20 ett
384 221 117 26 afgörande
515 221 47 21 skäl
576 221 34 21 för
625 220 187 26 nödvändigheten

76 257 34 20 att
127 256 28 20 än
169 255 75 21 vidare
258 254 148 27 upprätthälla
420 254 99 22 enskilda
533 254 87 27 lagbud,
635 254 35 21 för
683 253 74 22 hvilka
772 253 41 21 den

75 289 108 21 närmaste
208 288 97 26 grunden
327 288 66 21 redan
416 288 55 21 vikit
492 288 79 21 undan.
597 299 23 3 —
636 288 64 20 Hvad
714 287 47 21 äter
776 287 37 21 det

75 322 91 21 sednare
180 321 116 22 motskälet
310 321 137 27 vidkommer,
459 321 24 22 sä
492 321 63 22 torde
565 321 122 27 tjenarenes
696 320 118 27 inflytande

74 355 28 28 pä
117 355 117 22 ”hemmets
249 354 55 22 frid”
321 355 46 22 deri
386 361 51 16 vara
449 355 108 27 betydligt
573 354 163 26 öfverskattadt,
754 354 59 22 helst

67 389 111 22 "hemmets
192 388 43 22 frid
250 390 79 26 ytterst
343 389 64 22 beror
422 388 23 22 af
457 388 181 23 husbondefolket
648 388 56 27 sjelf.
733 388 81 22 Genom

74 422 197 28 sjelfbeherskning
292 423 74 22 kunna
385 423 112 22 husbonde
521 424 40 21 och
585 422 119 22 matmoder
729 422 86 22 säkrast

73 456 107 22 beherska
195 457 33 21 sin
243 456 129 28 omgifning;
395 458 40 20 och
449 458 49 21 med
512 457 70 27 nägon
597 456 119 22 nämnvärd
731 456 80 26 svärig-

73 491 38 21 het
129 490 35 22 för
188 491 49 21 dem
258 490 43 22 kan
324 491 38 21 det
379 490 48 22 icke
443 497 52 15 vara
509 490 106 25 förenadt,
630 491 39 26 att,
684 490 47 21 ifall
745 490 67 21 behof

74 524 63 22 deraf
157 526 70 25 göres,
249 524 142 28 undandraga
414 524 33 27 sig
471 525 122 27 tjenarenes
611 524 103 27 spejande
728 524 83 22 blickar

73 558 40 21 och
128 560 59 19 öron.

140 591 50 22 Men
214 591 62 22 äfven
301 592 74 26 andra,
400 598 59 15 mera
482 592 109 21 bindande
615 591 48 22 skäl
677 591 51 27 tala,
744 592 68 27 enligt

72 625 124 22 Utskottets
227 625 72 27 tanke,
321 625 34 22 för
379 626 42 21 den
443 626 79 27 nädiga
536 625 167 28 propositionen.
731 626 44 21 Det
790 628 23 19 är

71 659 74 26 kändt,
165 661 34 19 att
217 660 67 21 redan
299 659 55 22 1734
369 659 35 22 ärs
419 660 35 27 lag
469 660 7 21 i
492 660 13 21 7
519 660 12 27 $
546 660 27 20 17
587 660 50 26 kap.
652 660 26 21 R.
694 659 24 22 B.
733 659 80 22 förkla-

71 693 53 21 rade
138 695 50 24 eget
202 693 88 22 husfolk
304 693 40 22 och
359 693 98 22 enskilde
471 693 84 27 tjenare
569 699 52 16 vara
636 693 23 22 af
668 693 71 22 denna
749 694 63 21 deras

71 726 108 28 egenskap
194 726 153 23 oförhindrade
362 729 38 24 att,
416 727 7 20 i
434 728 57 21 vissa
506 728 39 21 der
559 727 104 27 uppgifna
678 727 44 26 fall,
736 727 76 22 vittna.

72 761 74 27 Nägon
162 761 131 26 erfarenhet,
308 761 23 22 af
344 761 95 22 innehäll
454 763 33 20 att
503 762 71 21 denna
588 760 104 23 afvikelse
707 761 48 22 frän
770 761 41 22 den

72 794 23 22 af
111 795 55 21 1734
186 795 35 21 års
238 795 122 27 lagstiftare
382 795 8 21 i
405 794 67 28 öfrigt
486 795 87 28 hyllade
587 795 117 27 grundsats
719 795 8 21 i
741 797 72 20 ämnet

71 829 54 22 eller
139 830 33 21 att
186 829 42 21 den
243 831 27 19 än
281 829 158 22 vidsträcktare
450 829 105 22 afvikelse
565 828 101 27 derifrän,
678 835 45 15 som
733 829 78 27 Kongl.

71 862 162 28 Förordningen
257 863 41 21 den
312 863 14 20 7
348 862 51 22 Juni
414 863 55 21 1749
484 863 120 27 medgifvit,
620 862 70 22 skulle
704 862 109 22 föranledt

70 896 118 27 rättsväda,
204 896 40 22 har
258 896 47 22 icke
320 896 68 22 heller
403 896 58 22 inom
476 896 114 23 Utskottet
603 896 84 22 kunnat
700 896 111 28 äberopas.

70 931 34 21 Dä
125 931 42 21 den
188 930 80 28 nädiga
291 930 160 28 propositionen
474 931 104 27 derjemte
599 930 75 28 lägger
688 931 46 27 vigt
748 931 63 27 uppä,

71 966 33 20 att
128 964 37 23 det
183 964 129 28 ifrägasatta
332 964 175 28 jäfsstadgandet
525 965 91 21 bereder
630 964 55 22 bäde
699 965 112 21 husbonde

71 999 40 21 och
121 998 90 28 tjenare,
221 1006 46 15 som
274 1000 66 21 tvista
349 999 49 21 med
411 1000 127 26 hvarandra,
553 998 90 28 mycken
657 999 116 27 svärighet,
788 999 24 21 sä

71 1033 124 22 framhåller
213 1034 42 21 den
269 1034 80 26 nådiga
363 1034 167 26 propositionen,
547 1033 67 27 enligt
628 1032 123 22 Utskottets
767 1039 44 15 om-

70 1068 69 26 döme,
158 1067 67 27 något
239 1073 59 16 mera
312 1069 27 20 än
355 1073 26 16 en
396 1067 57 22 blott
467 1068 121 27 olägenhet,
604 1073 26 15 en
645 1066 84 28 verklig
744 1067 67 21 orätt-

70 1101 53 26 visa,
138 1101 87 22 hvartill
244 1101 114 22 samhället
372 1101 52 27 sjelf
437 1103 38 24 gör
491 1101 33 27 sig
538 1101 97 27 skyldigt
656 1100 8 21 i
679 1101 40 21 och
733 1106 76 21 genom

70 1135 102 21 förbudet
202 1135 33 21 för
266 1135 41 21 den
322 1135 152 21 rättssökande
489 1137 39 24 att,
544 1135 34 21 till
593 1134 117 27 styrkande
725 1134 23 21 af
762 1134 47 21 sina

71 1168 115 27 uppgifter,
202 1175 45 15 som
262 1169 69 21 vittne
347 1168 68 22 anlita
430 1175 25 15 en
470 1174 85 22 person,
569 1168 65 22 hvars
649 1167 52 28 vilja
716 1168 39 22 och
765 1168 44 21 för-

70 1202 63 27 mäga
147 1204 39 24 att,
202 1202 62 22 äfven
279 1203 8 21 i
301 1202 37 22 det
352 1202 149 28 ifrägakomna
515 1202 69 26 fallet,
599 1202 45 22 tala
659 1201 90 28 sanning
762 1201 48 22 icke

70 1236 75 27 längre
172 1236 74 22 kunna
274 1236 98 28 skäligen
400 1236 108 22 hetviflas.
547 1236 45 21 Och
614 1236 71 21 denna
706 1236 105 21 orättvisa

69 1270 43 21 blir
127 1270 24 21 sä
165 1270 86 27 mycket
264 1276 59 16 mera
337 1270 116 27 uppenbar,
469 1276 46 16 som
529 1270 133 26 husbonden,
672 1269 68 28 enligt
754 1269 56 22 hvad

69 1303 151 23 erfarenheten
242 1304 48 22 icke
314 1304 68 22 sällan
409 1304 120 28 ädagalagt,
553 1304 41 22 lätt
608 1304 43 21 kan
665 1304 93 27 kringgä
773 1304 36 21 det

69 1337 114 21 anmärkta
204 1337 101 21 förbudet
333 1344 76 19 genom
431 1340 32 18 att
484 1338 34 20 för
540 1336 97 22 tillfället
654 1344 26 14 ur
694 1338 33 20 sin
742 1338 69 25 tjenst

70 1370 110 26 entlediga
198 1370 42 21 den
258 1370 88 26 tjenare,
362 1370 23 21 af
397 1370 64 22 hvars
476 1370 123 22 vittnesmål
614 1370 42 21 han
671 1370 39 21 vill
724 1370 34 26 sig
772 1370 37 21 be-

70 1408 76 22 gagna,
162 1403 40 22 och
216 1403 94 22 derefter
324 1403 47 22 äter
385 1405 52 25 taga
451 1404 78 21 honom
543 1403 8 21 i
566 1403 100 27 tjensten.

137 1449 126 22 Lagutskottets
275 1448 110 18 Betänkande
396 1448 34 17 N:o
442 1449 16 17 3.
