1020 1703
236 143 27 19 14
425 143 26 19 U.
467 144 30 17 B.
512 153 27 4 —
554 144 82 22 Prop.
651 143 47 18 N:o
712 144 36 18 1$.

207 209 62 21 äfven
285 209 62 26 eljest
362 208 107 27 olyckliga
483 209 65 20 oäkta
562 208 88 25 barnen,
666 208 7 20 i
688 208 71 26 nägon
774 213 50 15 mon
840 208 111 26 verkligen

207 243 66 20 lättas
289 242 39 21 och
344 241 129 22 ätminstone
489 248 26 15 en
525 241 35 22 del
571 241 23 21 af
608 241 49 21 dem
672 241 151 27 uudanryckes
839 241 37 22 det
892 241 59 21 elän-

209 277 26 20 de
250 276 40 21 och
304 275 89 26 förderf,
408 275 63 22 derät
485 275 94 22 flertalet
593 275 109 21 härintills
717 276 57 20 varit
789 275 117 22 hemfallet.

276 309 130 22 Pluralitens
416 310 8 20 i
434 309 113 22 Utskottet
557 309 74 21 försök
642 310 32 19 att
688 309 147 21 bortförklara
850 309 36 21 det
897 309 55 21 före-

208 343 128 27 ningsband,
361 348 45 16 som
428 343 75 21 ställer
517 343 76 21 fadren
608 342 45 21 lika
667 345 54 19 nära
736 343 37 21 det
789 343 65 21 oäkta
869 343 82 26 barnet,

208 384 45 14 som
275 378 89 20 modren
387 376 34 22 till
437 377 36 21 det
488 383 81 15 samma
584 376 51 26 stär,
651 376 40 21 har
705 376 48 21 icke
768 376 7 21 i
791 376 96 27 ringaste
902 382 49 16 mon

208 412 89 20 förmätt
306 410 70 22 rubba
386 411 44 21 min
441 410 143 28 öfvertygelse
598 411 32 19 att
645 410 107 22 hvardera
767 410 68 27 enligt
849 412 103 20 naturens

208 445 40 21 och
270 444 146 27 sedlighetens
439 444 45 21 bud
506 445 45 21 stär
567 444 77 21 barnet
659 444 46 21 lika
719 446 56 19 nära
790 444 39 21 och
845 446 33 19 att
893 445 60 21 detta

209 479 57 27 förty
288 479 40 21 bör
350 484 52 16 vara
425 478 45 21 lika
494 478 134 26 hberättigadt
644 480 32 19 att
690 479 53 25 taga
757 478 36 21 arf
807 478 56 21 efter
877 478 75 27 begge.

208 513 25 27 Ej
249 513 68 21 heller
339 512 69 22 finner
420 513 38 26 jag
473 512 27 21 de
515 512 73 26 motiv,
604 512 114 21 Utskottet
732 512 120 22 framhällit
868 512 34 21 för
917 513 37 27 det

209 548 65 20 oäkta
295 547 87 21 barnets
406 547 138 21 uteslutande
568 546 48 21 frän
632 547 34 20 arf
680 546 55 22 efter
749 546 90 22 fäderne
855 547 39 21 och
909 549 43 19 mö-

209 582 65 21 derne
299 580 94 27 fränder,
418 587 51 15 vara
484 580 104 26 hällbara,
605 582 52 19 enär
672 581 42 21 den
729 580 147 28 tillgifvenhet
891 580 62 22 desse

209 618 90 25 antagas
312 615 74 21 kunna
401 615 54 27 hysa
469 617 44 20 mot
528 616 37 20 det
581 614 65 22 oäkta
660 615 89 21 barnets
764 614 63 22 fader
841 614 54 23 eller
910 623 43 14 mo-

209 652 44 25 der,
277 657 48 14 men
341 650 19 27 ej
379 649 122 28 öfverflytta
520 649 35 22 till
577 649 83 27 barnet,
680 649 69 22 hellre
765 650 40 21 och
820 651 133 26 naturligare

206 685 47 26 just
274 684 68 22 borde
364 684 87 21 komma
473 684 61 20 detta
555 683 34 21 till
612 683 41 26 del,
676 683 40 21 och
736 690 26 14 en
777 684 66 27 ovilja
858 686 44 20 mot
917 685 36 21 det

210 718 112 27 oskyldiga
336 718 96 21 barnet
423 712 12 37 i
446 717 74 27 hvarje
535 716 38 22 fall
589 718 25 20 är
629 717 144 27 oberättigad,
783 724 34 15 om
837 718 116 22 arfsrätten

209 753 33 21 för
265 752 67 26 öfrigt
354 752 40 21 alls
408 751 43 21 kan
467 752 39 20 och
521 751 34 21 fär
570 751 100 21 härledas
690 751 47 22 frän
753 758 26 15 en
796 752 59 27 dylik
870 753 83 21 känsla.

209 787 49 21 Men
271 787 38 26 jag
324 786 39 21 har
378 785 120 22 emellertid
513 785 102 21 fränkänt
631 786 27 20 de
673 785 65 22 oäkta
752 786 83 22 barnen
850 787 35 21 arf
899 787 55 21 efter

208 821 96 23 fäderne,
326 819 95 26 frönder,
445 819 151 27 förnämligast
610 819 24 21 af
648 820 36 20 det
699 819 48 22 skäl
762 821 33 20 att
809 820 40 22 full
865 821 88 22 förviss-

208 855 53 26 ning
276 860 33 16 om
325 853 139 27 faderskapet
479 854 46 21 icke
541 859 38 15 ens
594 859 78 21 genom
687 854 175 27 lägersmannens
878 856 75 21 erkän-

208 888 72 22 nande
303 888 62 22 alltid
387 888 43 21 kan
453 894 63 15 anses
531 894 52 15 vara
598 894 85 15 vunnen
698 888 40 22 och
753 890 33 20 att
800 888 8 22 i
823 889 54 27 följd
892 889 63 22 häraf

208 929 27 15 en
260 922 150 27 utsträckning
434 922 23 22 af
471 922 116 21 arfsrätten
602 922 34 21 till
652 922 34 21 arf
697 922 80 28 jemväl
793 922 54 22 efter
865 923 88 22 fadrens

209 956 125 28 skyldemän
349 956 73 21 kunde
436 956 50 21 leda
501 956 34 21 till
549 956 152 22 förnärmande
717 956 23 22 af
753 963 82 16 annans
851 960 50 19 rätt.

276 992 42 26 Jag
340 990 61 21 hari
417 990 37 22 det
475 990 130 26 föregäende
622 990 7 20 i
645 990 123 27 möjligaste
790 991 88 22 korthet
903 992 50 21 sökt

210 1025 87 27 angifva
316 1025 26 21 de
362 1024 185 27 omständigheter
559 1024 38 27 jag
613 1023 36 22 vid
664 1023 87 28 frägans
768 1025 135 22 bedömande
917 1032 36 15 an-

210 1060 44 21 sett
276 1059 44 26 mig
342 1059 54 20 böra
416 1060 52 25 taga
482 1058 7 21 i
505 1057 143 22 betraktande
670 1059 40 20 och
727 1065 46 15 som
788 1059 110 22 föranledt
912 1060 41 21 den

210 1093 58 21 olika
288 1093 86 26 lösning
399 1092 68 26 deraf,
491 1092 71 21 denna
584 1092 44 20 min
642 1093 134 20 reservation
791 1095 24 19 är
830 1094 76 21 afsedd
921 1096 34 19 att

208 1127 120 21 framhälla.
358 1126 97 21 Härledd
476 1125 48 22 frän
547 1131 80 16 samma
652 1126 198 28 grundäskädning,
873 1127 81 28 hvarpä

209 1161 124 21 Utskottets
353 1159 81 27 förslag
453 1161 24 19 är
495 1159 75 27 bygdt,
585 1159 63 21 torde
662 1161 45 20 min
722 1161 109 21 särskilda
845 1161 87 27 mening
947 1162 7 20 i

209 1195 121 26 väsentliga
344 1194 61 21 delar
420 1193 73 21 kunna
507 1193 91 26 tillegna
608 1193 34 26 sig
652 1194 73 21 stödet
735 1194 23 21 af
767 1195 26 21 de
805 1195 46 21 skäl
865 1195 89 22 Utskot-

209 1229 33 20 tet
255 1228 34 21 för
304 1228 33 21 sin
352 1227 57 26 äsigt
424 1227 110 26 äberopat,
550 1227 40 21 och
604 1227 37 21 vid
656 1227 77 22 sädant
747 1228 136 22 förhällande
893 1229 60 21 vida-

209 1267 23 16 re
254 1261 66 20 motiv
342 1260 34 21 för
399 1261 41 20 den
463 1261 87 25 mening
569 1260 38 26 jag
622 1259 69 27 hyllat
706 1261 45 20 icke
767 1261 116 22 erfordras.
912 1263 41 26 Jag

208 1295 40 21 har
272 1295 18 26 ej
313 1294 68 21 heller
403 1295 72 20 ansett
499 1293 99 27 lämpligt
620 1295 96 26 upptaga
731 1295 28 20 de
773 1295 90 22 härmed
878 1296 7 20 i
900 1298 52 19 nära

208 1328 155 28 sammanhang
371 1328 90 22 stäende
469 1327 102 29 frägorna
586 1333 34 16 om
635 1328 167 28 lagstifningens
817 1330 7 21 i
840 1331 72 21 ämnet
922 1330 31 21 in-

208 1363 81 22 verkan
303 1362 28 27 pä
345 1362 135 27 sedligheten
489 1364 55 20 samt
552 1368 33 15 om
594 1362 38 21 det
639 1362 119 28 inflytande
773 1370 27 15 en
808 1364 84 22 ordnad
901 1365 52 26 legi-

208 1397 139 22 mationsrätt
365 1397 39 21 och
424 1396 127 28 förändring
565 1397 7 20 i
587 1397 101 26 gällande
703 1397 47 27 lags
767 1399 135 26 stadganden
917 1405 36 15 an-

209 1432 82 27 gäende
309 1431 132 27 rättigheten
461 1433 33 20 att
509 1437 76 21 genom
600 1433 130 21 testamente
745 1433 85 27 förfoga
845 1433 61 22 öfver
920 1434 33 21 sin

208 1465 166 27 gvarlätenskap
395 1465 72 22 kunde
491 1465 74 22 utöfva
579 1465 13 21 &
607 1466 27 21 de
648 1466 66 21 oäkta
728 1467 93 21 barnens
843 1468 109 26 ställning,

276 1509 126 22 Lagutskottets
414 1510 111 18 Betänkande
537 1511 34 16 N:o
583 1512 17 15 5.
