1025 1695
284 140 31 27 Ui
328 141 43 22 BB:
406 141 81 32 Prop.
501 141 48 27 N:o
561 143 45 20 11.
758 141 25 21 17

66 199 67 26 redan
146 200 20 25 .i
173 201 108 24 närmaste
294 201 88 26 framtid
398 201 64 29 lyftas
477 201 47 23 från
536 202 84 28 jorden,
636 201 36 22 det
686 202 84 29 utgifna
777 202 37 22 ka-

65 233 79 28 pitalet.
162 240 50 17 .vore
230 235 120 28 onödigtvis
365 235 107 22 utbetaldt
486 237 40 21 och
541 237 33 20 att
589 243 62 14 anses
666 235 70 22 såsom
755 236 59 21 bort-

66 266 92 25 kastadt.
167 279 9 6 ;:
187 267 61 24 Hvad
264 267 51 22 åter
325 269 27 21 de
363 269 127 22 industriela
496 270 173 26 inrättningarna
675 269 137 26 vidkommer,

66 306 52 16 som:
129 300 127 24 hädanefter
276 302 88 27 jemväl'
377 302 69 21 skulle
465 304 66 27 enligt
544 303 116 27 föreslaget
674 303 102 21 drabbas
791 303 24 21 af

62 329 81 39 denna'
156 329 70 39 tunga,
246 337 25 20 är
289 336 64 27 ingen
368 336 119 28 ersättning
502 336 22 22 ät
538 337 47 21 dem
601 336 128 28 föreslagen,
745 337 69 21 ehuru

65 367 62 22 äfven
140 367 28 23 de
182 368 123 23 tillkommit
319 369 68 24 under
402 369 155 27 förhällanden,
572 369 28 23 dä
615 377 26 15 en
657 370 66 22 sädan
730 372 82 26 presta-

65 402 45 21 tion
128 402 47 22 icke
189 402 72 29 älegat
275 404 55 25 dem,
345 404 41 22 och
400 404 83 22 hvilkas
498 406 64 27 ägare
579 404 89 27 således,
683 405 69 21 ehuru
766 404 47 22 icke

65 435 109 29 skyddade
210 437 24 22 af
267 438 107 23 särskilda
402 439 126 28 privilegier,
557 438 28 29 på
614 439 88 22 alldeles
732 445 82 15 samma

65 470 80 28 grund,
162 478 50 15 vore
226 472 134 29 berättigade
374 473 34 22 till
422 473 149 22 motsvarande
586 472 114 29 aflösning.
730 473 39 21 Att
783 479 30 15 nu

65 505 53 24 utan
136 505 134 28 godtgörelse
288 505 91 29 pålägga
396 507 49 22 dem
460 508 66 27 sagda
539 509 68 26 tunga
621 507 43 22 kan
678 507 134 28 följaktligen

64 538 49 22 icke
134 539 68 22 heller
220 547 62 15 anses:
301 541 35 21 för
353 541 76 28 billigt,
444 541 60 22 detta
517 541 62 23 äfven
595 541 86 22 derföre
696 543 33 20 att
743 541 69 25 dessa,

66 573 69 21 ehuru
149 573 27 23 de
191 574 34 21 väl
239 576 38 20 äro
291 575 8 20 i
313 574 67 23 behof
385 576 25 21 af
414 576 107 27 landsväg,
534 575 55 22 dock
596 575 47 22 icke
650 574 163 28 nödvändigtvis

66 605 91 24 behöfva
171 609 52 26 göra
238 608 93 27 anspråk
345 609 29 27 på
388 609 120 28 hållskjuts.

133 641 50 22 Men
199 642 83 21 oafsedt
297 642 40 22 allt
351 643 60 22 detta
426 643 74 26 skulle,
515 643 72 22 fastän
601 643 41 22 den
650 643 122 28 föreslagna
779 645 34 19 ut-

66 675 152 28 sträckningen
237 676 110 28 verkligen
365 684 51 15 vore
438 677 68 28 egnad
524 679 33 20 att
571 677 96 22 medföra
681 677 83 21 lättnad
779 677 34 22 för

66 707 27 24 de
115 709 130 28 lägenheter,
267 710 28 29 pä
297 710 88 29 hvilka
402 711 233 28 skjutsningsbesväret
652 711 75 26 hvilar,
743 711 70 22 denna

65 742 91 28 lättnad,
171 745 48 21 med
233 745 101 24 afseende
349 745 13 22 å
376 745 56 22 hvad
447 745 105 22 utskottet
565 746 8 21 i
587 746 38 21 det
639 745 129 28 föregående
776 753 37 14 an-

65 776 49 27 fört,
141 785 52 15 vara
215 779 76 22 endast
311 781 117 26 temporär.
464 779 85 23 Samma
571 780 94 25 orsaker,
688 787 46 14 som
756 781 58 27 gjort

65 811 234 30 skjutsningsbesväret
313 813 24 22 år
352 813 56 23 ifrån
423 813 25 22 år
461 807 93 40 alltmer.
561 807 124 40 tryckande,
700 813 69 22 skulle
781 814 32 21 in-

64 846 94 23 nankort'
180 859 25 4 —
225 847 61 22 desto.
301 854 95 19 snarare,
409 848 26 27 ju
450 848 107 28 hastigare
572 847 39 22 allt
624 847 9 21 i
647 847 66 28 öfrigt
727 848 85 21 utveck-

64 880 34 21 lar
112 880 33 27 sig
154 893 22 2 —
187 880 112 23 föranleda
307 882 33 20 att
348 881 79 21 verkan
435 881 24 21 af
465 881 140 22 omförmälda
612 881 83 21 lättnad
703 880 47 22 åter
759 888 53 20 upp-

64 913 65 26 häfts,
151 914 40 21 och
206 915 33 20 att
252 922 50 15 man
316 915 66 21 innan
396 915 51 21 kort
461 915 54 21 hade
530 914 136 23 återkommit
683 914 34 22 till
731 922 82 14 samma

64 947 74 27 punkt,
151 954 45 15 som
211 955 36 18 nu,
262 949 77 21 endast
352 950 33 20 att
399 955 49 14 man
463 949 86 28 utgifvit
563 948 23 22 åt
601 955 26 14 en
642 948 35 21 del
689 949 123 27 jordlägen-

64 981 61 22 heter
147 983 31 20 ett
199 983 48 20 rent
265 982 89 27 kapital,
369 989 46 14 som
429 989 27 14 en
471 982 81 28 åtgärd,
568 989 34 14 om
617 989 56 18 man,
689 981 28 22 då
731 984 80 25 tungan

64 1015 65 28 lyftas
152 1014 55 23 ifrån
224 1016 85 27 jorden,
327 1015 72 23 såsom
417 1016 78 28 skäligt
509 1023 62 22 synes
586 1015 75 29 gjorde
677 1015 94 29 anspråk
785 1015 29 28 på

64 1047 157 31 återbetalning
236 1050 25 21 af
277 1049 111 28 kapitalet,
407 1049 107 23 måhända
528 1050 68 22 skulle
611 1050 63 28 lägga
688 1050 124 29 ytterligare

64 1081 131 30 svårigheter
216 1084 8 21 i
239 1085 68 27 vägen
321 1083 34 22 för
370 1084 41 22 den
426 1085 120 21 önskvärda
559 1084 112 22 reformen.
702 1084 110 22 Utskottet

64 1117 43 22 kan
114 1117 34 22 för
163 1118 65 29 öfrigt
241 1119 49 22 icke
303 1117 115 24 underlåta
433 1121 33 20 att
480 1118 109 29 anmärka,
597 1118 102 22 hurusom
707 1119 42 20 den
756 1117 57 29 åsyf-

64 1152 49 21 tade
128 1152 110 22 lättnaden
253 1153 69 21 skulle
337 1152 85 23 komma
436 1153 77 22 endast
524 1160 27 14 en
563 1153 34 21 del
607 1152 24 21 af
636 1153 74 21 landet
717 1153 33 21 till
758 1153 54 28 godo

64 1199 29 3 —
106 1186 42 21 den
163 1187 69 26 södra,
248 1194 44 14 som
308 1187 62 21 äfven
384 1187 53 28 eljes
452 1187 28 28 på
494 1193 77 16 senare
585 1186 56 22 tider
654 1187 90 21 kommit
758 1187 7 20 i
780 1185 32 23 åt-

63 1220 103 28 njutande
189 1221 24 21 af
233 1221 28 21 de
282 1220 115 27 förmoner,
420 1228 46 15 som
480 1228 30 14 nu
524 1220 70 21 tidens
609 1220 204 22 kommunikations-

62 1254 70 22 medel
144 1255 101 27 :erbjuda
265 1267 31 3 —
317 1255 77 21 medan
416 1255 26 21 de
457 1261 65 15 norra
536 1256 87 20 orterna
638 1255 69 21 blefve
723 1253 24 22 sä
761 1254 53 27 godt

63 1296 46 15 som
132 1289 105 22 oberörda
259 1288 68 26 deraf,
350 1290 52 20 enär
424 1288 24 22 sä
470 1287 23 23 fä
512 1288 161 28 privilegierade
688 1288 124 27 lägenheter

63 1322 70 22 finnas
154 1323 117 21 derstädes.
309 1323 111 20 Utskottet
442 1330 63 13 anser
527 1322 86 21 derföre
635 1322 37 21 det
690 1322 122 27 föreslagna

64 1357 66 21 sättet
152 1358 32 20 att
205 1356 80 21 bereda
306 1355 95 28 lindring
422 1357 8 20 i
452 1355 231 28 skjutsningsbesväret
702 1356 7 20 i
724 1355 40 21 och
778 1355 34 21 för

63 1391 33 28 sig
107 1391 83 28 obilligt
199 1391 40 22 och
250 1390 82 22 mindre
344 1390 104 28 lämpligt,
461 1389 28 28 pä
501 1397 81 14 samma
594 1389 55 29 gång
656 1389 37 22 det
701 1389 62 28 ginge
770 1389 8 21 i
786 1396 26 15 en

63 1425 103 28 riktning,
181 1427 88 20 motsatt
283 1425 48 26 den,
347 1432 45 15 som
407 1425 59 22 leder
481 1424 33 21 till
528 1424 37 22 det
579 1423 97 29 äsyftade
684 1423 71 27 mälet,
762 1424 51 22 hva-

87 1473 136 17 Sammansatta
236 1470 53 24 Lag-
301 1472 31 18 och
345 1471 181 22 Ekonomiutskottets
539 1471 112 18 betänkande
662 1471 38 17 N:o
714 1469 19 20 4.
802 1470 12 17 3
