1039 1703
288 157 31 24 U.
338 152 30 38 B;
385 167 16 5 —
417 152 80 38 Prop,
512 152 43 38 N:o
569 152 32 38 14;
757 155 29 22 38

68 219 65 22 vinna
147 219 141 27 regeringens
302 219 67 28 bifall,
385 219 65 22 bland
468 222 65 19 annat
548 221 24 20 af
584 220 44 21 dem
643 221 124 26 anledning,
785 222 29 19 att

68 252 76 24 sådant
166 253 71 20 skulle
259 253 100 21 medföra
380 253 102 27 dröjsmål
502 254 6 20 i
524 256 111 25 posternas
650 254 162 25 fortskaffande,

68 287 39 20 och
131 285 28 22 då
177 286 37 21 det
232 287 110 20 dessutom
355 287 59 20 lärer
428 287 77 21 kunna
518 289 97 25 antagas,
633 289 28 19 att
676 287 137 28 klagomälen

68 321 60 20 öfver
149 320 83 21 hästars
255 320 152 24 förderfvande
426 321 82 26 härrör,
530 321 48 20 icke
598 321 62 20 deraf
673 323 31 19 att
718 321 42 21 den
775 322 38 20 hit.

68 354 32 20 tils
115 354 102 26 gällande
231 354 165 27 bestämningen
412 360 52 15 vore
479 355 7 20 i
501 355 39 21 och
555 355 34 20 för
603 355 33 27 sig
651 354 102 28 olämplig
763 360 52 19 utan

68 387 64 21 deraf
144 389 29 19 att
189 387 43 21 den
247 388 19 26 ej
284 388 110 27 efterlefts,
410 388 7 20 i
432 388 36 21 det
483 394 26 15 en
522 388 37 21 mil
566 388 42 21 ofta
617 395 43 21 nog
668 388 146 28 tillryggaläg-

68 428 38 20 ges
129 420 28 28 pä
180 422 11 27 J
216 423 82 25 ttmme,
314 422 101 21 stundom
430 420 29 29 pä
474 428 27 15 en
516 422 50 26 half,
583 422 38 21 allt
635 422 58 22 detta
707 423 7 20 i
729 425 50 19 trots
795 423 24 20 af

68 456 101 27 gällande
184 456 169 27 bestämningar,
370 456 41 28 har
424 457 101 21 utskottet
540 458 69 19 ansett
624 457 32 27 sig
671 457 54 21 böra
743 457 73 21 lemna

69 490 56 21 detta
141 490 121 28 stadgande
277 492 51 19 utan
344 490 74 22 vidare
433 490 99 28 ändring,
550 493 28 18 än
594 492 36 26 att,
647 492 7 19 i
669 491 36 21 fall
718 490 36 22 två
769 491 45 21 full-

68 530 73 16 vuxne
156 530 104 22 personer
276 524 50 21 med
341 525 86 27 bagage
442 523 42 22 åka
500 526 52 20 efter
567 531 26 14 en
610 525 54 27 häst,
681 525 135 27 hastigheten

68 558 129 21 inskränkes
219 557 31 27 så,
274 560 30 18 att
326 558 42 21 den
390 559 20 26 ej
430 557 37 22 må
482 559 115 26 öfverstiga
611 565 27 14 en
653 558 38 21 mil
706 558 29 28 på
745 559 70 26 sjuttio

70 593 99 22 minuter,
415 620 2 2 .

137 626 87 23 Jemväl
244 633 77 17 senare
345 628 116 20 momentet
484 627 23 20 af
526 632 86 15 samma
629 627 14 24 $
656 626 40 21 har
710 626 107 24 föranledt

69 660 170 27 anmärkningar
257 661 57 20 inom
331 660 101 24 uiskottet
446 660 6 20 i
468 659 24 21 så
507 659 74 27 måtto,
599 662 29 19 att
643 660 120 22 detsamma
779 667 37 15 an-

69 696 50 20 setts
135 694 73 24 kunna
225 694 48 21 leda
289 694 93 26 derhän,
396 696 28 19 att
440 693 126 28 skjutsande
582 694 57 27 finge
651 693 100 28 plikta
726 689 23 36 så
758 697 59 18 snart

69 728 92 25 resande
185 728 89 23 kommit
296 729 56 22 fram
366 734 36 17 om
418 728 40 21 ock
474 728 51 21 blott
541 735 26 15 en
585 729 56 21 enda
657 729 68 21 minut
740 735 77 16 senare

69 765 27 21 än
120 763 69 27 enligt
208 762 94 22 faststäld
319 762 44 28 tid;
377 763 40 21 och
432 762 39 22 har
487 763 95 22 nämnda
598 763 119 28 stadgande
733 763 84 23 derföre

69 799 83 22 anselte
164 797 54 24 böra
233 798 91 22 ersättas
338 797 24 21 af
374 798 30 19 ett
419 798 66 22 annat
500 797 6 20 i
522 797 65 26 syfte,
603 799 28 20 att
648 797 34 21 den
690 797 127 27 skjutsande

69 837 51 18 vore
136 831 96 24 förfallen
250 831 28 21 till
294 837 79 15 ansvar
388 837 37 16 om
439 831 41 20 han
498 831 115 27 uppehölle
629 831 41 22 den
679 832 92 21 resande
780 831 36 21 nä-

69 871 42 22 gon
128 865 120 25 nämnvärd
264 865 36 25 tid,
318 868 14 18 t.
350 872 34 15 ex.
403 865 27 27 tip
448 865 97 24 minuter,
564 866 83 20 utöfver
659 865 42 20 den
714 865 66 28 enligt
788 867 28 19 fö-

70 899 111 28 regäende
197 901 95 22 moment
308 898 119 25 bestämda.
761 895 2 2 -

138 933 35 25 Ett
188 932 77 23 sådant
280 932 119 29 stadgande
414 932 69 22 skulle
498 933 118 22 emellertid
633 939 51 15 vara
699 934 6 19 i
722 933 37 21 det
771 935 47 20 när-

71 970 68 22 maste
161 967 99 27 liktydigt
276 967 49 20 med
342 973 26 14 en
385 967 44 25 lika
443 970 43 19 stor
502 967 136 27 förlängning
653 969 23 19 af
689 968 66 24 tiden,
773 973 45 15 som

70 1003 40 20 bör
131 1001 112 22 användas
259 999 26 28 pä
303 1009 25 12 en
345 1002 42 20 viss
402 1002 135 26 vägsträcka.
570 1001 35 21 Att
621 1002 128 26 stadgandet
764 1002 6 19 i
787 1001 31 20 sin

70 1043 30 17 nu.
122 1036 122 26 föreslagna
266 1036 56 20 form
340 1035 69 25 skulle
424 1036 58 27 gifva
497 1035 117 28 anledning
631 1036 26 20 till
673 1036 110 27 stränghet
799 1036 23 18 af

71 1070 41 24 den
137 1069 155 26 beskaffenhet,
315 1076 47 15 som
376 1069 100 27 befarats,
495 1071 43 18 tror
554 1069 100 22 utskottet
669 1070 32 26 sig
717 1070 18 26 ej
754 1068 66 20 heller

72 1105 91 23 behjiiiva
187 1106 85 24 antaga,
291 1102 28 21 dä
334 1103 62 22 ordet
411 1102 124 30 uppehåller
555 1103 94 27 tydligen
666 1104 67 25 syftar
749 1102 28 27 pä
792 1105 27 17 ett

71 1138 100 27 afeigtligt
186 1138 146 26 fördröjande,
351 1138 39 24 och
406 1137 50 26 den,
474 1143 46 15 som
536 1138 18 26 ej
572 1138 55 26 gjort
642 1138 31 26 sig
689 1137 86 26 skyldig
792 1136 28 20 till

72 1172 64 26 något
159 1170 84 28 sådant,
267 1172 128 27 näppeligen
419 1171 70 21 skulle
508 1173 23 18 af
544 1170 70 27 någon
632 1171 91 21 domstol
738 1170 28 24 till
783 1177 37 13 an-

71 1212 50 18 svar.
143 1205 60 22 fällas
223 1205 50 21 blott
290 1204 28 28 på
333 1206 40 21 den
390 1205 78 29 grund,
486 1207 29 20 utt
530 1205 77 22 färden
622 1208 59 17 varat
698 1204 65 28 något
777 1204 43 22 litet

71 1240 84 28 längre,
186 1239 108 21 Utskottet
315 1240 39 22 har
376 1239 84 25 således
476 1239 48 21 icke
539 1239 6 22 i
562 1239 57 22 detta
635 1238 102 21 afseende
753 1240 68 18 ansett

72 1275 32 26 sig
117 1268 54 27 böra
188 1272 80 27 föreslå
282 1272 72 29 någon
370 1274 92 26 ändring
478 1274 23 20 af
515 1274 14 24 $
542 1273 35 25 24.

140 1308 104 24 Deremot
266 1308 41 23 har
325 1308 100 27 utskottet
440 1308 20 27 ej
477 1308 83 24 kunnat
574 1307 82 21 biträda
672 1306 128 27 stadgandet
815 1306 7 20 i

73 1344 12 21 $
108 1343 27 19 25
159 1342 83 24 derom,
267 1344 29 17 att
311 1342 253 25 lägenhetsinnehafvare
580 1341 52 19 blott
646 1341 7 19 i
669 1340 35 20 det
719 1340 36 19 fall
771 1345 50 14 vore

73 1375 86 27 skyldig
178 1376 29 20 att
222 1374 73 21 vidare
311 1374 111 22 fortskaffa
437 1373 67 21 sådan
522 1373 99 27 resande,
639 1379 46 15 som
701 1373 6 19 i
723 1372 71 20 denna
810 1373 12 22 $

73 1411 129 24 förutsältes,
227 1411 27 19 att
276 1409 95 24 hvarken
389 1407 96 28 tyngden
502 1407 52 21 eller
569 1407 87 20 färdens
673 1406 103 27 hastighet
793 1407 28 20 öf-

74 1443 113 26 verskridit
208 1443 54 20 hvad
280 1443 73 25 derom
370 1443 99 26 stadgadt
485 1445 29 18 är.
547 1442 106 20 Utskottet
669 1441 42 20 kan
729 1441 18 26 ej
765 1441 57 19 finna

97 1489 136 21 Sammansatta
246 1488 49 23 Lag-
307 1489 31 20 ech
352 1487 180 19 Ekonomiutskottets
545 1486 112 17 betänkande
671 1485 36 18 Nw
722 1484 19 18 4.
812 1485 10 16 5
