1031 1703
298 132 26 18 U.
337 132 30 18 B.
380 142 22 3 —
414 133 82 22 Prop.
530 137 25 14 N:o
567 132 38 18 19.
767 134 26 20 27

152 198 40 21 Vid
208 198 149 28 granskningen
379 198 23 21 af
415 199 12 21 3
447 199 45 26 kap.
512 198 26 26 $$
559 200 27 20 14
605 198 38 21 och
663 199 26 20 15
709 198 23 22 af
750 198 74 28 nådiga

81 233 152 27 propositionen
252 233 105 27 angäende
376 234 102 26 reglering
499 234 22 20 af
539 234 158 26 presterskapets
713 234 89 27 aflöning
817 234 8 20 i

80 268 80 22 landets
186 268 232 28 evangelisk-lutherska
446 269 144 26 församlingar
615 269 37 21 har
677 268 148 22 sammansatta

81 304 55 28 Lag-
152 304 38 21 och
205 304 211 21 Ekonomiutskottets
431 304 105 26 pluralitet
551 304 47 20 med
609 310 25 14 en
644 304 79 21 mindre
739 304 87 26 ändring

81 339 91 21 förordat
194 339 156 28 ifrägavarande
372 340 129 26 paragrafers
524 339 122 27 antagande,
670 340 65 27 enligt
757 339 69 20 hvilka

81 375 117 27 uppbörden
215 375 23 21 af
250 374 159 28 presterskapets
424 375 90 27 aflöning
528 375 82 20 komme
625 375 31 20 att
671 375 119 20 verkställas
805 374 23 21 af

82 417 23 14 en
128 410 48 21 eller
196 411 48 20 flera
267 411 34 20 vid
324 411 152 27 kyrkostämma
499 410 94 21 särskildt
616 411 86 20 utsedda
723 416 101 21 personer,

80 447 55 20 samt
150 446 111 21 kostnaden
278 446 67 21 derför
363 446 87 21 fördelas
466 447 67 26 jemnt
549 446 87 21 emellan
656 446 114 27 löngifvare
786 447 38 20 och

80 483 113 26 löntagare,
210 482 67 21 derest
290 482 44 21 icke
344 482 99 21 hvardera
459 483 69 20 förena
538 483 32 26 sig
581 482 75 25 derom,
673 483 31 20 att
720 482 105 27 löntagare

80 517 35 22 mä
130 518 31 21 sin
177 518 93 26 uppbörd
286 517 48 27 sjelf
347 517 115 22 verkställa.
494 518 33 21 Då
543 517 113 22 emellertid
667 518 158 26 presterskapets

81 553 90 27 aflöning
187 553 64 27 enligt
267 552 38 22 den
322 552 76 28 nädiga
412 553 152 27 propositionen
576 553 78 27 jemväl
669 553 109 21 framdeles
793 553 33 21 till

81 589 76 21 största
172 588 59 22 delen
246 589 82 21 komme
348 589 30 21 att
396 588 83 28 utgöras
500 589 8 20 i
528 588 99 27 spanmäl,
648 591 55 19 smör
724 588 36 22 och
782 588 42 26 fisk,

82 624 22 21 sä
118 624 68 21 kunde
202 624 34 21 det
252 624 104 21 allmänna
371 624 128 27 stadgandet,
520 624 31 21 att
566 624 118 26 uppbörden
700 624 52 20 skall
767 624 58 20 verk-

81 660 71 20 ställas
168 660 23 20 af
207 659 97 21 särskilde
322 659 157 27 uppbördsmän,
498 660 46 20 leda
560 659 82 26 derhän,
662 660 31 20 att
711 659 115 21 församlin-

82 701 64 21 garna
160 695 8 20 i
183 695 76 27 mänga
275 694 37 21 fall
327 695 103 27 nödgades
446 695 110 27 uppbygga
572 694 73 21 enkom
661 694 67 21 derför
744 693 82 22 afsedda

81 729 197 28 spanmälsmagasin
308 730 55 21 samt
390 732 66 19 smör-
484 730 37 21 och
549 729 109 26 fiskbodar,
688 729 138 22 hvarförutom

82 765 76 21 dubbla
177 766 123 26 mätningar,
321 765 113 28 vägningar
450 765 38 21 och
507 765 49 28 dyra
576 765 124 27 transporter
719 765 66 21 blefve
802 771 23 15 en

82 801 116 27 nödvändig
214 801 50 27 följd
282 800 23 21 af
321 801 57 21 dessa
397 801 119 26 produkters
535 801 112 26 leverering
667 801 33 20 till
719 801 24 20 de
762 800 64 21 skilda

81 836 143 28 löntagarenes
239 836 94 21 hemvist.
357 837 100 20 Häremot
472 836 58 21 torde
545 836 105 25 invändas,
666 837 32 20 att
708 836 118 27 uppbörden

82 871 68 22 kunde
164 872 120 21 verkställas
300 872 6 20 i
322 873 113 26 presternes
450 872 94 26 hemvist,
561 872 132 27 hvarigenom
709 872 58 21 dessa
783 872 43 21 olä-

82 907 98 28 genheter
195 907 64 21 skulle
270 907 104 22 undvikas.
400 907 48 21 Men
460 908 30 20 ett
500 907 73 22 sädant
584 907 150 28 förfaringssätt
745 907 81 21 komme

82 943 44 21 åter
142 943 31 20 att
188 942 92 21 medföra
296 949 24 14 en
337 949 67 14 annan
416 943 107 27 olägenhet
534 943 31 20 för
576 943 24 20 de
611 943 213 27 betalningsskyldige,

82 978 103 27 nemligen
202 978 31 21 att
249 977 57 22 dessa
326 977 125 22 nödsakades
472 978 30 21 att
518 980 50 25 göra
587 977 41 21 lika
648 978 76 27 mänga
744 984 56 15 resor
819 978 7 21 i

82 1013 37 21 och
135 1013 32 20 för
183 1013 123 27 erläggande
323 1013 23 20 af
362 1014 44 19 sina
425 1013 88 27 afgifter,
533 1020 44 13 som
596 1012 35 21 det
645 1013 65 21 finnes
726 1014 99 20 ordinarie

81 1048 79 28 prester
174 1048 7 21 i
197 1048 151 27 församlingen,
366 1048 26 21 dä
406 1048 56 21 detta
472 1048 73 21 hittills
561 1049 7 20 i
584 1049 24 20 de
624 1049 58 20 flesta
696 1049 37 20 fall
749 1049 77 20 kunnat

82 1083 34 22 ske
135 1083 48 22 med
202 1090 24 14 en
247 1083 51 22 enda
317 1090 51 15 resa.
402 1084 76 21 Härtill
501 1084 93 21 kommer
616 1087 60 23 ännu,
700 1085 32 20 att
750 1083 76 28 många

81 1119 149 28 förvecklingar
245 1119 38 22 och
298 1119 172 28 misshälligheter
486 1119 67 22 kunna
572 1119 74 28 uppstä
666 1120 87 21 emellan
772 1126 52 21 upp-

82 1155 149 21 bördsmännen
252 1155 38 21 och
307 1155 110 27 presterne,
444 1155 26 21 dä
491 1155 57 22 dessa
572 1161 70 15 senare
668 1156 105 26 emottaga
788 1155 38 21 och

82 1191 113 20 undersöka
210 1197 96 14 varornas
322 1191 90 26 gvalitet.
444 1190 32 21 Dä
492 1191 96 27 slutligen
604 1190 154 28 ifrägavarande
773 1197 51 20 upp-

81 1226 51 21 börd
147 1225 101 22 härintills
264 1225 67 28 älegat
342 1226 148 27 presterskapet
501 1226 86 25 ensamt,
604 1232 47 15 men
662 1226 64 27 enligt
742 1225 34 22 det
786 1232 39 21 nya

81 1261 99 27 förslaget
202 1261 111 20 kostnaden
339 1261 31 20 för
392 1261 118 27 uppbörden
533 1261 82 21 komme
638 1261 31 21 att
691 1261 33 21 till
746 1261 79 21 hälften

81 1296 78 21 drabba
172 1296 176 27 församlingarna,
366 1296 22 21 sä
403 1303 47 14 vore
466 1297 56 20 detta
537 1297 7 20 i
560 1296 72 28 sjelfva
646 1297 69 21 verket
731 1303 25 14 en
771 1297 54 20 indi-

82 1331 44 21 rekt
141 1332 55 19 vinst
211 1331 31 20 för
257 1332 156 25 presterskapet,
430 1338 48 13 men
494 1338 24 13 en
534 1332 66 19 direkt
616 1338 26 19 ny
653 1332 130 20 skattebörda
794 1332 30 20 för

82 1366 174 26 församlingarna.
289 1365 29 21 Pä
338 1366 66 26 grund
422 1366 22 20 af
461 1366 35 20 det
514 1365 83 21 anförda
616 1366 62 27 vägar
695 1366 37 26 jag
748 1366 77 20 derföre

82 1400 104 22 vördsamt
202 1400 78 26 föreslä,
298 1400 31 21 att
345 1401 12 21 3
374 1400 45 28 kap.
436 1400 66 22 mätte
517 1400 77 21 erhälla
609 1400 89 28 följande
712 1400 86 28 lydelse:

228 1437 120 28 Uppbörden
370 1439 24 23 af
408 1436 208 27 församlingsafgifter
637 1436 31 22 till
681 1437 145 28 presterskapet

154 1471 51 22 skall
221 1471 113 22 verkställas
345 1473 32 27 pä
395 1473 102 20 bestämda
514 1472 52 21 tider
581 1475 23 23 af
616 1472 124 25 löntagarene
754 1472 70 29 sjelfve,

148 1519 128 18 Sammansatta
289 1519 47 23 Lag-
348 1519 30 18 och
390 1519 172 18 Ekonomiutskottets
575 1519 105 18 betänkande
694 1520 35 17 N:o
743 1519 17 18 6.
