1045 1700
301 144 25 19 U.
341 145 30 18 B.
390 154 21 3 —
429 146 81 22 Prop.
526 146 47 17 N:o
588 147 18 16 1.
780 145 13 20 7

80 215 50 20 gom
144 209 88 21 beröfva
247 215 27 15 en
289 209 175 27 fordringsegare
478 210 29 21 all
522 210 42 21 den
579 210 106 26 säkerhet,
696 210 43 21 han
747 217 76 20 genom

81 242 125 27 inteckning
220 243 84 21 kunnat
318 243 89 25 erhålla,
423 244 39 20 och
477 245 35 19 att
526 243 90 21 sålunda
631 244 100 27 fräntaga
740 244 41 21 den
791 244 32 21 fö-

80 276 100 27 reslagna
195 277 201 26 inteckningslagen
411 277 49 21 hela
474 277 50 21 dess
539 277 118 26 betydelse.
674 289 24 4 —
715 277 107 27 Slutligen

80 310 63 21 torde
162 310 40 21 ock
216 310 54 21 böra
285 311 88 26 erinras,
389 312 34 19 att
437 311 8 20 i
459 310 140 27 lagförslaget
614 311 19 26 ej
648 311 63 26 ingär
725 311 40 21 och
779 311 44 21 mä-

80 344 72 21 hända
166 344 20 27 ej
202 344 68 21 heller
284 344 116 27 lämpligen
415 345 84 21 kunnnt
513 346 106 25 upptagas
633 345 71 26 någon
712 345 112 21 föreskrift

81 378 80 26 derom,
184 378 107 21 huruvida
312 379 40 20 och
373 379 56 20 huru
450 379 64 26 länge
529 378 153 27 exproprierad
694 379 50 26 jord
760 381 63 25 utgör

81 411 101 22 säkerhet
197 411 34 22 för
245 412 193 27 penningebelopp,
454 418 46 15 som
515 411 109 22 afträdare
639 413 7 20 i
661 413 122 26 ersättning
790 413 33 21 för

81 445 88 22 marken
192 445 86 22 fordrar
297 445 84 22 utöfver
397 446 42 21 den
453 447 37 20 vid
505 446 115 27 värdering
635 446 62 21 deraf
710 447 115 21 faststälda

81 480 68 26 lösen,
164 480 40 21 och
219 481 32 20 att
266 480 67 21 sådan
349 480 88 21 fordran
452 487 51 20 eger
517 480 140 21 förmånsrätt
671 480 89 21 framför
767 481 56 26 gäld,

83 519 45 16 som
143 514 79 21 varder
236 515 7 20 i
256 514 119 27 jernvägen
389 514 123 21 intecknad.

150 547 32 22 Ur
200 548 62 21 dessa
280 547 168 27 anmärkningar
469 549 57 20 emot
545 547 141 27 lagförslaget
701 549 61 21 torde
777 549 48 27 tyd-

83 582 58 26 ligen
156 581 88 27 framgå,
260 582 83 20 hvilket
357 583 54 19 nära
426 582 153 26 sammanhang
590 582 119 20 detsamma
719 588 50 20 eger
777 583 48 20 med

84 615 55 21 1876
154 615 35 21 års
204 615 267 26 koncessionsförordning
486 616 40 20 och
536 615 117 21 huruledes
669 616 134 20 sistnämnda
813 615 13 21 ä

84 649 160 21 administrativ
259 650 42 25 väg
315 648 114 22 tillkomna
439 649 128 26 författning
580 649 9 20 1
604 649 45 20 viss
664 649 49 21 män
729 649 48 21 sökt
794 650 32 20 att

84 683 33 20 för
137 683 297 26 jernvägsanläggningarnes
454 683 66 21 behof
538 683 143 26 komplettera
701 683 40 21 och
755 683 72 26 lämpa

84 717 165 21 föreskrifterna
270 717 7 20 i
296 716 55 21 1864
369 717 35 20 års
419 717 216 26 expropriationslag.
665 717 68 21 Detta
747 717 80 21 förhål-

83 751 66 21 lande
166 751 40 20 och
228 751 57 20 hvad
307 750 155 27 Lagutskottet
485 750 33 21 för
541 750 66 27 öfrigt
622 751 39 20 här
676 751 64 21 ofvan
756 751 71 21 anfört

86 785 39 21 har
140 785 47 21 icke
202 785 84 20 kunnat
300 784 73 26 undgå
388 786 33 19 att
436 785 75 25 styrka
526 784 113 21 Utskottet
653 785 7 20 i
675 785 42 20 den
733 785 23 21 af
772 785 56 21 1872

87 819 34 21 års
137 818 93 21 Ständer
244 818 97 21 uttalade
356 817 63 27 åsigt,
435 819 32 20 att
482 824 26 15 en
522 818 37 27 lag
573 824 34 15 om
622 818 125 27 inteckning
757 819 71 27 ijern-

86 852 210 27 vägsanläggningar
319 851 48 22 icke
385 851 44 22 kan
444 851 39 22 och
498 851 39 22 bör
552 851 13 22 å
579 854 55 24 väga
649 852 88 27 bringas
752 859 76 15 annor-

86 887 72 26 lunda,
180 888 26 19 än
228 887 8 20 i
256 885 104 22 samband
375 886 48 20 med
439 891 26 15 en
481 885 128 27 Ständerlag
625 892 33 15 om
673 886 128 21 koncession
816 887 13 21 &

84 919 245 28 jernvägsanläggning;
350 919 39 21 och
410 919 88 21 emedan
517 920 26 20 de
558 919 144 27 påminnelser
717 920 112 22 Utskottet

87 955 66 20 redan
174 953 122 26 framställt,
315 953 68 26 enligt
404 953 122 21 Utskottets
545 953 71 26 tanke,
637 955 36 20 äro
689 954 24 21 af
726 954 40 22 den
782 954 47 21 huf-

88 988 128 27 vudsakliga
229 987 119 27 betydelse,
363 989 33 19 att
411 987 143 27 anledningen
569 987 34 21 till
614 988 108 21 desamma
732 988 39 22 bör
778 995 52 15 vara

88 1022 128 26 undanröjd,
239 1022 66 21 innan
329 1021 122 22 Ständerna
472 1021 73 22 kunna
565 1021 72 22 lemna
652 1022 33 21 sin
700 1023 129 21 medverkan

87 1056 34 21 till
137 1056 41 21 den
194 1055 233 27 lagstiftningsåtgärd,
443 1055 88 21 hvarom
546 1061 30 15 nu
591 1056 122 26 egentligen
728 1058 24 19 är
763 1057 66 26 fråga,

71 1108 4 3 .
89 1090 40 21 har
150 1090 113 20 Utskottet
281 1090 56 20 trott
353 1089 33 27 sig
408 1089 33 21 för
460 1090 134 21 närvarande
608 1090 48 21 icke
670 1090 59 26 böra,
744 1090 28 27 på
787 1092 44 20 sätt

89 1124 57 21 inom
165 1124 113 21 Utskottet
296 1123 109 28 påyrkats,
428 1123 51 27 ingå
493 1124 7 20 i
516 1130 26 15 en
557 1125 98 20 närmare
670 1124 161 27 undersökning

89 1158 67 27 deraf,
172 1164 34 15 om
222 1159 38 20 och
276 1159 7 20 i
298 1158 56 21 hvad
369 1158 50 21 mån
435 1158 26 21 de
476 1158 7 20 i
498 1158 245 27 författningsförslaget
753 1159 7 20 i
771 1158 61 27 fråga

90 1192 174 21 förekommande
286 1191 71 26 afsteg
381 1191 48 21 från
445 1191 25 21 de
486 1191 148 26 grundsatser,
649 1197 45 15 som
708 1191 48 22 vårt
770 1192 62 21 lands

90 1225 84 22 skrifna
188 1225 36 26 lag
238 1226 19 26 ej
273 1225 83 21 mindre
371 1226 27 19 än
413 1225 209 26 rättsvetenskapen,
637 1225 133 21 beträffande
778 1226 55 21 real-

91 1258 102 21 säkerhet
212 1259 40 20 och
268 1259 46 20 deri
329 1258 99 27 grundad
443 1257 140 22 förmånsrätt
597 1258 35 21 till
647 1258 117 27 betalning,
779 1265 54 20 upp-

91 1292 75 21 ställer
180 1292 71 21 såsom
266 1292 120 27 väsentliga
401 1292 40 20 och
456 1291 105 22 erkänner
576 1291 69 22 såsom
655 1292 88 21 allmänt
751 1292 82 27 giltiga,

91 1326 83 21 ändock
202 1326 62 20 skola
278 1326 63 25 gillas
357 1326 39 20 och
411 1325 106 26 påbjudas
531 1326 7 19 i
554 1326 39 19 och
609 1332 76 19 genom
701 1332 26 14 en
742 1326 41 26 lag,
799 1326 34 20 till

91 1359 65 20 hvars
180 1359 104 20 stiftande
303 1358 121 21 Ständerna
443 1358 125 21 medverkat
588 1359 39 20 och
646 1359 88 20 hvilken
750 1358 84 21 således

92 1392 48 21 icke
161 1392 43 21 kan
220 1392 135 21 annorlunda
370 1394 26 19 än
412 1397 76 21 genom
503 1391 130 22 Monarkens
648 1391 39 22 och
703 1391 132 22 Ständernas

93 1427 232 21 sammanstämmande
344 1425 73 22 beslut
431 1427 7 20 i
453 1426 115 21 framtiden
584 1427 78 20 ändras
677 1426 54 20 eller
745 1426 90 27 upphäf-

95 1467 44 20 vas,
159 1462 56 20 samt
232 1460 108 21 huruvida
355 1460 36 21 det
407 1460 49 27 mål,
472 1461 64 20 hvars
552 1460 106 21 ernående
672 1459 164 27 ifrågavarande

162 1504 126 23 Lagutskottets
301 1505 110 17 Betänkande
423 1504 34 17 N:o
468 1505 17 16 2.
