1020 1706
296 102 28 20 U.
336 103 31 19 B.
378 112 23 6 —
413 104 79 24 Prop.
504 106 45 18 N:o
561 106 33 18 19.
774 104 13 20 3

69 164 33 22 att
116 166 71 27 stegra
199 165 88 29 jordens
302 166 55 29 pris;
373 168 32 20 att
419 168 67 28 enligt
500 168 120 22 Utskottets
635 170 64 21 tanke
714 170 41 22 den
768 170 49 22 kär-

68 199 36 22 lek
118 199 33 22 till
165 200 121 22 förfädrens
298 201 56 28 jord,
370 208 45 16 som
434 202 133 28 äberopades
581 202 34 23 till
629 204 50 22 stöd
692 204 34 22 för
740 204 75 22 börds-

67 234 82 20 rättens
168 233 157 28 bibehällande,
344 236 48 21 icke
411 236 8 21 i
438 236 70 28 nägon
524 237 157 23 beaktansvärd
695 238 48 22 män
759 238 56 22 före-

67 267 90 22 funnnes
176 268 58 21 inom
253 269 67 21 andra
336 270 193 28 skyldskapsleder,
545 272 27 20 än
587 272 55 25 dem,
657 272 72 21 hvilka
743 272 7 21 i
765 280 49 20 pro-

67 302 120 27 positionen
203 303 109 26 nämndes,
330 306 52 19 utan
397 306 32 19 att
444 305 136 21 bördsrätten
594 306 111 28 vanligtvis
727 306 86 28 tjenade

66 337 141 27 egennyttans
221 337 75 27 syften,
313 340 56 19 samt
390 340 31 19 att
441 346 25 14 en
486 338 67 22 sädan
572 340 76 21 känsla
666 340 34 21 för
713 340 100 22 fädernes

65 370 77 22 bostad
158 370 75 22 endast
249 372 68 21 sällan
332 372 70 22 kunde
417 374 100 26 uppvisas
532 374 40 21 hos
586 374 151 28 befolkningen
744 366 11 40 i
751 374 62 22 stä-

65 404 73 26 derna,
155 404 58 22 inom
234 406 72 21 hvilka
328 406 39 22 den
386 408 56 20 fasta
462 408 131 27 egendomen
612 409 55 21 tvärt
690 415 34 15 om
745 409 66 21 redan

63 438 49 23 frän
127 439 59 22 äldre
201 440 56 21 tider
272 441 82 28 utgjort
368 441 89 22 föremäl
472 443 33 20 för
520 443 69 20 tätare
599 442 99 29 ombyten
708 443 24 21 af
741 450 70 21 egare.

63 473 111 22 Utskottet
196 473 68 30 ansäg
287 475 83 22 derföre
385 476 47 21 skäl
453 476 47 22 icke
521 476 116 22 förefinnas
653 479 31 19 att
702 477 110 22 bibehälla

63 508 136 22 bördsrätten
215 515 37 16 ens
267 509 7 22 i
290 510 36 21 det
340 509 91 30 omfång,
447 518 46 15 som
508 511 34 22 vid
558 513 84 20 senaste
657 512 102 28 landtdag
774 519 37 14 var

63 543 40 22 och
117 543 62 22 äfven
193 551 28 14 nu
242 545 24 20 är
281 544 121 29 föreslaget,
417 547 51 19 utan
484 545 68 22 skulle
567 545 56 22 helst
637 546 63 21 hafva
714 548 48 24 sett,
778 548 33 19 att

61 578 134 27 proposition
211 585 33 15 om
259 578 148 23 bördsrättens
421 579 133 29 fullkomliga
568 580 132 21 afskaffande
711 581 60 21 äfven
781 580 29 29 pä

61 613 73 21 landet
148 613 55 22 hade
218 613 69 22 blifvit
302 613 119 22 Ständerna
436 615 96 28 förelagd
544 615 67 27 jemte
625 615 81 28 förslag
722 622 33 15 om
770 623 38 14 un-

61 647 130 28 danröjande
211 648 23 21 af
251 648 74 28 lagens
344 649 178 28 inskränkningar
541 650 7 20 i
568 649 128 28 rättigheten
716 652 31 19 att
765 657 43 14 me-

60 681 56 22 delst
131 681 63 28 gäfva
209 682 52 21 eller
276 684 127 20 testamente
417 683 83 28 förfoga
516 690 35 15 om
566 683 105 28 arfvejord
687 684 39 21 och
737 691 70 14 annan

60 715 67 22 sådan
141 716 43 21 fast
199 717 109 27 egendom,
324 723 46 16 som
385 718 25 20 är
425 717 53 22 börd
489 718 151 21 underkastad.
669 718 50 21 Men
729 718 28 22 dä
767 719 40 21 lik-

59 750 34 22 väl
111 751 41 21 den
167 751 123 28 föreslagna
304 751 181 29 inskränkningen
498 753 8 20 i
521 752 136 23 bördsrätten
672 751 67 24 måste
754 755 53 26 göra

59 785 141 22 bördstvister
218 785 28 28 pä
265 785 73 22 landet
353 786 125 27 sällsyntare
494 787 40 21 och
548 786 117 22 förminska
681 787 67 28 öfriga
762 787 44 22 olä-

57 820 102 28 genheter
180 820 66 27 deraf,
262 820 114 29 tillstyrkte
396 821 108 22 Utskottet
524 821 172 28 propositionens
710 822 95 28 godkän-

56 855 71 22 nande
141 855 8 21 i
164 855 69 22 denna
249 855 41 22 del.

125 889 41 22 Vid
181 889 41 22 den
237 889 130 28 behandling
382 890 88 21 ärendet
485 890 93 21 derefter
592 890 58 21 inom
661 889 94 23 Ständen
766 898 38 14 un-

57 924 92 28 dergick,
165 923 46 22 blef
228 924 167 27 propositionen,
410 924 8 21 i
436 925 56 21 hvad
507 925 40 21 den
564 924 76 28 angick
655 925 148 22 bördsrättens

55 958 160 27 inskränkning,
231 958 100 28 godkänd
346 958 23 21 af
382 958 157 28 Ridderskapet
554 959 39 21 och
609 959 74 25 Adeln,
692 966 44 15 som
748 959 55 22 dock

55 991 68 29 ansäg
142 991 133 29 underdänig
294 991 101 22 anhällan
417 993 53 21 böra
489 993 64 28 göras
573 1000 34 14 om
626 1000 27 21 ny
669 993 133 28 proposition

54 1027 33 21 till
103 1027 92 21 derefter
209 1027 250 22 nästsammanträdande
475 1027 91 22 Ständer
580 1027 7 21 i
603 1027 36 22 det
653 1028 60 27 syfte,
722 1030 31 19 att
764 1028 39 21 allt

53 1061 56 22 hvad
128 1061 36 28 lag
183 1061 53 21 eller
253 1061 106 22 särskilda
376 1061 150 28 författningar
549 1061 77 28 stadga
641 1069 34 14 om
690 1063 43 20 rätt
748 1064 32 19 att
794 1062 8 21 i

53 1095 56 22 börd
123 1096 47 21 lösa
185 1095 54 26 såld,
254 1095 136 26 bortskiftad,
405 1097 95 26 pantsatt
515 1095 53 22 eller
582 1103 76 20 genom
673 1095 62 29 gäfva
749 1096 53 22 eller

53 1132 128 20 testamente
202 1130 120 28 bortgifven
344 1130 100 28 fastighet
466 1129 28 29 pä
517 1130 73 21 landet
608 1130 69 22 blefve
696 1131 105 28 upphäfdt

50 1165 67 28 jemte
131 1165 26 21 de
172 1165 7 20 i
194 1165 63 27 lagen
272 1166 80 20 utsatta
367 1165 179 28 inskränkningar
560 1165 8 20 i
583 1165 128 28 rättigheten
724 1167 32 20 att
766 1173 35 20 ge-

52 1205 50 16 nom
117 1198 62 29 gäfva
195 1199 51 21 eller
260 1194 126 37 testamente
399 1199 87 28 förfoga
500 1205 35 15 om
550 1199 105 27 arfvejord
671 1199 52 22 eller
730 1206 70 15 annan

52 1232 68 23 sädan
134 1233 107 28 fastighet,
257 1240 46 15 som
318 1240 29 14 nu
362 1234 24 20 är
396 1233 53 22 börd
463 1233 150 26 underkastad,
622 1233 40 22 och
667 1228 28 37 att
707 1233 11 22 i
729 1234 72 21 stället

52 1275 71 14 annan
137 1267 68 28 grund
219 1267 34 22 för
268 1267 148 28 begränsande
431 1268 23 21 af
467 1267 143 28 nyssnämnda
619 1267 102 28 rättighet
730 1268 69 21 blefve

51 1302 105 21 bestämd.
185 1297 68 26 Äfven
267 1301 181 28 Borgareständet
462 1302 96 21 uttalade
573 1302 32 27 sig
619 1301 33 22 för
662 1309 26 14 en
698 1302 101 21 anhållan

51 1336 8 20 i
81 1342 81 15 samma
183 1335 64 28 syfte,
269 1339 48 17 men
336 1336 112 27 godkände
468 1337 18 26 ej
506 1336 55 21 hvad
584 1335 161 28 propositionen
763 1343 35 14 om

50 1369 149 22 bördsrättens
213 1369 154 28 inskränkning
381 1369 101 21 innehöll.
511 1369 102 21 Deremot
623 1368 80 29 ansägo
714 1369 84 22 Preste-

51 1403 40 23 och
105 1402 172 27 Bondeständen,
293 1404 32 21 att
339 1403 47 22 icke
402 1403 90 22 allenast
506 1403 55 22 barn
577 1403 39 22 och
626 1403 111 26 föräldrar,
746 1405 51 20 utan

51 1439 61 22 äfven
127 1438 79 29 syskon
220 1438 33 21 till
267 1438 79 28 säljare
360 1438 67 22 borde
442 1437 28 29 pä
484 1438 74 22 landet
573 1437 118 23 bibehällas
706 1438 34 23 vid
755 1439 42 21 rät-

120 1481 125 22 Lagutskotteis
256 1480 106 18 betänkande
374 1480 36 17 N:o
422 1479 15 18 4.
