1045 1706
305 134 26 18 U.
343 135 28 17 B.
387 143 15 2 —
418 135 77 23 Prop.
508 135 43 18 N:o
563 135 18 18 9.
768 135 13 20 9

85 202 36 21 det
142 202 34 21 för
190 203 36 21 tvä
241 202 51 22 eller
306 202 53 22 flera
373 203 129 21 domstolars
513 202 145 29 jurisdiktion,
673 209 63 21 synes
749 203 64 21 häraf

84 236 122 22 föranledas
222 236 41 22 den
278 237 142 27 bestämning,
435 239 32 19 att
480 236 123 28 inteckning
617 236 8 21 i
638 236 67 28 dylikt
719 236 38 22 fall
771 237 40 21 bör

84 270 64 22 sökas
171 270 35 21 vid
220 270 163 22 underdomstol
397 271 8 21 i
420 271 40 21 den
475 273 39 24 ort,
530 270 38 22 der
579 270 127 28 jernvägens
720 271 91 21 hufvud-

84 304 80 21 station
179 304 25 20 är
217 304 90 27 belägen
321 304 52 21 eller
387 304 75 22 afsedd
477 306 32 19 att
522 304 108 27 anläggas.
645 317 28 2 —
687 304 43 20 För
744 304 67 21 sådan

84 337 102 22 händelse
207 337 62 22 torde
291 337 6 21 i
321 338 12 20 2
351 338 11 27 &
374 337 79 29 jemväl
473 338 107 21 erfordras
595 336 41 23 den
650 337 116 27 föreskrift,
781 339 32 20 att

84 372 33 21 till
132 371 146 28 ansökningen
294 378 34 14 om
342 372 123 28 inteckning
479 372 40 21 bör
533 372 61 27 fogas
609 372 114 27 utredning
732 372 17 27 ej
759 372 53 20 min-

85 406 36 22 dre
144 413 34 15 om
201 412 89 21 egarens
311 406 94 22 ätkomst
419 406 24 22 af
452 406 199 28 jernvägsomrädet
665 406 40 22 och
720 408 32 19 att
767 406 44 21 det-

84 447 82 15 samma
189 440 70 21 blifvit
275 440 93 28 lagligen
382 440 94 27 afskildt,
491 443 27 19 än
534 441 65 21 också
614 443 32 19 att
660 441 33 26 de,
708 448 46 14 som
768 441 43 21 till-

85 475 106 28 äfventyrs
207 477 35 25 egt
256 475 123 28 inteckning
393 475 7 21 i
414 475 129 28 lägenheter,
558 475 48 22 frän
620 475 73 22 hvilka
701 475 110 28 jernvägs-

85 509 97 22 området
196 509 109 27 utbrutits,
322 509 69 22 blifvit
405 509 34 22 för
453 509 47 22 sina
515 511 120 26 panträtter
649 510 6 20 i
670 510 60 21 detta
743 510 68 21 omrä-

85 543 26 22 do
125 543 104 28 förnöjda.

141 578 33 21 Då
196 578 13 20 4
231 578 40 21 och
293 579 12 20 8
328 578 23 27 $$
371 578 8 21 i
393 578 162 27 propositionen
570 578 44 21 afse
629 578 182 27 bestämningar
799 574 15 35 i

85 611 120 28 Kejserliga
220 611 160 28 Förordningen
396 612 40 21 den
450 613 12 20 3
477 612 103 21 Februari
597 612 60 25 1876,
672 612 62 21 torde
749 611 64 22 dessa

85 646 24 27 88
131 646 54 21 böra
206 645 151 28 omredigeras,
380 646 91 21 sålunda
485 646 65 21 likväl
565 648 32 19 att
612 645 55 22 hvad
680 646 26 21 de
721 645 92 22 förmäla

86 687 35 15 om
144 680 69 21 vilkor
232 679 37 21 vid
290 680 162 21 koncessioners
467 680 126 27 beviljande,
608 679 55 28 finge
678 680 87 27 gvarstä
779 679 34 22 för

85 714 27 21 de
126 714 39 21 fall
180 714 27 21 dä
222 713 71 28 dylika
307 714 68 21 vilkor
390 714 19 27 ej
424 714 67 21 strida
506 716 57 19 emot
575 714 41 27 lag.
646 713 49 22 Med
713 714 100 21 afseende

86 749 13 20 å
121 748 116 21 innehållet
258 747 23 22 af
294 748 27 21 28
336 749 11 26 &
362 747 7 21 i
385 748 54 21 1864
454 749 35 20 års
506 747 208 28 expropriationslag
729 754 61 22 synes
806 748 6 20 i

87 783 12 20 8
121 783 12 26 $
153 782 80 28 jemväl
257 782 102 21 behöfvas
381 782 75 27 tillägg
475 782 80 25 derom,
570 784 32 19 att
613 783 124 27 jernvägen,
751 782 63 22 hvars

87 816 124 27 trafikering
226 822 77 21 egaren
319 816 36 21 vill
368 815 111 28 nedlägga,
495 817 64 20 innan
575 816 28 21 all
612 815 138 28 inteckning
739 811 10 37 i
756 817 59 27 jern-

87 852 68 26 vägen
175 850 71 21 blifvit
269 850 76 27 dödad,
362 851 39 21 bör
415 850 34 21 för
463 851 247 27 inteckningshafvarens
725 851 91 27 räkning

87 887 12 20 å
114 885 89 21 auktion
217 885 106 27 försäljas.

143 919 10 20 I
168 919 114 26 anledning
297 918 24 21 af
333 918 41 21 den
389 918 96 28 ändring,
500 919 20 20 vi
535 920 71 19 ansett
620 919 12 20 2
647 919 12 28 $
673 917 90 23 behöfva
775 925 38 14 un-

89 953 64 27 dergå
168 953 7 20 i
192 952 100 21 afseende
310 953 13 20 å
337 952 71 21 forum
423 952 34 21 för
471 952 133 27 intecknings
618 952 145 26 meddelande,
778 953 37 27 på-

88 988 68 21 kallas
180 993 26 14 en
227 987 150 21 motsvarande
399 986 90 28 ändring
503 987 8 20 i
527 988 9 19 1
553 993 61 14 mom.
630 987 24 21 af
669 987 11 21 7
696 987 24 27 &;
736 987 40 20 och
790 994 26 13 ur

88 1022 13 20 4
116 1027 63 15 mom.
194 1020 8 21 i
217 1027 81 14 samma
312 1021 11 26 $
337 1020 61 21 torde
413 1019 66 22 orden
493 1021 47 21 eller
554 1021 63 26 blifvit
632 1021 102 26 faststäldt
744 1021 72 20 kunna

89 1056 58 27 utgå,
162 1054 88 21 emedan
273 1055 71 26 någon
367 1053 139 22 fastställelse
523 1055 24 20 af
562 1054 70 27 utslag
655 1062 34 13 om
704 1054 111 28 fastighets

88 1089 128 28 försäljning
238 1089 19 27 ej
273 1089 42 20 kan
330 1088 93 28 lagligen
438 1087 85 22 komma
536 1089 7 20 i
558 1087 61 28 fråga
632 1088 141 25 annorlunda,
789 1090 26 20 än

89 1130 77 21 genom
183 1123 71 27 utslag
273 1122 24 21 af
309 1122 66 27 högre
390 1123 89 25 instans,
494 1123 81 20 hvilket
588 1122 73 21 vinner
676 1122 51 21 eller
742 1125 75 24 genast

91 1165 49 20 eger
154 1157 49 27 laga
216 1156 63 21 kraft.

145 1190 50 21 Alla
209 1189 69 28 öfriga
291 1190 160 27 bestämningar
465 1190 32 20 uti
511 1189 140 28 lagförslaget
664 1190 8 20 i
686 1190 41 21 den
739 1189 78 28 nådiga

90 1224 162 28 propositionen
266 1225 34 20 tro
315 1223 21 22 vi
351 1231 52 15 vara
418 1223 80 28 egnade
513 1225 31 20 att
559 1223 129 28 godkännas.

145 1259 32 21 På
192 1258 62 21 dessa
269 1259 46 20 skäl
329 1265 52 14 anse
395 1258 21 21 vi
431 1264 34 15 oss
481 1257 109 22 vördsamt
603 1257 73 22 kunna
690 1259 56 20 sätta
757 1257 7 20 i
774 1257 43 22 frå-

91 1300 33 21 ga,
139 1300 35 14 om
188 1293 46 21 icke
248 1292 84 22 landets
346 1291 116 29 höglofliga
476 1291 91 22 Ständer
581 1291 71 22 kunde
666 1291 58 22 finna
738 1291 79 28 skäligt

91 1329 32 18 att
136 1327 8 20 i
157 1327 38 21 sitt
209 1326 146 27 underdåniga
371 1333 48 14 svar
435 1327 14 20 å
464 1325 41 21 den
519 1325 77 27 nådiga
610 1326 159 25 propositionen
781 1333 36 13 an-

91 1360 65 21 mäla:

288 1431 30 19 att
331 1428 116 22 Ständerna
460 1428 34 21 väl
504 1428 41 21 icke
556 1427 77 21 kunnat
639 1427 126 26 oförändrad
771 1427 47 26 god-

242 1465 69 21 känna
333 1464 37 21 den
390 1463 75 26 nådiga
481 1462 154 27 propositionen,
655 1467 45 15 men
714 1463 30 19 att
757 1461 62 21 Stän-

162 1504 70 22 Bihang
244 1503 29 18 till
284 1503 139 22 Lagutskottets
436 1501 114 19 betänkande
563 1501 33 18 N:o
608 1502 16 16 2.

865 577 20 54 nn

843 918 11 26 8
870 918 18 21 7.
