1050 1703
353 134 29 23 U.
397 134 28 23 B.
440 147 28 4 —
482 135 75 28 Prop.
572 134 46 23 N:o
632 135 22 22 5.
836 134 15 21 5

350 311 306 26 Reservation.

197 379 179 22 Undertecknade
397 379 52 31 vilja
467 379 34 22 för
519 379 33 22 sin
570 379 36 22 del
624 376 53 30 yrka
698 378 29 28 pä
744 379 41 21 den
803 378 79 27 nädiga

127 413 171 28 propositionens
313 414 121 27 antagande
448 415 52 21 utan
514 413 124 27 förändring
654 413 53 22 eller
721 412 83 28 tillägg.

195 448 28 21 Vi
238 454 51 16 anse
304 448 114 27 nemligen,
432 449 33 21 att
480 449 26 21 de
518 449 160 26 anslagstagare
691 447 24 22 af
723 447 159 27 kleresistaten,

128 482 23 22 åt
171 482 73 22 hvilka
264 482 79 22 hittills
364 483 176 27 fraktpenningar
561 482 103 27 utgifvits,
682 482 49 22 icke
752 481 73 22 kunna
842 488 41 21 ega

127 516 68 27 nägra
212 517 94 27 anspräk
323 517 29 27 pä
370 517 118 27 ersättning
506 517 34 21 för
555 517 106 21 förlusten
675 516 24 22 af
712 517 116 26 desamma,
843 518 40 19 när

127 551 83 22 kronan
232 551 67 22 afstär
321 551 48 22 frän
390 551 148 28 uppbärandet
560 551 23 22 af
598 551 50 22 hela
666 551 70 22 denna
754 550 64 22 skatt.
851 549 32 28 Ty

127 585 162 28 utbetalningen
308 585 24 22 af
345 586 27 21 de
388 585 122 29 obetydliga
524 585 203 28 fraktpenningarne
741 585 35 22 till
790 584 92 23 nämnde

127 620 163 27 anslagstagare
307 620 96 28 grundar
420 620 40 27 sig,
476 620 66 27 enligt
556 620 56 23 hvad
626 620 87 22 utredas
733 619 87 27 kunnat,
835 619 48 22 icke

127 655 29 27 pä
169 655 71 26 nägon
258 654 9 22 i
285 654 153 28 författningen
457 654 121 28 medgifven
596 656 49 25 rätt,
663 655 52 21 utan
729 655 28 27 pä
775 655 32 21 ett
820 653 63 28 bruk,

128 695 46 15 som
189 688 59 28 följts
263 689 8 21 i
290 689 36 22 det
344 695 41 16 ena
402 689 97 27 häradet,
518 689 7 21 i
544 689 36 22 det
597 689 68 22 andra
682 688 58 27 icke;
759 688 124 22 tillochmed

127 723 40 22 har
181 724 8 21 i
204 724 31 20 ett
248 723 75 27 härad,
339 723 57 27 Salo,
411 724 161 27 utbetalningen
584 724 33 21 till
629 723 54 28 följä
693 723 25 22 af
727 725 32 20 ett
770 723 114 22 Allmänna

127 757 196 22 Revisionsrättens
344 758 72 26 utslag
439 758 25 21 är
486 758 55 22 1868
563 758 98 27 upphört,
680 758 71 21 säsom
772 757 112 22 förklarad

128 791 109 27 obehörig.
267 792 56 22 Hela
337 792 43 22 den
394 798 83 16 summa
492 793 115 26 dessutom,
622 798 46 17 som
686 792 24 22 åt
723 792 162 27 presterskapet

127 826 69 21 under
214 826 63 21 titeln
291 825 177 28 fraktpenningar
487 826 123 27 utbetalats,
625 826 100 28 utgjorde
739 826 35 22 för
788 826 24 22 år
828 826 56 22 1873

128 860 8 21 i
150 860 66 22 Wasa
231 860 36 21 län
283 860 42 22 115
339 860 37 22 mk
394 860 27 22 68
435 867 21 21 p.
476 861 40 22 och
533 861 9 21 i
554 860 121 28 Uleäborgs
689 860 37 22 län
741 860 28 22 53
783 860 37 22 mk
827 856 13 37 4
862 866 21 22 p.

127 894 63 22 Huru
208 895 59 21 stora
282 894 27 22 de
327 894 78 28 belopp
420 896 45 26 äro,
480 901 46 16 som
541 895 85 22 komma
640 895 28 27 pä
682 895 27 21 de
725 894 96 24 enskilde
835 901 49 21 pre-

128 928 89 27 sterlige
235 928 285 28 lägenhetsinnehafvarene,
543 929 42 22 kan
602 929 64 21 häraf
686 929 77 27 slutas;
787 929 39 21 och
848 929 37 21 det

129 969 63 21 synes
211 968 35 17 oss
264 969 53 15 vara
331 970 27 15 en
376 970 42 21 nog
433 964 60 27 långt
508 964 83 22 drifven
606 963 100 23 omtanke
721 970 35 16 om
770 964 68 26 några
852 964 32 21 in-

128 997 94 22 dividers
241 997 105 27 ekonomi,
364 998 48 21 ifall
430 999 122 26 ständerna,
570 998 34 22 för
622 999 32 21 att
670 998 160 22 tillfredsställa
848 1003 36 17 an-

128 1031 72 27 spräk,
222 1031 73 22 hvilka
316 1031 102 28 möjligen
440 1032 41 22 alls
503 1032 47 23 icke
568 1033 68 22 finnas
656 1032 53 22 eller
727 1033 8 20 i
752 1032 75 27 hvarje
845 1031 39 23 fall

127 1065 48 22 icke
197 1065 72 22 kunna
289 1065 57 22 visas
365 1072 51 16 vara
433 1066 143 28 berättigade,
593 1067 51 22 ville
662 1066 34 22 för
715 1068 57 20 ännu
789 1073 27 15 en
834 1066 50 27 lång

128 1099 88 22 framtid
230 1100 85 22 belasta
329 1102 82 21 statens
426 1101 123 22 redovisare
564 1101 40 22 och
618 1101 145 27 räkenskaper
777 1101 50 22 med
842 1101 42 22 den

128 1133 116 23 minutiösa
258 1135 148 27 utgiftstiteln:
423 1136 118 27 ersättning
556 1136 33 22 för
603 1135 184 28 fraktpenningar.

180 1220 60 33 Aug.
258 1220 148 27 Schauman.
569 1220 66 28 Gust.
654 1220 28 26 A.
700 1220 132 26 Lindblom.

343 1481 132 18 Statsutskottets
484 1480 105 19 betänkande
600 1480 35 19 N:o
648 1481 15 18 1.
