1020 1711
321 152 23 23 U.
360 152 23 23 B.
398 165 26 3 —
439 153 62 28 Prop.
516 153 38 22 N:o
570 152 29 22 13.
769 151 26 22 15

82 216 87 27 derhän,
191 217 32 20 att
243 216 185 27 handläggningen
450 216 23 22 af
492 216 42 22 ätal
556 217 34 21 för
611 215 119 23 lösdrifveri
752 216 72 21 kunde

83 251 100 21 öfverallt
197 251 124 26 hänskjutas
336 251 33 21 till
383 251 49 26 laga
447 251 97 26 domstol,
559 252 51 20 utan
625 253 31 19 att
671 251 76 21 sakens
762 252 65 19 rätts-

82 285 44 26 liga
147 285 129 26 behandling
295 285 84 21 komme
398 286 31 20 att
446 285 96 21 erfordra
559 285 74 27 längre
647 285 135 27 tidsutdrägt,
798 286 26 19 än

83 318 80 22 sädana
180 318 105 22 ärendens
303 318 116 28 afgörande
437 319 23 21 af
476 319 26 21 de
521 319 168 21 administrativa
702 319 127 27 myndighe-

81 355 62 20 terna
160 353 34 21 för
212 353 132 22 närvarande
362 353 103 27 päkallar.
494 353 165 27 Ifrägavarande
678 353 83 28 Nädiga
779 360 48 21 pro-

81 388 92 26 position
192 388 80 26 äsyftar
291 389 32 20 att
340 388 83 21 minska
437 388 26 22 de
479 389 120 27 omgängar,
616 389 55 21 1865
687 388 34 22 ärs
736 389 93 21 Förord-

81 423 52 26 ning
150 422 92 27 kräfver,
258 422 64 22 innan
339 429 26 15 en
379 428 83 22 person,
479 429 44 15 som
538 425 40 25 gör
591 423 34 27 sig
640 423 83 27 skyldig
737 424 35 20 till
787 423 41 22 den

82 457 82 27 sedliga
181 458 82 25 vanart,
282 463 49 15 man
348 457 115 22 benämner
481 457 126 27 lösdrifveri,
625 458 42 21 kan
682 458 98 21 beröfvas
796 458 33 20 sin

81 492 122 27 personliga
224 491 70 27 frihet,
318 494 55 19 samt
392 494 31 20 att
441 494 52 25 göra
512 492 35 22 det
564 492 84 27 möjligt
665 492 33 22 för
718 492 112 22 Guvernör

82 528 32 20 att
124 538 27 4 —
163 526 76 26 ,äfven
257 532 27 14 ur
298 526 129 27 synpunkten
442 526 24 26 af
480 527 39 21 den
533 526 102 28 skyldiges
650 526 139 28 förbättring"
801 540 28 2 —

81 562 76 25 genast
172 560 97 27 förpassa
285 567 26 14 en
325 560 133 27 lösdrifvare,
474 567 45 15 som
534 561 99 21 anträffas
648 563 59 20 utom
723 562 32 20 sin
769 562 62 21 kom-

81 601 50 15 mun
152 595 35 20 till
209 595 221 21 korrektionsanstalt.
464 595 32 21 De
518 595 118 22 statistiska
658 595 113 27 uppgifter,
791 596 38 26 jag

81 630 56 21 varit
150 629 8 21 i
172 629 85 22 tillfälle
273 631 32 19 att
320 629 87 26 erhälla,
423 629 70 22 utvisa
508 629 59 26 dock,
583 631 38 25 att,
636 629 62 22 äfven
713 630 49 21 med
774 630 55 21 1865

82 664 35 21 års
131 663 140 27 Förordning,
287 663 162 22 Guvernörerne
465 664 55 21 varit
534 664 7 21 i
556 663 84 22 tillfälle
656 665 31 20 att
698 663 32 22 till
741 663 88 22 korrek-

80 698 189 22 tionsanstalterne
289 698 97 27 förpassa
405 699 30 20 ett
453 698 49 21 vida
520 700 68 19 större
607 698 58 21 antal
679 704 108 21 personer,
802 701 29 18 än

82 733 63 21 dessa
159 733 104 21 anstalter
279 732 79 22 kunnat
373 732 109 27 inrymma,
499 734 54 20 samt
568 734 32 19 att
613 732 132 21 fördenskull
757 739 26 14 en
795 733 34 21 del

82 773 17 16 s.
121 767 21 21 k.
164 767 177 21 korrektionistex
356 767 55 21 måst
427 767 70 22 hållas
515 767 7 22 i
540 767 141 21 länehäktena
699 767 68 21 under
781 767 49 22 hela

82 802 53 21 eller
153 803 69 20 större
241 801 62 22 delen
322 801 24 22 af
362 801 41 22 den
418 802 46 21 dem
480 802 100 21 tillmätta
594 801 162 27 fängelsetiden.
788 803 44 20 An-

81 837 82 26 gående
185 835 152 27 lämpligheten
360 835 23 22 af
398 836 51 21 våra
471 836 238 21 korrektionsanstalter
727 842 36 21 ,ur
783 843 47 21 syn-

81 871 95 27 punkten
195 870 24 21 af
235 870 42 22 den
295 870 107 27 skyldiges
417 870 138 27 förbättring*
570 870 61 21 torde
646 870 19 27 ej
680 870 71 22 kunna
765 870 64 28 hysas

81 912 48 14 mer
146 907 27 19 än
191 910 26 16 en
236 904 61 27 äsigt.
328 904 28 22 Sä
371 904 45 26 lägt
430 910 48 16 man
493 906 27 19 än
535 905 34 21 mä
582 904 65 22 tänka
663 910 33 16 om
712 905 26 21 de
754 905 77 21 indivi-

83 940 50 21 ders
147 939 116 21 moraliska
277 938 106 27 karakter,
400 945 44 15 som
459 939 34 21 till
508 939 48 21 dem
570 938 137 27 införpassas,
723 940 60 20 torde
794 940 35 20 det

81 974 84 22 likvisst
187 974 19 26 ej
228 980 53 14 vara
304 974 36 20 det
360 974 94 26 ringaste
474 973 72 22 tvifvel
565 973 159 26 underkastadt,
744 975 31 20 att
794 974 33 26 de,

83 1008 55 22 efter
152 1008 70 27 nägon
238 1008 42 21 tids
296 1008 266 26 gemensamhetsfängelse
577 1009 6 20 i
597 1008 115 27 desamma,
723 1009 51 26 utgä
784 1008 48 22 der-

82 1043 56 22 ifrän
159 1043 49 21 vida
227 1042 87 27 djupare
334 1042 142 28 depraverade
496 1042 39 22 och
553 1042 59 27 längt
630 1049 59 15 mera
707 1043 124 27 oförmögna

83 1079 32 21 att
133 1077 65 22 blifva
216 1077 113 27 gagneliga
348 1076 240 23 samhällsmedlemmar
603 1078 26 20 än
645 1077 63 22 förut.
738 1078 47 21 Den
800 1078 32 21 &t-

84 1113 92 22 skillnad
196 1112 55 21 1865
273 1112 35 21 ärs
327 1111 123 28 förordning
469 1114 39 25 gör
526 1112 90 21 emellan
635 1112 78 21 sädane
728 1112 106 22 försvars-

83 1148 53 25 löse,
155 1153 46 15 som
219 1146 58 22 förut
294 1146 58 28 gjort
370 1146 33 27 sig
421 1146 64 22 saker
503 1146 33 21 till
551 1146 63 26 brott,
631 1146 38 22 och
684 1146 85 26 sädane,
786 1152 45 16 som

84 1182 75 21 endast
181 1181 56 21 visat
257 1181 53 27 lätja
333 1180 38 22 och
393 1180 81 27 böjelse
496 1181 34 21 för
548 1182 31 20 ett
597 1180 177 28 kringstrykande
793 1181 40 21 lef-

84 1216 103 26 nadssätt,
207 1218 23 18 är
249 1215 36 21 vid
299 1216 31 20 ett
344 1215 51 21 slikt
413 1215 96 21 tillstånd
528 1215 23 21 af
567 1215 265 21 korrektionsanstalterna

85 1250 50 21 fullt
152 1249 127 27 berättigad.
309 1249 49 22 Icke
374 1256 38 14 ens
426 1256 26 14 ur
467 1249 40 21 den
522 1249 108 21 krassaste
644 1249 123 27 preventiva
783 1256 48 20 syn-

84 1284 69 27 punkt
173 1284 56 21 låter
251 1290 25 14 en
294 1283 124 27 ytterligare
437 1283 146 27 utsträckning
601 1282 23 23 af
641 1284 36 20 det
694 1290 29 14 nu
737 1284 95 20 varande

85 1325 17 15 s.
118 1319 20 21 k.
154 1318 236 27 korrektionssystemet
405 1318 95 21 försvara
515 1318 38 26 sig.
568 1319 23 25 ty
601 1324 34 15 om
646 1318 39 21 ock
695 1318 136 26 subjekterna

84 1352 68 21 under
171 1352 40 20 den
229 1352 31 20 tid
279 1352 25 20 de
323 1351 69 21 hällas
406 1351 104 26 fängslige
525 1353 62 24 göras
603 1352 110 25 oskadliga
727 1351 34 21 för
775 1357 55 15 sam-

84 1386 73 25 hället,
181 1385 24 21 så
223 1386 109 25 motväges
351 1384 59 21 detta
427 1384 129 27 fullkomligt
574 1384 65 26 deraf,
655 1386 32 19 att
702 1385 25 21 de
742 1384 36 21 vid
793 1384 38 21 fri-

85 1420 109 27 gifvandet
218 1419 95 22 befinnas
336 1421 55 19 ännu
414 1418 209 27 samhällsvädligare
645 1420 26 19 än
693 1418 63 22 förut.
789 1419 42 20 Det

85 1462 62 22 synes
165 1455 43 26 mig
227 1454 85 22 derföre
331 1460 52 15 vara
397 1453 98 28 riktigast
510 1455 32 20 att
556 1453 46 22 icke
617 1460 28 14 nu
660 1453 86 28 vidtaga
760 1453 71 27 nägon

153 1495 45 22 Lag-
211 1495 29 17 och
251 1494 168 17 Ekonomiutskottets
429 1494 104 17 betänkande
545 1493 35 17 N:o
592 1493 16 17 2.
