<?xml version="1.0" encoding="UTF-8"?>
<alto xmlns="http://www.loc.gov/standards/alto/ns-v3#" xmlns:xlink="http://www.w3.org/1999/xlink" xmlns:xsi="http://www.w3.org/2001/XMLSchema-instance" xsi:schemaLocation="http://www.loc.gov/standards/alto/ns-v3# http://www.loc.gov/alto/v3/alto-3-0.xsd">
	<Description>
		<MeasurementUnit>pixel</MeasurementUnit>
		<sourceImageInformation>
			<fileName>/tmp/tess__1bb0boz_input.PNG</fileName>
		</sourceImageInformation>
		<OCRProcessing ID="OCR_0">
			<ocrProcessingStep>
				<processingSoftware>
					<softwareName>tesseract 5.3.4</softwareName>
				</processingSoftware>
			</ocrProcessingStep>
		</OCRProcessing>
	</Description>
	<Layout>
		<Page WIDTH="1028" HEIGHT="1698" PHYSICAL_IMG_NR="0" ID="page_0">
			<PrintSpace HPOS="0" VPOS="0" WIDTH="1028" HEIGHT="1698">
				<ComposedBlock ID="cblock_0" HPOS="410" VPOS="125" WIDTH="404" HEIGHT="24">
					<TextBlock ID="block_0" HPOS="410" VPOS="125" WIDTH="404" HEIGHT="24">
						<TextLine ID="line_0" HPOS="410" VPOS="125" WIDTH="404" HEIGHT="24">
							<String ID="string_0" HPOS="410" VPOS="125" WIDTH="53" HEIGHT="22" WC="0.95" CONTENT="N:o"/><SP WIDTH="17" VPOS="125" HPOS="463"/>
							<String ID="string_1" HPOS="480" VPOS="125" WIDTH="55" HEIGHT="22" WC="0.96" CONTENT="20."/><SP WIDTH="254" VPOS="125" HPOS="535"/>
							<String ID="string_2" HPOS="789" VPOS="129" WIDTH="25" HEIGHT="20" WC="0.95" CONTENT="21"/>
						</TextLine>
					</TextBlock>
				</ComposedBlock>
				<ComposedBlock ID="cblock_1" HPOS="92" VPOS="185" WIDTH="752" HEIGHT="131">
					<TextBlock ID="block_1" HPOS="92" VPOS="185" WIDTH="752" HEIGHT="131">
						<TextLine ID="line_1" HPOS="93" VPOS="185" WIDTH="750" HEIGHT="31">
							<String ID="string_3" HPOS="93" VPOS="185" WIDTH="75" HEIGHT="22" WC="0.92" CONTENT="derom"/><SP WIDTH="16" VPOS="185" HPOS="168"/>
							<String ID="string_4" HPOS="184" VPOS="187" WIDTH="75" HEIGHT="20" WC="0.92" CONTENT="förena"/><SP WIDTH="15" VPOS="187" HPOS="259"/>
							<String ID="string_5" HPOS="274" VPOS="188" WIDTH="34" HEIGHT="26" WC="0.96" CONTENT="sig"/><SP WIDTH="14" VPOS="188" HPOS="308"/>
							<String ID="string_6" HPOS="322" VPOS="188" WIDTH="49" HEIGHT="20" WC="0.95" CONTENT="med"/><SP WIDTH="15" VPOS="188" HPOS="371"/>
							<String ID="string_7" HPOS="386" VPOS="190" WIDTH="65" HEIGHT="19" WC="0.93" CONTENT="annat"/><SP WIDTH="13" VPOS="190" HPOS="451"/>
							<String ID="string_8" HPOS="464" VPOS="188" WIDTH="241" HEIGHT="28" WC="0.90" CONTENT="fattigvärdssamhälle;"/><SP WIDTH="13" VPOS="188" HPOS="705"/>
							<String ID="string_9" HPOS="718" VPOS="190" WIDTH="53" HEIGHT="21" WC="0.96" CONTENT="dock"/><SP WIDTH="12" VPOS="190" HPOS="771"/>
							<String ID="string_10" HPOS="783" VPOS="191" WIDTH="60" HEIGHT="25" WC="0.95" CONTENT="skall,"/>
						</TextLine>
						<TextLine ID="line_2" HPOS="94" VPOS="220" WIDTH="750" HEIGHT="30">
							<String ID="string_11" HPOS="94" VPOS="220" WIDTH="29" HEIGHT="21" WC="0.93" CONTENT="dä"/><SP WIDTH="17" VPOS="220" HPOS="123"/>
							<String ID="string_12" HPOS="140" VPOS="220" WIDTH="62" HEIGHT="27" WC="0.92" CONTENT="fräga"/><SP WIDTH="19" VPOS="220" HPOS="202"/>
							<String ID="string_13" HPOS="221" VPOS="223" WIDTH="23" HEIGHT="18" WC="0.96" CONTENT="är"/><SP WIDTH="20" VPOS="223" HPOS="244"/>
							<String ID="string_14" HPOS="264" VPOS="227" WIDTH="34" HEIGHT="15" WC="0.93" CONTENT="om"/><SP WIDTH="19" VPOS="227" HPOS="298"/>
							<String ID="string_15" HPOS="317" VPOS="221" WIDTH="122" HEIGHT="22" WC="0.90" CONTENT="inrättande"/><SP WIDTH="16" VPOS="221" HPOS="439"/>
							<String ID="string_16" HPOS="455" VPOS="222" WIDTH="23" HEIGHT="21" WC="0.93" CONTENT="af"/><SP WIDTH="13" VPOS="222" HPOS="478"/>
							<String ID="string_17" HPOS="491" VPOS="223" WIDTH="239" HEIGHT="27" WC="0.88" CONTENT="tvängsarbetsanstalt,"/><SP WIDTH="16" VPOS="223" HPOS="730"/>
							<String ID="string_18" HPOS="746" VPOS="225" WIDTH="98" HEIGHT="20" WC="0.92" CONTENT="anmälan"/>
						</TextLine>
						<TextLine ID="line_3" HPOS="94" VPOS="254" WIDTH="750" HEIGHT="30">
							<String ID="string_19" HPOS="94" VPOS="254" WIDTH="73" HEIGHT="21" WC="0.92" CONTENT="derom"/><SP WIDTH="16" VPOS="254" HPOS="167"/>
							<String ID="string_20" HPOS="183" VPOS="257" WIDTH="63" HEIGHT="24" WC="0.92" CONTENT="göras"/><SP WIDTH="16" VPOS="257" HPOS="246"/>
							<String ID="string_21" HPOS="262" VPOS="255" WIDTH="39" HEIGHT="21" WC="0.93" CONTENT="hos"/><SP WIDTH="17" VPOS="255" HPOS="301"/>
							<String ID="string_22" HPOS="318" VPOS="255" WIDTH="144" HEIGHT="27" WC="0.91" CONTENT="Guvernören,"/><SP WIDTH="13" VPOS="255" HPOS="462"/>
							<String ID="string_23" HPOS="475" VPOS="263" WIDTH="44" HEIGHT="15" WC="0.97" CONTENT="som"/><SP WIDTH="11" VPOS="263" HPOS="519"/>
							<String ID="string_24" HPOS="530" VPOS="258" WIDTH="39" HEIGHT="20" WC="0.96" CONTENT="har"/><SP WIDTH="11" VPOS="258" HPOS="569"/>
							<String ID="string_25" HPOS="580" VPOS="259" WIDTH="32" HEIGHT="19" WC="0.93" CONTENT="att"/><SP WIDTH="10" VPOS="259" HPOS="612"/>
							<String ID="string_26" HPOS="622" VPOS="257" WIDTH="89" HEIGHT="22" WC="0.93" CONTENT="ärendet"/><SP WIDTH="8" VPOS="257" HPOS="711"/>
							<String ID="string_27" HPOS="719" VPOS="259" WIDTH="66" HEIGHT="25" WC="0.93" CONTENT="jemte"/><SP WIDTH="11" VPOS="259" HPOS="785"/>
							<String ID="string_28" HPOS="796" VPOS="259" WIDTH="48" HEIGHT="25" WC="0.94" CONTENT="eget"/>
						</TextLine>
						<TextLine ID="line_4" HPOS="92" VPOS="288" WIDTH="536" HEIGHT="28">
							<String ID="string_29" HPOS="92" VPOS="288" WIDTH="102" HEIGHT="27" WC="0.92" CONTENT="yttrande"/><SP WIDTH="15" VPOS="288" HPOS="194"/>
							<String ID="string_30" HPOS="209" VPOS="289" WIDTH="32" HEIGHT="20" WC="0.93" CONTENT="till"/><SP WIDTH="17" VPOS="289" HPOS="241"/>
							<String ID="string_31" HPOS="258" VPOS="289" WIDTH="104" HEIGHT="21" WC="0.91" CONTENT="Senatens"/><SP WIDTH="14" VPOS="289" HPOS="362"/>
							<String ID="string_32" HPOS="376" VPOS="289" WIDTH="101" HEIGHT="27" WC="0.92" CONTENT="pröfning"/><SP WIDTH="16" VPOS="289" HPOS="477"/>
							<String ID="string_33" HPOS="493" VPOS="291" WIDTH="135" HEIGHT="21" WC="0.89" CONTENT="öfverlemna."/>
						</TextLine>
					</TextBlock>
				</ComposedBlock>
				<ComposedBlock ID="cblock_2" HPOS="91" VPOS="353" WIDTH="753" HEIGHT="135">
					<TextBlock ID="block_2" HPOS="91" VPOS="353" WIDTH="753" HEIGHT="135">
						<TextLine ID="line_5" HPOS="439" VPOS="353" WIDTH="59" HEIGHT="27">
							<String ID="string_34" HPOS="439" VPOS="353" WIDTH="10" HEIGHT="27" WC="0.90" CONTENT="8"/><SP WIDTH="16" VPOS="353" HPOS="449"/>
							<String ID="string_35" HPOS="465" VPOS="353" WIDTH="33" HEIGHT="20" WC="0.90" CONTENT="43."/>
						</TextLine>
						<TextLine ID="line_6" HPOS="165" VPOS="391" WIDTH="679" HEIGHT="28">
							<String ID="string_36" HPOS="165" VPOS="391" WIDTH="40" HEIGHT="21" WC="0.93" CONTENT="Till"/><SP WIDTH="19" VPOS="391" HPOS="205"/>
							<String ID="string_37" HPOS="224" VPOS="391" WIDTH="174" HEIGHT="22" WC="0.91" CONTENT="förekommande"/><SP WIDTH="19" VPOS="391" HPOS="398"/>
							<String ID="string_38" HPOS="417" VPOS="392" WIDTH="22" HEIGHT="21" WC="0.93" CONTENT="af"/><SP WIDTH="18" VPOS="392" HPOS="439"/>
							<String ID="string_39" HPOS="457" VPOS="393" WIDTH="77" HEIGHT="26" WC="0.92" CONTENT="tiggeri"/><SP WIDTH="17" VPOS="393" HPOS="534"/>
							<String ID="string_40" HPOS="551" VPOS="393" WIDTH="61" HEIGHT="21" WC="0.93" CONTENT="skola"/><SP WIDTH="14" VPOS="393" HPOS="612"/>
							<String ID="string_41" HPOS="626" VPOS="394" WIDTH="78" HEIGHT="21" WC="0.93" CONTENT="krono-"/><SP WIDTH="16" VPOS="394" HPOS="704"/>
							<String ID="string_42" HPOS="720" VPOS="394" WIDTH="39" HEIGHT="21" WC="0.93" CONTENT="och"/><SP WIDTH="16" VPOS="394" HPOS="759"/>
							<String ID="string_43" HPOS="775" VPOS="394" WIDTH="69" HEIGHT="21" WC="0.93" CONTENT="stads-"/>
						</TextLine>
						<TextLine ID="line_7" HPOS="94" VPOS="425" WIDTH="749" HEIGHT="30">
							<String ID="string_44" HPOS="94" VPOS="425" WIDTH="95" HEIGHT="26" WC="0.91" CONTENT="betjente"/><SP WIDTH="16" VPOS="425" HPOS="189"/>
							<String ID="string_45" HPOS="205" VPOS="427" WIDTH="97" HEIGHT="20" WC="0.95" CONTENT="använda"/><SP WIDTH="15" VPOS="427" HPOS="302"/>
							<String ID="string_46" HPOS="317" VPOS="427" WIDTH="29" HEIGHT="20" WC="0.96" CONTENT="all"/><SP WIDTH="14" VPOS="427" HPOS="346"/>
							<String ID="string_47" HPOS="360" VPOS="427" WIDTH="189" HEIGHT="26" WC="0.96" CONTENT="uppmärksamhet"/><SP WIDTH="11" VPOS="427" HPOS="549"/>
							<String ID="string_48" HPOS="560" VPOS="429" WIDTH="55" HEIGHT="19" WC="0.93" CONTENT="samt"/><SP WIDTH="10" VPOS="429" HPOS="615"/>
							<String ID="string_49" HPOS="625" VPOS="428" WIDTH="70" HEIGHT="21" WC="0.93" CONTENT="lemna"/><SP WIDTH="10" VPOS="428" HPOS="695"/>
							<String ID="string_50" HPOS="705" VPOS="428" WIDTH="138" HEIGHT="27" WC="0.83" CONTENT="fattievärds-"/>
						</TextLine>
						<TextLine ID="line_8" HPOS="91" VPOS="460" WIDTH="657" HEIGHT="28">
							<String ID="string_51" HPOS="91" VPOS="460" WIDTH="94" HEIGHT="26" WC="0.95" CONTENT="styrelse"/><SP WIDTH="16" VPOS="460" HPOS="185"/>
							<String ID="string_52" HPOS="201" VPOS="460" WIDTH="51" HEIGHT="21" WC="0.96" CONTENT="eller"/><SP WIDTH="16" VPOS="460" HPOS="252"/>
							<String ID="string_53" HPOS="268" VPOS="461" WIDTH="49" HEIGHT="20" WC="0.96" CONTENT="dess"/><SP WIDTH="17" VPOS="461" HPOS="317"/>
							<String ID="string_54" HPOS="334" VPOS="461" WIDTH="89" HEIGHT="20" WC="0.93" CONTENT="medlem"/><SP WIDTH="16" VPOS="461" HPOS="423"/>
							<String ID="string_55" HPOS="439" VPOS="461" WIDTH="127" HEIGHT="26" WC="0.93" CONTENT="erforderlig"/><SP WIDTH="15" VPOS="461" HPOS="566"/>
							<String ID="string_56" HPOS="581" VPOS="462" WIDTH="167" HEIGHT="26" WC="0.50" CONTENT="handräckning."/>
						</TextLine>
					</TextBlock>
				</ComposedBlock>
				<ComposedBlock ID="cblock_3" HPOS="393" VPOS="558" WIDTH="152" HEIGHT="18">
					<TextBlock ID="block_3" HPOS="393" VPOS="558" WIDTH="152" HEIGHT="18">
						<TextLine ID="line_9" HPOS="393" VPOS="558" WIDTH="152" HEIGHT="18">
							<String ID="string_57" HPOS="393" VPOS="558" WIDTH="67" HEIGHT="18" WC="0.94" CONTENT="Art."/><SP WIDTH="20" VPOS="558" HPOS="460"/>
							<String ID="string_58" HPOS="480" VPOS="558" WIDTH="65" HEIGHT="18" WC="0.89" CONTENT="VII."/>
						</TextLine>
					</TextBlock>
				</ComposedBlock>
				<ComposedBlock ID="cblock_4" HPOS="236" VPOS="603" WIDTH="468" HEIGHT="27">
					<TextBlock ID="block_4" HPOS="236" VPOS="603" WIDTH="468" HEIGHT="27">
						<TextLine ID="line_10" HPOS="236" VPOS="603" WIDTH="468" HEIGHT="27">
							<String ID="string_59" HPOS="236" VPOS="603" WIDTH="43" HEIGHT="21" WC="0.93" CONTENT="Om"/><SP WIDTH="23" VPOS="603" HPOS="279"/>
							<String ID="string_60" HPOS="302" VPOS="604" WIDTH="212" HEIGHT="26" WC="0.91" CONTENT="underställning"/><SP WIDTH="23" VPOS="604" HPOS="514"/>
							<String ID="string_61" HPOS="537" VPOS="604" WIDTH="45" HEIGHT="21" WC="0.96" CONTENT="och"/><SP WIDTH="23" VPOS="604" HPOS="582"/>
							<String ID="string_62" HPOS="605" VPOS="605" WIDTH="99" HEIGHT="20" WC="0.94" CONTENT="besvär."/>
						</TextLine>
					</TextBlock>
				</ComposedBlock>
				<ComposedBlock ID="cblock_5" HPOS="91" VPOS="667" WIDTH="753" HEIGHT="236">
					<TextBlock ID="block_5" HPOS="443" VPOS="667" WIDTH="53" HEIGHT="27">
						<TextLine ID="line_11" HPOS="443" VPOS="667" WIDTH="53" HEIGHT="27">
							<String ID="string_63" HPOS="443" VPOS="667" WIDTH="53" HEIGHT="27" WC="0.90" CONTENT="844."/>
						</TextLine>
					</TextBlock>
					<TextBlock ID="block_6" HPOS="91" VPOS="706" WIDTH="753" HEIGHT="197">
						<TextLine ID="line_12" HPOS="166" VPOS="706" WIDTH="678" HEIGHT="26">
							<String ID="string_64" HPOS="166" VPOS="706" WIDTH="81" HEIGHT="26" WC="0.95" CONTENT="Beslut,"/><SP WIDTH="17" VPOS="706" HPOS="247"/>
							<String ID="string_65" HPOS="264" VPOS="712" WIDTH="45" HEIGHT="15" WC="0.96" CONTENT="som"/><SP WIDTH="17" VPOS="712" HPOS="309"/>
							<String ID="string_66" HPOS="326" VPOS="706" WIDTH="66" HEIGHT="26" WC="0.96" CONTENT="enligt"/><SP WIDTH="16" VPOS="706" HPOS="392"/>
							<String ID="string_67" HPOS="408" VPOS="706" WIDTH="70" HEIGHT="21" WC="0.93" CONTENT="denna"/><SP WIDTH="15" VPOS="706" HPOS="478"/>
							<String ID="string_68" HPOS="493" VPOS="707" WIDTH="125" HEIGHT="25" WC="0.96" CONTENT="förordning"/><SP WIDTH="14" VPOS="707" HPOS="618"/>
							<String ID="string_69" HPOS="632" VPOS="706" WIDTH="72" HEIGHT="22" WC="0.96" CONTENT="blifvit"/><SP WIDTH="14" VPOS="706" HPOS="704"/>
							<String ID="string_70" HPOS="718" VPOS="707" WIDTH="33" HEIGHT="21" WC="0.93" CONTENT="till"/><SP WIDTH="12" VPOS="707" HPOS="751"/>
							<String ID="string_71" HPOS="763" VPOS="706" WIDTH="81" HEIGHT="22" WC="0.90" CONTENT="Guver-"/>
						</TextLine>
						<TextLine ID="line_13" HPOS="91" VPOS="740" WIDTH="753" HEIGHT="26">
							<String ID="string_72" HPOS="91" VPOS="741" WIDTH="82" HEIGHT="19" WC="0.71" CONTENT="nörens"/><SP WIDTH="14" VPOS="741" HPOS="173"/>
							<String ID="string_73" HPOS="187" VPOS="740" WIDTH="101" HEIGHT="26" WC="0.92" CONTENT="pröfning"/><SP WIDTH="15" VPOS="740" HPOS="288"/>
							<String ID="string_74" HPOS="303" VPOS="740" WIDTH="160" HEIGHT="26" WC="0.91" CONTENT="öfverlemnadt,"/><SP WIDTH="15" VPOS="740" HPOS="463"/>
							<String ID="string_75" HPOS="478" VPOS="741" WIDTH="39" HEIGHT="20" WC="0.96" CONTENT="bör"/><SP WIDTH="11" VPOS="741" HPOS="517"/>
							<String ID="string_76" HPOS="528" VPOS="742" WIDTH="102" HEIGHT="24" WC="0.93" CONTENT="antingen"/><SP WIDTH="12" VPOS="742" HPOS="630"/>
							<String ID="string_77" HPOS="642" VPOS="740" WIDTH="139" HEIGHT="21" WC="0.92" CONTENT="oförändradt"/><SP WIDTH="11" VPOS="740" HPOS="781"/>
							<String ID="string_78" HPOS="792" VPOS="740" WIDTH="52" HEIGHT="21" WC="0.93" CONTENT="fast-"/>
						</TextLine>
						<TextLine ID="line_14" HPOS="95" VPOS="773" WIDTH="748" HEIGHT="27">
							<String ID="string_79" HPOS="95" VPOS="773" WIDTH="74" HEIGHT="21" WC="0.96" CONTENT="ställas"/><SP WIDTH="24" VPOS="773" HPOS="169"/>
							<String ID="string_80" HPOS="193" VPOS="774" WIDTH="52" HEIGHT="20" WC="0.92" CONTENT="eller"/><SP WIDTH="23" VPOS="774" HPOS="245"/>
							<String ID="string_81" HPOS="268" VPOS="774" WIDTH="83" HEIGHT="26" WC="0.88" CONTENT="ogillas."/><SP WIDTH="30" VPOS="774" HPOS="351"/>
							<String ID="string_82" HPOS="381" VPOS="774" WIDTH="83" HEIGHT="26" WC="0.59" CONTENT="Vägras"/><SP WIDTH="20" VPOS="774" HPOS="464"/>
							<String ID="string_83" HPOS="484" VPOS="774" WIDTH="144" HEIGHT="26" WC="0.93" CONTENT="fastställelse,"/><SP WIDTH="17" VPOS="774" HPOS="628"/>
							<String ID="string_84" HPOS="645" VPOS="774" WIDTH="101" HEIGHT="26" WC="0.92" CONTENT="uppgifve"/><SP WIDTH="16" VPOS="774" HPOS="746"/>
							<String ID="string_85" HPOS="762" VPOS="774" WIDTH="81" HEIGHT="21" WC="0.92" CONTENT="Guver-"/>
						</TextLine>
						<TextLine ID="line_15" HPOS="91" VPOS="807" WIDTH="753" HEIGHT="27">
							<String ID="string_86" HPOS="91" VPOS="809" WIDTH="69" HEIGHT="19" WC="0.86" CONTENT="nören"/><SP WIDTH="24" VPOS="809" HPOS="160"/>
							<String ID="string_87" HPOS="184" VPOS="807" WIDTH="72" HEIGHT="21" WC="0.93" CONTENT="skälen"/><SP WIDTH="20" VPOS="807" HPOS="256"/>
							<String ID="string_88" HPOS="276" VPOS="808" WIDTH="77" HEIGHT="25" WC="0.77" CONTENT="dertill,"/><SP WIDTH="25" VPOS="808" HPOS="353"/>
							<String ID="string_89" HPOS="378" VPOS="808" WIDTH="39" HEIGHT="20" WC="0.96" CONTENT="och"/><SP WIDTH="16" VPOS="808" HPOS="417"/>
							<String ID="string_90" HPOS="433" VPOS="810" WIDTH="24" HEIGHT="19" WC="0.96" CONTENT="är"/><SP WIDTH="15" VPOS="810" HPOS="457"/>
							<String ID="string_91" HPOS="472" VPOS="808" WIDTH="36" HEIGHT="21" WC="0.93" CONTENT="det"/><SP WIDTH="15" VPOS="808" HPOS="508"/>
							<String ID="string_92" HPOS="523" VPOS="808" WIDTH="232" HEIGHT="26" WC="0.92" CONTENT="fattigvärdssamhälle"/><SP WIDTH="16" VPOS="808" HPOS="755"/>
							<String ID="string_93" HPOS="771" VPOS="808" WIDTH="73" HEIGHT="22" WC="0.90" CONTENT="obeta-"/>
						</TextLine>
						<TextLine ID="line_16" HPOS="94" VPOS="842" WIDTH="750" HEIGHT="27">
							<String ID="string_94" HPOS="94" VPOS="843" WIDTH="37" HEIGHT="25" WC="0.96" CONTENT="get"/><SP WIDTH="18" VPOS="843" HPOS="131"/>
							<String ID="string_95" HPOS="149" VPOS="843" WIDTH="37" HEIGHT="25" WC="0.96" CONTENT="att,"/><SP WIDTH="20" VPOS="843" HPOS="186"/>
							<String ID="string_96" HPOS="206" VPOS="848" WIDTH="34" HEIGHT="15" WC="0.96" CONTENT="om"/><SP WIDTH="20" VPOS="848" HPOS="240"/>
							<String ID="string_97" HPOS="260" VPOS="842" WIDTH="36" HEIGHT="21" WC="0.93" CONTENT="det"/><SP WIDTH="14" VPOS="842" HPOS="296"/>
							<String ID="string_98" HPOS="310" VPOS="844" WIDTH="46" HEIGHT="19" WC="0.93" CONTENT="tror"/><SP WIDTH="16" VPOS="844" HPOS="356"/>
							<String ID="string_99" HPOS="372" VPOS="843" WIDTH="32" HEIGHT="26" WC="0.93" CONTENT="sig"/><SP WIDTH="17" VPOS="843" HPOS="404"/>
							<String ID="string_100" HPOS="421" VPOS="842" WIDTH="71" HEIGHT="21" WC="0.91" CONTENT="dertill"/><SP WIDTH="16" VPOS="842" HPOS="492"/>
							<String ID="string_101" HPOS="508" VPOS="845" WIDTH="40" HEIGHT="24" WC="0.93" CONTENT="äga"/><SP WIDTH="15" VPOS="845" HPOS="548"/>
							<String ID="string_102" HPOS="563" VPOS="843" WIDTH="42" HEIGHT="26" WC="0.91" CONTENT="fog,"/><SP WIDTH="17" VPOS="843" HPOS="605"/>
							<String ID="string_103" HPOS="622" VPOS="843" WIDTH="58" HEIGHT="21" WC="0.93" CONTENT="öfver"/><SP WIDTH="16" VPOS="843" HPOS="680"/>
							<String ID="string_104" HPOS="696" VPOS="843" WIDTH="80" HEIGHT="26" WC="0.92" CONTENT="vägrad"/><SP WIDTH="15" VPOS="843" HPOS="776"/>
							<String ID="string_105" HPOS="791" VPOS="842" WIDTH="53" HEIGHT="21" WC="0.93" CONTENT="fast-"/>
						</TextLine>
						<TextLine ID="line_17" HPOS="91" VPOS="876" WIDTH="752" HEIGHT="27">
							<String ID="string_106" HPOS="91" VPOS="877" WIDTH="100" HEIGHT="20" WC="0.85" CONTENT="ställelse"/><SP WIDTH="22" VPOS="877" HPOS="191"/>
							<String ID="string_107" HPOS="213" VPOS="876" WIDTH="75" HEIGHT="21" WC="0.93" CONTENT="anföra"/><SP WIDTH="22" VPOS="876" HPOS="288"/>
							<String ID="string_108" HPOS="310" VPOS="877" WIDTH="77" HEIGHT="26" WC="0.96" CONTENT="klagan"/><SP WIDTH="23" VPOS="877" HPOS="387"/>
							<String ID="string_109" HPOS="410" VPOS="877" WIDTH="6" HEIGHT="20" WC="0.92" CONTENT="i"/><SP WIDTH="26" VPOS="877" HPOS="416"/>
							<String ID="string_110" HPOS="442" VPOS="877" WIDTH="103" HEIGHT="21" WC="0.92" CONTENT="Senatens"/><SP WIDTH="26" VPOS="877" HPOS="545"/>
							<String ID="string_111" HPOS="571" VPOS="877" WIDTH="272" HEIGHT="26" WC="0.92" CONTENT="Ekonomiedepartement."/>
						</TextLine>
					</TextBlock>
				</ComposedBlock>
				<ComposedBlock ID="cblock_6" HPOS="91" VPOS="940" WIDTH="757" HEIGHT="545">
					<TextBlock ID="block_7" HPOS="441" VPOS="940" WIDTH="60" HEIGHT="27">
						<TextLine ID="line_18" HPOS="441" VPOS="940" WIDTH="60" HEIGHT="27">
							<String ID="string_112" HPOS="441" VPOS="940" WIDTH="11" HEIGHT="27" WC="0.49" CONTENT="8"/><SP WIDTH="16" VPOS="940" HPOS="452"/>
							<String ID="string_113" HPOS="468" VPOS="941" WIDTH="33" HEIGHT="19" WC="0.96" CONTENT="45."/>
						</TextLine>
					</TextBlock>
					<TextBlock ID="block_8" HPOS="91" VPOS="974" WIDTH="756" HEIGHT="406">
						<TextLine ID="line_19" HPOS="169" VPOS="974" WIDTH="675" HEIGHT="32">
							<String ID="string_114" HPOS="169" VPOS="980" WIDTH="17" HEIGHT="20" WC="0.94" CONTENT="1."/><SP WIDTH="30" VPOS="980" HPOS="186"/>
							<String ID="string_115" HPOS="216" VPOS="974" WIDTH="31" HEIGHT="26" WC="0.90" CONTENT="Är"/><SP WIDTH="22" VPOS="974" HPOS="247"/>
							<String ID="string_116" HPOS="269" VPOS="980" WIDTH="70" HEIGHT="26" WC="0.96" CONTENT="någon"/><SP WIDTH="23" VPOS="980" HPOS="339"/>
							<String ID="string_117" HPOS="362" VPOS="980" WIDTH="103" HEIGHT="26" WC="0.95" CONTENT="missnöjd"/><SP WIDTH="15" VPOS="980" HPOS="465"/>
							<String ID="string_118" HPOS="480" VPOS="980" WIDTH="48" HEIGHT="20" WC="0.93" CONTENT="med"/><SP WIDTH="16" VPOS="980" HPOS="528"/>
							<String ID="string_119" HPOS="544" VPOS="979" WIDTH="231" HEIGHT="27" WC="0.89" CONTENT="fattigvärdsstyrelses"/><SP WIDTH="17" VPOS="979" HPOS="775"/>
							<String ID="string_120" HPOS="792" VPOS="979" WIDTH="52" HEIGHT="21" WC="0.96" CONTENT="eller"/>
						</TextLine>
						<TextLine ID="line_20" HPOS="93" VPOS="1013" WIDTH="752" HEIGHT="27">
							<String ID="string_121" HPOS="93" VPOS="1014" WIDTH="161" HEIGHT="21" WC="0.72" CONTENT="föreständares"/><SP WIDTH="16" VPOS="1014" HPOS="254"/>
							<String ID="string_122" HPOS="270" VPOS="1014" WIDTH="78" HEIGHT="26" WC="0.93" CONTENT="beslut,"/><SP WIDTH="16" VPOS="1014" HPOS="348"/>
							<String ID="string_123" HPOS="364" VPOS="1014" WIDTH="137" HEIGHT="26" WC="0.96" CONTENT="hvarigenom"/><SP WIDTH="17" VPOS="1014" HPOS="501"/>
							<String ID="string_124" HPOS="518" VPOS="1014" WIDTH="49" HEIGHT="21" WC="0.96" CONTENT="sökt"/><SP WIDTH="14" VPOS="1014" HPOS="567"/>
							<String ID="string_125" HPOS="581" VPOS="1013" WIDTH="117" HEIGHT="27" WC="0.96" CONTENT="fattigvård"/><SP WIDTH="16" VPOS="1013" HPOS="698"/>
							<String ID="string_126" HPOS="714" VPOS="1013" WIDTH="70" HEIGHT="21" WC="0.96" CONTENT="blifvit"/><SP WIDTH="16" VPOS="1013" HPOS="784"/>
							<String ID="string_127" HPOS="800" VPOS="1013" WIDTH="45" HEIGHT="21" WC="0.96" CONTENT="helt"/>
						</TextLine>
						<TextLine ID="line_21" HPOS="95" VPOS="1047" WIDTH="749" HEIGHT="27">
							<String ID="string_128" HPOS="95" VPOS="1048" WIDTH="40" HEIGHT="21" WC="0.96" CONTENT="och"/><SP WIDTH="22" VPOS="1048" HPOS="135"/>
							<String ID="string_129" HPOS="157" VPOS="1048" WIDTH="67" HEIGHT="20" WC="0.95" CONTENT="hållet"/><SP WIDTH="22" VPOS="1048" HPOS="224"/>
							<String ID="string_130" HPOS="246" VPOS="1048" WIDTH="51" HEIGHT="20" WC="0.95" CONTENT="eller"/><SP WIDTH="16" VPOS="1048" HPOS="297"/>
							<String ID="string_131" HPOS="313" VPOS="1048" WIDTH="33" HEIGHT="20" WC="0.96" CONTENT="till"/><SP WIDTH="15" VPOS="1048" HPOS="346"/>
							<String ID="string_132" HPOS="361" VPOS="1048" WIDTH="70" HEIGHT="26" WC="0.96" CONTENT="någon"/><SP WIDTH="16" VPOS="1048" HPOS="431"/>
							<String ID="string_133" HPOS="447" VPOS="1048" WIDTH="33" HEIGHT="20" WC="0.93" CONTENT="del"/><SP WIDTH="16" VPOS="1048" HPOS="480"/>
							<String ID="string_134" HPOS="496" VPOS="1048" WIDTH="85" HEIGHT="26" WC="0.91" CONTENT="vägrad,"/><SP WIDTH="18" VPOS="1048" HPOS="581"/>
							<String ID="string_135" HPOS="599" VPOS="1050" WIDTH="38" HEIGHT="24" WC="0.92" CONTENT="äge"/><SP WIDTH="15" VPOS="1050" HPOS="637"/>
							<String ID="string_136" HPOS="652" VPOS="1048" WIDTH="39" HEIGHT="20" WC="0.93" CONTENT="hos"/><SP WIDTH="15" VPOS="1048" HPOS="691"/>
							<String ID="string_137" HPOS="706" VPOS="1047" WIDTH="138" HEIGHT="27" WC="0.91" CONTENT="fattigvårds-"/>
						</TextLine>
						<TextLine ID="line_22" HPOS="97" VPOS="1081" WIDTH="748" HEIGHT="27">
							<String ID="string_138" HPOS="97" VPOS="1082" WIDTH="116" HEIGHT="26" WC="0.89" CONTENT="styreisens"/><SP WIDTH="19" VPOS="1082" HPOS="213"/>
							<String ID="string_139" HPOS="232" VPOS="1082" WIDTH="129" HEIGHT="20" WC="0.96" CONTENT="ordförande"/><SP WIDTH="19" VPOS="1082" HPOS="361"/>
							<String ID="string_140" HPOS="380" VPOS="1082" WIDTH="52" HEIGHT="21" WC="0.96" CONTENT="eller"/><SP WIDTH="18" VPOS="1082" HPOS="432"/>
							<String ID="string_141" HPOS="450" VPOS="1082" WIDTH="162" HEIGHT="21" WC="0.95" CONTENT="föreståndaren"/><SP WIDTH="20" VPOS="1082" HPOS="612"/>
							<String ID="string_142" HPOS="632" VPOS="1082" WIDTH="80" HEIGHT="26" WC="0.96" CONTENT="begära"/><SP WIDTH="15" VPOS="1082" HPOS="712"/>
							<String ID="string_143" HPOS="727" VPOS="1083" WIDTH="32" HEIGHT="19" WC="0.93" CONTENT="att"/><SP WIDTH="15" VPOS="1083" HPOS="759"/>
							<String ID="string_144" HPOS="774" VPOS="1081" WIDTH="71" HEIGHT="21" WC="0.93" CONTENT="beslu-"/>
						</TextLine>
						<TextLine ID="line_23" HPOS="96" VPOS="1115" WIDTH="749" HEIGHT="27">
							<String ID="string_145" HPOS="96" VPOS="1118" WIDTH="32" HEIGHT="19" WC="0.92" CONTENT="tet"/><SP WIDTH="15" VPOS="1118" HPOS="128"/>
							<String ID="string_146" HPOS="143" VPOS="1117" WIDTH="143" HEIGHT="20" WC="0.91" CONTENT="underställes"/><SP WIDTH="15" VPOS="1117" HPOS="286"/>
							<String ID="string_147" HPOS="301" VPOS="1116" WIDTH="100" HEIGHT="26" WC="0.92" CONTENT="pröfning"/><SP WIDTH="15" VPOS="1116" HPOS="401"/>
							<String ID="string_148" HPOS="416" VPOS="1116" WIDTH="13" HEIGHT="21" WC="0.92" CONTENT="å"/><SP WIDTH="11" VPOS="1116" HPOS="429"/>
							<String ID="string_149" HPOS="440" VPOS="1116" WIDTH="72" HEIGHT="22" WC="0.96" CONTENT="landet"/><SP WIDTH="14" VPOS="1116" HPOS="512"/>
							<String ID="string_150" HPOS="526" VPOS="1116" WIDTH="23" HEIGHT="21" WC="0.93" CONTENT="af"/><SP WIDTH="17" VPOS="1116" HPOS="549"/>
							<String ID="string_151" HPOS="566" VPOS="1116" WIDTH="214" HEIGHT="20" WC="0.90" CONTENT="kommunalstämma"/><SP WIDTH="13" VPOS="1116" HPOS="780"/>
							<String ID="string_152" HPOS="793" VPOS="1115" WIDTH="52" HEIGHT="21" WC="0.96" CONTENT="eller"/>
						</TextLine>
						<TextLine ID="line_24" HPOS="95" VPOS="1149" WIDTH="751" HEIGHT="28">
							<String ID="string_153" HPOS="95" VPOS="1150" WIDTH="259" HEIGHT="27" WC="0.90" CONTENT="kommunalfullmäktige"/><SP WIDTH="16" VPOS="1150" HPOS="354"/>
							<String ID="string_154" HPOS="370" VPOS="1151" WIDTH="37" HEIGHT="20" WC="0.92" CONTENT="och"/><SP WIDTH="12" VPOS="1151" HPOS="407"/>
							<String ID="string_155" HPOS="419" VPOS="1151" WIDTH="6" HEIGHT="20" WC="0.92" CONTENT="i"/><SP WIDTH="12" VPOS="1151" HPOS="425"/>
							<String ID="string_156" HPOS="437" VPOS="1151" WIDTH="47" HEIGHT="21" WC="0.96" CONTENT="stad"/><SP WIDTH="11" VPOS="1151" HPOS="484"/>
							<String ID="string_157" HPOS="495" VPOS="1151" WIDTH="23" HEIGHT="21" WC="0.93" CONTENT="af"/><SP WIDTH="12" VPOS="1151" HPOS="518"/>
							<String ID="string_158" HPOS="530" VPOS="1150" WIDTH="173" HEIGHT="22" WC="0.90" CONTENT="rådhusstämma"/><SP WIDTH="11" VPOS="1150" HPOS="703"/>
							<String ID="string_159" HPOS="714" VPOS="1150" WIDTH="51" HEIGHT="21" WC="0.92" CONTENT="eller"/><SP WIDTH="12" VPOS="1150" HPOS="765"/>
							<String ID="string_160" HPOS="777" VPOS="1149" WIDTH="69" HEIGHT="21" WC="0.90" CONTENT="stads-"/>
						</TextLine>
						<TextLine ID="line_25" HPOS="96" VPOS="1184" WIDTH="750" HEIGHT="27">
							<String ID="string_161" HPOS="96" VPOS="1185" WIDTH="144" HEIGHT="26" WC="0.96" CONTENT="fullmäktige;"/><SP WIDTH="20" VPOS="1185" HPOS="240"/>
							<String ID="string_162" HPOS="260" VPOS="1186" WIDTH="39" HEIGHT="20" WC="0.96" CONTENT="och"/><SP WIDTH="18" VPOS="1186" HPOS="299"/>
							<String ID="string_163" HPOS="317" VPOS="1185" WIDTH="60" HEIGHT="25" WC="0.96" CONTENT="skall,"/><SP WIDTH="21" VPOS="1185" HPOS="377"/>
							<String ID="string_164" HPOS="398" VPOS="1185" WIDTH="27" HEIGHT="21" WC="0.96" CONTENT="då"/><SP WIDTH="18" VPOS="1185" HPOS="425"/>
							<String ID="string_165" HPOS="443" VPOS="1185" WIDTH="66" HEIGHT="21" WC="0.96" CONTENT="sådan"/><SP WIDTH="15" VPOS="1185" HPOS="509"/>
							<String ID="string_166" HPOS="524" VPOS="1186" WIDTH="92" HEIGHT="25" WC="0.95" CONTENT="begäran"/><SP WIDTH="17" VPOS="1186" HPOS="616"/>
							<String ID="string_167" HPOS="633" VPOS="1185" WIDTH="71" HEIGHT="20" WC="0.95" CONTENT="blifvit"/><SP WIDTH="15" VPOS="1185" HPOS="704"/>
							<String ID="string_168" HPOS="719" VPOS="1184" WIDTH="68" HEIGHT="26" WC="0.93" CONTENT="gjord,"/><SP WIDTH="18" VPOS="1184" HPOS="787"/>
							<String ID="string_169" HPOS="805" VPOS="1184" WIDTH="41" HEIGHT="20" WC="0.92" CONTENT="fat-"/>
						</TextLine>
						<TextLine ID="line_26" HPOS="91" VPOS="1218" WIDTH="755" HEIGHT="28">
							<String ID="string_170" HPOS="91" VPOS="1219" WIDTH="221" HEIGHT="27" WC="0.90" CONTENT="tigvärdsstyrelsens"/><SP WIDTH="18" VPOS="1219" HPOS="312"/>
							<String ID="string_171" HPOS="330" VPOS="1218" WIDTH="130" HEIGHT="22" WC="0.96" CONTENT="ordförande"/><SP WIDTH="19" VPOS="1218" HPOS="460"/>
							<String ID="string_172" HPOS="479" VPOS="1220" WIDTH="52" HEIGHT="20" WC="0.93" CONTENT="eller"/><SP WIDTH="15" VPOS="1220" HPOS="531"/>
							<String ID="string_173" HPOS="546" VPOS="1218" WIDTH="162" HEIGHT="21" WC="0.92" CONTENT="föreståndaren"/><SP WIDTH="17" VPOS="1218" HPOS="708"/>
							<String ID="string_174" HPOS="725" VPOS="1218" WIDTH="121" HEIGHT="26" WC="0.91" CONTENT="ofördröjli-"/>
						</TextLine>
						<TextLine ID="line_27" HPOS="93" VPOS="1252" WIDTH="754" HEIGHT="28">
							<String ID="string_175" HPOS="93" VPOS="1259" WIDTH="44" HEIGHT="21" WC="0.92" CONTENT="gen"/><SP WIDTH="16" VPOS="1259" HPOS="137"/>
							<String ID="string_176" HPOS="153" VPOS="1252" WIDTH="90" HEIGHT="22" WC="0.91" CONTENT="insända"/><SP WIDTH="15" VPOS="1252" HPOS="243"/>
							<String ID="string_177" HPOS="258" VPOS="1253" WIDTH="94" HEIGHT="21" WC="0.93" CONTENT="beslutet"/><SP WIDTH="12" VPOS="1253" HPOS="352"/>
							<String ID="string_178" HPOS="364" VPOS="1253" WIDTH="66" HEIGHT="26" WC="0.92" CONTENT="jemte"/><SP WIDTH="16" VPOS="1253" HPOS="430"/>
							<String ID="string_179" HPOS="446" VPOS="1254" WIDTH="25" HEIGHT="20" WC="0.96" CONTENT="de"/><SP WIDTH="16" VPOS="1254" HPOS="471"/>
							<String ID="string_180" HPOS="487" VPOS="1254" WIDTH="32" HEIGHT="20" WC="0.95" CONTENT="till"/><SP WIDTH="16" VPOS="1254" HPOS="519"/>
							<String ID="string_181" HPOS="535" VPOS="1253" WIDTH="66" HEIGHT="21" WC="0.93" CONTENT="saken"/><SP WIDTH="14" VPOS="1253" HPOS="601"/>
							<String ID="string_182" HPOS="615" VPOS="1253" WIDTH="94" HEIGHT="21" WC="0.90" CONTENT="hörande"/><SP WIDTH="10" VPOS="1253" HPOS="709"/>
							<String ID="string_183" HPOS="719" VPOS="1252" WIDTH="128" HEIGHT="26" WC="0.92" CONTENT="handiingar"/>
						</TextLine>
						<TextLine ID="line_28" HPOS="96" VPOS="1286" WIDTH="750" HEIGHT="28">
							<String ID="string_184" HPOS="96" VPOS="1287" WIDTH="35" HEIGHT="21" WC="0.89" CONTENT="till"/><SP WIDTH="14" VPOS="1287" HPOS="131"/>
							<String ID="string_185" HPOS="145" VPOS="1287" WIDTH="91" HEIGHT="21" WC="0.89" CONTENT="nämnde"/><SP WIDTH="17" VPOS="1287" HPOS="236"/>
							<String ID="string_186" HPOS="253" VPOS="1290" WIDTH="113" HEIGHT="18" WC="0.92" CONTENT="stämmors"/><SP WIDTH="17" VPOS="1290" HPOS="366"/>
							<String ID="string_187" HPOS="383" VPOS="1288" WIDTH="51" HEIGHT="20" WC="0.93" CONTENT="eller"/><SP WIDTH="15" VPOS="1288" HPOS="434"/>
							<String ID="string_188" HPOS="449" VPOS="1287" WIDTH="146" HEIGHT="27" WC="0.91" CONTENT="fullmäktiges"/><SP WIDTH="16" VPOS="1287" HPOS="595"/>
							<String ID="string_189" HPOS="611" VPOS="1287" WIDTH="135" HEIGHT="25" WC="0.93" CONTENT="ordförande,"/><SP WIDTH="16" VPOS="1287" HPOS="746"/>
							<String ID="string_190" HPOS="762" VPOS="1286" WIDTH="84" HEIGHT="21" WC="0.91" CONTENT="hvaref-"/>
						</TextLine>
						<TextLine ID="line_29" HPOS="97" VPOS="1320" WIDTH="749" HEIGHT="27">
							<String ID="string_191" HPOS="97" VPOS="1323" WIDTH="34" HEIGHT="18" WC="0.92" CONTENT="ter"/><SP WIDTH="22" VPOS="1323" HPOS="131"/>
							<String ID="string_192" HPOS="153" VPOS="1321" WIDTH="93" HEIGHT="25" WC="0.92" CONTENT="ärendet,"/><SP WIDTH="25" VPOS="1321" HPOS="246"/>
							<String ID="string_193" HPOS="271" VPOS="1322" WIDTH="24" HEIGHT="19" WC="0.93" CONTENT="sä"/><SP WIDTH="22" VPOS="1322" HPOS="295"/>
							<String ID="string_194" HPOS="317" VPOS="1321" WIDTH="126" HEIGHT="26" WC="0.92" CONTENT="skyndsamt"/><SP WIDTH="17" VPOS="1321" HPOS="443"/>
							<String ID="string_195" HPOS="460" VPOS="1328" WIDTH="46" HEIGHT="14" WC="0.93" CONTENT="som"/><SP WIDTH="19" VPOS="1328" HPOS="506"/>
							<String ID="string_196" HPOS="525" VPOS="1321" WIDTH="211" HEIGHT="25" WC="0.92" CONTENT="omständigheterna"/><SP WIDTH="18" VPOS="1321" HPOS="736"/>
							<String ID="string_197" HPOS="754" VPOS="1320" WIDTH="92" HEIGHT="26" WC="0.91" CONTENT="päkalla,"/>
						</TextLine>
						<TextLine ID="line_30" HPOS="98" VPOS="1354" WIDTH="493" HEIGHT="26">
							<String ID="string_198" HPOS="98" VPOS="1356" WIDTH="131" HEIGHT="19" WC="0.91" CONTENT="stämmorna"/><SP WIDTH="15" VPOS="1356" HPOS="229"/>
							<String ID="string_199" HPOS="244" VPOS="1355" WIDTH="52" HEIGHT="20" WC="0.93" CONTENT="eller"/><SP WIDTH="15" VPOS="1355" HPOS="296"/>
							<String ID="string_200" HPOS="311" VPOS="1355" WIDTH="134" HEIGHT="25" WC="0.92" CONTENT="fullmäktige"/><SP WIDTH="16" VPOS="1355" HPOS="445"/>
							<String ID="string_201" HPOS="461" VPOS="1354" WIDTH="130" HEIGHT="26" WC="0.92" CONTENT="föredrages."/>
						</TextLine>
					</TextBlock>
					<TextBlock ID="block_9" HPOS="98" VPOS="1384" WIDTH="750" HEIGHT="101">
						<TextLine ID="line_31" HPOS="169" VPOS="1384" WIDTH="679" HEIGHT="26">
							<String ID="string_202" HPOS="169" VPOS="1390" WIDTH="18" HEIGHT="19" WC="0.87" CONTENT="2."/><SP WIDTH="32" VPOS="1390" HPOS="187"/>
							<String ID="string_203" HPOS="219" VPOS="1384" WIDTH="64" HEIGHT="26" WC="0.93" CONTENT="Öfver"/><SP WIDTH="15" VPOS="1384" HPOS="283"/>
							<String ID="string_204" HPOS="298" VPOS="1388" WIDTH="227" HEIGHT="21" WC="0.75" CONTENT="kommunalstämmas"/><SP WIDTH="16" VPOS="1388" HPOS="525"/>
							<String ID="string_205" HPOS="541" VPOS="1388" WIDTH="51" HEIGHT="21" WC="0.93" CONTENT="eller"/><SP WIDTH="15" VPOS="1388" HPOS="592"/>
							<String ID="string_206" HPOS="607" VPOS="1387" WIDTH="241" HEIGHT="21" WC="0.92" CONTENT="kommunalfullmäkti-"/>
						</TextLine>
						<TextLine ID="line_32" HPOS="98" VPOS="1421" WIDTH="750" HEIGHT="28">
							<String ID="string_207" HPOS="98" VPOS="1429" WIDTH="37" HEIGHT="20" WC="0.95" CONTENT="ges"/><SP WIDTH="24" VPOS="1429" HPOS="135"/>
							<String ID="string_208" HPOS="159" VPOS="1425" WIDTH="55" HEIGHT="19" WC="0.93" CONTENT="samt"/><SP WIDTH="18" VPOS="1425" HPOS="214"/>
							<String ID="string_209" HPOS="232" VPOS="1423" WIDTH="184" HEIGHT="22" WC="0.55" CONTENT="rädhusstämmäas"/><SP WIDTH="19" VPOS="1423" HPOS="416"/>
							<String ID="string_210" HPOS="435" VPOS="1423" WIDTH="52" HEIGHT="21" WC="0.93" CONTENT="eller"/><SP WIDTH="16" VPOS="1423" HPOS="487"/>
							<String ID="string_211" HPOS="503" VPOS="1421" WIDTH="207" HEIGHT="27" WC="0.92" CONTENT="stadsfullmäktiges"/><SP WIDTH="15" VPOS="1421" HPOS="710"/>
							<String ID="string_212" HPOS="725" VPOS="1421" WIDTH="72" HEIGHT="22" WC="0.93" CONTENT="beslut"/><SP WIDTH="15" VPOS="1421" HPOS="797"/>
							<String ID="string_213" HPOS="812" VPOS="1427" WIDTH="36" HEIGHT="14" WC="0.93" CONTENT="an-"/>
						</TextLine>
						<TextLine ID="line_33" HPOS="98" VPOS="1455" WIDTH="750" HEIGHT="30">
							<String ID="string_214" HPOS="98" VPOS="1458" WIDTH="82" HEIGHT="27" WC="0.96" CONTENT="gående"/><SP WIDTH="17" VPOS="1458" HPOS="180"/>
							<String ID="string_215" HPOS="197" VPOS="1457" WIDTH="49" HEIGHT="22" WC="0.96" CONTENT="sökt"/><SP WIDTH="14" VPOS="1457" HPOS="246"/>
							<String ID="string_216" HPOS="260" VPOS="1457" WIDTH="118" HEIGHT="28" WC="0.96" CONTENT="fattigvård"/><SP WIDTH="14" VPOS="1457" HPOS="378"/>
							<String ID="string_217" HPOS="392" VPOS="1457" WIDTH="35" HEIGHT="22" WC="0.96" CONTENT="mä"/><SP WIDTH="14" VPOS="1457" HPOS="427"/>
							<String ID="string_218" HPOS="441" VPOS="1457" WIDTH="78" HEIGHT="22" WC="0.93" CONTENT="besvär"/><SP WIDTH="15" VPOS="1457" HPOS="519"/>
							<String ID="string_219" HPOS="534" VPOS="1457" WIDTH="17" HEIGHT="27" WC="0.95" CONTENT="ej"/><SP WIDTH="18" VPOS="1457" HPOS="551"/>
							<String ID="string_220" HPOS="569" VPOS="1456" WIDTH="85" HEIGHT="21" WC="0.96" CONTENT="anföras"/><SP WIDTH="15" VPOS="1456" HPOS="654"/>
							<String ID="string_221" HPOS="669" VPOS="1456" WIDTH="7" HEIGHT="21" WC="0.96" CONTENT="i"/><SP WIDTH="15" VPOS="1456" HPOS="676"/>
							<String ID="string_222" HPOS="691" VPOS="1457" WIDTH="65" HEIGHT="21" WC="0.96" CONTENT="annat"/><SP WIDTH="10" VPOS="1457" HPOS="756"/>
							<String ID="string_223" HPOS="766" VPOS="1455" WIDTH="43" HEIGHT="28" WC="0.96" CONTENT="fall,"/><SP WIDTH="12" VPOS="1455" HPOS="809"/>
							<String ID="string_224" HPOS="821" VPOS="1457" WIDTH="27" HEIGHT="21" WC="0.96" CONTENT="än"/>
						</TextLine>
					</TextBlock>
				</ComposedBlock>
			</PrintSpace>
		</Page>
	</Layout>
</alto>
