1045 1703
247 141 27 22 10
420 140 81 31 Ständ.
517 139 37 23 Sv.
569 152 26 3 —
611 140 70 26 Prop.
696 139 41 22 N:o
751 139 22 21 6.

351 210 33 18 att
406 208 154 27 grundräntan
581 209 9 19 i
611 207 124 21 Kemiträsk
756 206 81 25 socken,
861 207 35 29 id
919 207 39 20 den

285 241 111 27 blifvande
417 242 90 27 slutliga
529 241 188 28 skattläggningen
742 241 29 26 af
789 235 78 38 sagdej
873 235 86 38 socken,

284 275 56 22 skall
351 275 103 22 beräknas
465 276 36 21 till
510 277 36 19 nio
557 273 60 24 rubel
632 274 76 28 silfver
719 275 32 27 pä
767 249 116 88 nand
898 275 62 21 hvar-

285 313 53 18 emot
361 310 41 21 den
426 310 115 27 lappskatt,
557 317 43 14 som
622 309 104 21 hitintills
749 310 94 27 utgjorts
865 310 48 31 från
928 310 31 20 lä-

283 344 129 28 genheterna
435 345 9 20 i
465 344 110 21 Kuusamo
598 344 37 21 och
658 343 131 29 Kuolajärvi
811 343 97 32 sockgar,
924 344 36 20 vid

283 378 190 28 skattläggningen
496 378 109 22 derstädes
622 378 147 27 fortfarande
791 378 57 21 skall
863 378 46 27 dem
925 379 35 20 till

284 420 82 14 samma
381 413 74 28 belopp
471 414 88 20 äsättas.
866 434 3 6 ;

351 447 33 21 De
395 448 152 27 förpligtelser
563 448 115 25 Kuusamo,
692 447 123 21 Kemiträsk
825 448 46 27 och;
883 443 76 37 Kuola-

278 482 63 28 järvi
355 482 126 20 socknemän
499 481 40 27 för
561 482 139 21 närvarande
717 482 88 27 jemlikt
821 472 140 44 ofvanäbero-

281 516 59 27 pade
361 516 102 20 kontrakt
485 516 36 20 och
543 516 71 21 andra
629 516 95 26 derefter
738 516 119 25 utfärdade
866 516 96 29 förord-

284 550 86 21 nanden
385 551 80 27 äligga,
481 551 9 20 i
505 550 100 27 afseende
620 551 13 20 &
648 551 154 27 uppställande
825 551 44 24 och;
882 551 79 20 under-

284 584 47 21 håll
346 584 29 27 af
385 585 84 20 militär
483 585 53 20 eller
553 585 131 28 erläggande
706 585 29 25 af
747 580 159 32 vakansafaift,
923 592 38 13 un-

284 619 67 27 dergä
367 619 123 28 härigenom
512 619 42 21 icke
574 619 70 28 någon
660 619 102 28 ändring,
777 621 54 19 utan
865 619 96 32 färblifva,

284 653 85 21 sädana
384 653 26 21 de
420 653 121 27 faststälda
557 656 45 23 äro,
619 654 7 19 i
640 653 103 27 gällande
757 653 68 27 kraft,
840 652 60 31 intill
915 654 47 21 dess

285 687 71 21 derom
371 688 8 20 i
394 688 51 27 laga
460 688 93 27 ordning
568 688 140 20 annorlunda
718 687 150 27 förordnas».;

284 756 106 28 Föröfrigt
411 756 21 22 få
447 756 116 22 Ständerna
581 756 26 29 pä
625 756 56 22 förut
698 756 86 22 anförda
799 758 45 21 skäl
859 737 103 46 änderdå-

217 791 55 28 nigst
287 790 110 22 hemställa
865 819 3 4 :

351 824 36 20 det
409 824 77 21 täcktes
511 824 90 21 Eders
624 824 170 28 Kejserliga
816 825 148 29 Majestät

284 858 46 21 läta
345 858 57 20 inom
419 858 116 26 Kuusamo,
552 858 124 22 Kemiträsk
694 858 37 21 och
751 858 134 29 Kuolajärvi
903 860 59 21 sock-

284 899 42 14 nar
346 893 96 20 anställa
465 899 112 21 noggrann
599 893 161 27 undersökning
775 888 113 32 angående
904 902 58 14 mar-

284 926 49 21 kens
349 926 112 21 allmänna
477 926 147 27 beskaffenhet,
636 926 161 29 befolkningens
810 928 150 28 hushållning,

284 960 140 28 lefnadssätt,
438 960 174 27 förvärfskällor
634 961 39 21 och
688 961 66 27 behof
765 965 56 18 samt
837 963 71 21 andra
923 964 37 27 dy-

284 995 44 21 lika
343 995 186 27 omständigheter,
546 995 88 21 hvarom
653 996 41 21 allt
712 996 120 22 kännedom
850 997 112 26 erfordras

278 1029 41 28 för
334 1031 29 19 ett
377 1029 72 21 säkert
468 1029 130 21 bedömande
616 1029 30 27 af
658 1030 58 20 tiden
731 1032 42 19 när
787 1031 25 20 de
827 1031 135 28 ifrågasatta

283 1063 140 28 storskiftena
441 1063 64 20 borde
524 1063 128 21 verkställas
666 1067 57 18 samt
739 1065 41 20 den
789 1060 112 32 jordvidd,
917 1073 45 14 som

284 1097 81 26 dervid,
388 1098 47 20 med
457 1097 99 27 afseende
579 1099 13 19 å
614 1098 96 27 antydda
729 1098 168 27 förhållanden,
913 1107 48 14 vore

280 1131 40 26 för
343 1131 151 27 lägenheterna
517 1131 99 28 behöflig;
638 1131 111 22 hvarutom
766 1133 132 26 Ständerna,
916 1134 47 21 med

279 1165 113 27 förbehåll
407 1168 33 18 att
457 1166 8 20 i
481 1165 183 28 grundlagsenlig
678 1168 40 26 väg
728 1166 30 28 få
773 1167 88 28 deltaga
877 1168 8 20 i
897 1168 65 28 pröf-

283 1200 80 27 ningen
385 1200 37 20 och
446 1200 164 21 bestämmandet
631 1200 30 27 af
677 1202 21 26 ej
720 1202 85 20 mindre
828 1202 134 30 tidpunkten,

284 1236 41 18 när
346 1233 141 27 storskiftena
509 1234 60 21 skola
591 1234 95 27 vidtaga,
703 1235 37 21 och
765 1236 34 20 det
819 1237 143 25 tunrlandtal

284 1266 67 25 mark,
366 1273 45 14 som
427 1267 73 20 dervid
515 1266 37 22 bör
567 1267 153 27 lägenheterna
730 1269 58 21 inom
801 1269 91 27 berörda
902 1270 60 21 sock-

284 1308 42 13 nar
343 1300 41 26 för
406 1302 83 19 mantal
511 1301 102 26 tilldelas,
634 1304 28 18 än
686 1302 36 20 ock
741 1302 110 22 huruvida
864 1304 48 25 :och
928 1305 35 20 till

284 1334 85 22 hvilken
383 1335 150 28 utsträckning
547 1335 153 22 sockneboerne
715 1337 35 21 må
765 1337 64 26 äfven
843 1338 57 27 efter
909 1341 55 19 stor-

284 1369 74 26 skiftet
376 1369 119 21 bibehållas
516 1369 35 21 vid
566 1370 130 27 rättigheten
712 1374 33 18 att
760 1371 107 29 begagna;
878 1373 85 21 renbete

284 1406 56 18 samt
354 1403 53 21 idka
416 1404 57 27 jagt,
489 1404 107 28 djurfäng
610 1405 37 20 och
658 1405 57 27 fiske
726 1406 58 21 inom
795 1407 25 20 de
831 1407 133 28 öfyerlopps-

280 1438 87 27 jordar,
382 1445 45 14 som
443 1438 74 21 dervid
532 1439 68 20 varda
610 1439 42 26 för
666 1439 95 22 kronans
775 1441 94 28 räkning
887 1442 77 27 defini-

285 1473 38 22 tivt
338 1472 109 27 afrösade,
463 1472 37 21 hos
514 1472 92 23 Eders
626 1473 177 29 Kejserliga
818 1475 146 28 Majestät
