1028 1700
312 151 27 20 U.
352 154 29 18 B.
393 162 23 4 —
428 154 78 22 Prop.
519 154 46 18 N:o
579 154 39 18 15.
780 156 13 20 3

73 222 140 24 nestämman,
232 220 47 22 icke
298 221 52 21 höra
370 222 33 20 till
423 222 53 26 dem,
498 228 44 15 som
561 222 23 21 åt
602 222 220 28 kommunalmyndig-

73 254 89 22 heterna
177 255 157 27 öfverlemnats,
348 258 51 18 enär
415 256 11 26 8
442 257 12 19 7
470 257 8 19 i
494 256 120 26 åberopade
629 256 126 27 förordning
769 257 53 21 fast-

73 295 45 15 mer
134 289 144 27 uttryckligen
297 289 117 21 innehåller
430 292 32 18 att
477 290 73 26 frågor
564 296 34 15 om
614 291 142 26 väghållning,
772 293 50 18 väg-

75 323 92 27 delning,
190 323 147 27 brobyggnad,
352 323 54 21 håll-
422 324 38 21 och
478 324 180 28 fångskjutsning,
681 324 142 27 snöplogning

73 364 27 14 m.
119 364 28 14 m.
167 357 60 21 skola
246 358 118 20 behandlas
383 358 71 21 såsom
474 358 68 26 förut;
563 360 38 25 att,
621 359 38 21 der
678 359 37 21 det
733 359 7 21 i
759 360 64 20 dessa

73 392 38 20 fall
134 392 47 20 icke
200 391 32 21 får
255 392 113 21 ankomma
383 392 13 21 å
418 392 139 22 Guvernören
580 399 73 15 ensam
669 394 32 20 att
724 393 99 21 meddela

73 426 94 26 utslag
159 422 14 36 i
187 426 54 20 strid
260 428 46 19 mot
323 426 172 22 vederbörandes
514 427 58 27 vilja,
592 428 52 20 utan
664 427 159 21 öfverenskom-

73 459 67 22 melse
155 460 23 21 af
192 460 47 21 dem
255 460 75 27 sjelfve
344 461 40 20 bör
399 467 52 14 vara
466 461 77 21 träffad
559 461 24 27 (t.
600 467 30 15 ex.
649 467 34 15 om
700 461 120 26 utgörande

73 494 24 21 af
110 495 31 19 ett
159 494 51 21 slikt
226 494 88 21 allmänt
329 494 78 21 besvär
426 501 76 20 genom
518 495 168 27 entrepenörer),
708 495 67 21 sådan
791 495 30 21 öf-

73 527 194 22 verenskommelse
286 528 81 27 träffas,
382 529 48 20 icke
445 529 35 21 vid
496 529 213 21 kommunalstämma
724 531 53 19 utan
792 529 32 21 in-

74 562 33 21 för
127 562 161 26 häradsrätten;
312 564 56 20 samt
384 564 38 25 att,
439 563 102 22 ehuruväl
560 563 90 21 häradet
672 564 52 20 eller
743 565 81 19 rättare

73 596 183 28 tingslaget
212 592 15 37 —
235 592 26 37 ty
271 597 56 20 hvad
342 604 46 14 som
403 597 7 21 i
427 598 54 21 1734
498 598 34 21 års
548 598 35 26 lag
598 600 62 24 säges
672 604 33 14 om
717 598 36 20 det
763 598 60 20 förra

75 631 39 21 bör
129 631 6 20 i
152 630 90 21 Finland
257 631 81 21 förstås
356 637 35 15 om
406 632 36 20 det
458 632 124 21 senare
549 626 15 37 —
572 626 15 37 i
598 632 133 21 närvarande
742 632 82 20 stund
813 626 15 37 i

76 665 52 27 följd
144 665 23 21 af
181 665 111 26 åtskilliga
303 666 66 20 andra
379 665 148 22 förhållanden
538 666 46 21 icke
595 666 62 21 alltid
667 666 158 21 sammanfallér

74 700 49 20 med
139 700 97 20 området
250 700 34 20 för
302 700 131 26 utgörandet
448 700 23 21 af
484 700 163 27 ifrågavarande
666 701 107 20 allmänna
788 700 36 21 be-

75 736 56 24 svär,
147 734 60 20 detta
222 734 86 20 område
324 734 54 20 dock
394 734 6 20 i
412 734 26 20 de
448 734 63 21 flesta
526 734 37 22 fall
573 734 47 21 icke
635 734 68 21 heller
719 740 105 15 samman-

74 768 63 21 faller
155 768 49 20 med
224 774 31 20 en,
272 770 52 18 utan
344 768 101 20 omfattar
460 768 51 21 flere
529 768 132 22 kommuner.
691 768 50 22 Alla
762 768 63 21 dessa

75 802 183 26 omständigheter
278 804 52 24 göra
349 802 36 20 det
400 802 63 26 klart,
480 804 32 19 att
526 802 163 28 lagstiftningen
705 805 56 19 ännu
777 802 47 22 icke

76 837 58 26 gjort
149 836 26 21 de
195 836 99 26 ärenden,
310 842 35 14 om
360 836 72 21 hvilka
447 836 62 27 fråga
527 837 61 25 varit,
604 837 33 21 till
656 837 170 21 kommunal-an-

75 870 151 27 gelägenheter
248 870 28 27 pä
299 876 81 15 samma
402 872 44 20 sätt
468 877 46 15 som
536 873 15 19 t.
567 878 31 14 ex.
615 871 154 26 fattigvården;
793 872 32 20 att

77 905 155 21 kommunerna
254 905 69 21 såsom
345 905 84 20 sådana
448 906 92 20 tvärtom
559 905 33 22 stä
615 905 130 27 fullkomligt
761 905 65 21 främ-

75 940 77 20 mande
167 939 34 21 för
212 940 56 24 dem;
286 940 39 20 och
339 941 32 19 att
384 940 27 20 de
426 940 166 26 utbetalningar,
604 940 87 21 hvartill
705 940 63 21 dessa
778 946 48 20 pre-

77 974 104 20 stationer
196 974 117 26 föranleda,
324 974 48 20 icke
382 976 37 19 äro
436 974 47 25 ,,för
493 974 164 21 kommunernas
669 980 157 20 gemensamma

77 1007 66 21 behof
155 1007 140 26 erforderliga
310 1007 89 26 medel",
411 1008 6 20 i
433 1008 290 26 kommunalförfattningens
733 1008 92 26 mening.

147 1041 42 22 Vid
208 1042 77 20 sådant
303 1041 135 21 förhållande
458 1042 39 20 och
516 1042 28 26 på
563 1042 36 20 det
618 1042 26 20 de
665 1042 113 20 anmärkta
793 1043 32 19 ut-

76 1076 96 26 trycken,
189 1076 69 20 såsom
277 1076 93 26 tydande
389 1076 29 26 på
433 1082 25 14 en
474 1076 119 26 förvexling
612 1076 23 20 af
649 1076 127 21 omförmäld
789 1076 37 20 be-

77 1110 125 25 skaffenhet,
217 1110 47 21 icke
279 1110 67 20 måtte
361 1109 90 28 bidraga
466 1110 34 20 till
515 1116 26 15 en
556 1110 81 26 oriktig
652 1110 137 27 uppfattning
805 1110 23 20 af

77 1145 56 20 hvad
148 1150 45 15 som
212 1144 8 21 i
238 1143 188 28 lagstiftningsväg
445 1145 24 19 är
488 1145 72 26 gjordt
580 1145 38 20 och
633 1144 56 21 hvad
709 1150 45 15 som
769 1147 57 18 ännu

77 1179 47 20 icke
140 1180 24 19 är
179 1179 41 22 det,
236 1178 71 21 såsom
326 1178 61 21 fallet
402 1178 71 21 kunde
492 1178 72 26 blifva,
584 1185 34 14 om
633 1178 93 21 berörda
741 1178 85 27 uttryck

77 1213 86 26 inginge
179 1213 7 20 i
202 1218 26 14 en
244 1212 127 26 förordning
387 1211 23 21 af
424 1212 140 21 förevarande
580 1211 152 27 beskaffenhet,
744 1212 39 21 har
793 1214 33 19 ut-

77 1247 82 20 skottet
175 1247 70 20 ansett
266 1246 48 20 dem
329 1246 53 20 böra
397 1246 94 26 utbytas,
508 1246 36 21 det
558 1246 7 20 i
580 1246 69 21 första
664 1247 117 20 momentet
795 1245 31 22 fö-

78 1280 151 21 rekommande
251 1281 45 19 mot
318 1279 93 27 följande
431 1280 6 20 i
460 1280 156 21 ofvannämnda
638 1280 49 21 bref
700 1280 23 21 af
737 1280 40 20 den
800 1280 26 21 24

79 1314 96 21 Oktober
199 1314 52 20 1871
274 1314 98 20 använda
389 1314 99 26 ordalag:
512 1331 11 9 ,,
526 1314 80 21 sådana
623 1314 56 21 inom
699 1314 128 21 kommunen

79 1348 32 20 till
128 1347 110 25 betalning
252 1347 174 21 förekommande
441 1347 89 25 medel",
547 1347 39 21 och
596 1348 26 20 de
637 1347 114 21 anmärkta
761 1348 66 20 orden

78 1381 7 21 i
101 1381 67 21 andra
183 1382 116 19 momentet
314 1382 44 19 mot
374 1380 67 21 orden
457 1397 11 9 ,,
471 1380 80 21 sådana
568 1380 75 26 medel,
663 1386 45 16 som
719 1381 107 21 faststälts

147 1419 174 18 Ekonomiutskottets
333 1419 105 17 betänkande
451 1419 33 17 N:o
497 1420 16 17 4.
