1028 1706
203 152 25 20 12

392 154 62 21 Ständ.
470 154 30 21 Sv.
517 166 25 5 —
558 155 53 28 Prop.
626 155 32 21 N:o
674 156 30 21 19.

344 216 52 19 utan
416 216 109 28 synnerlig
547 216 106 28 svårighet
676 217 43 21 kan
738 217 119 28 anskafas,
873 219 49 21 med

345 248 136 28 boningsrum
491 250 67 27 jemte
573 251 79 27 nödiga
668 251 70 25 uthus,
754 252 100 28 lämpade
869 252 57 28 efter

345 281 68 23 tidens
423 283 140 29 fordringar,
579 285 37 21 ved
635 286 35 20 till
685 285 92 28 bränsle,
792 286 66 21 odlad
868 287 59 27 jord

345 319 55 19 nära
423 318 99 22 bostaden
545 320 34 20 till
599 320 59 20 träd-
674 320 38 21 och
727 320 127 28 kryddgård
868 323 57 19 samt

342 352 142 28 potatisland,
507 353 109 27 äfvensom
638 354 138 22 sommarbete
801 355 38 21 och
856 354 71 28 foder

340 385 40 28 för
396 393 24 14 en
435 386 49 22 häst
499 387 37 21 och
553 388 68 28 några
636 388 45 21 kor.

602 453 15 23 5
632 452 35 26 10,

401 489 146 28 Innehafvare
563 490 28 28 af
599 491 95 26 prestbol
710 491 35 21 må
761 490 54 27 efter
828 491 96 28 godtfin-

346 524 70 21 nande
431 527 80 25 antaga
527 525 63 20 åboer
608 525 13 20 å
636 525 25 21 de
672 525 111 27 jordtorp,
798 532 44 15 som
856 526 73 21 under

347 558 53 21 bolet
422 559 57 26 lyda.
519 558 40 22 Om
581 559 134 28 anläggning
738 558 28 28 af
785 566 43 22 nya
848 562 48 25 torp
912 560 14 21 å

343 592 96 27 prestbol
453 593 57 27 gälle
525 593 56 21 hvad
595 593 105 22 särskildt
714 593 104 28 stadgadt
832 596 33 19 är.

406 622 85 26 Önskar
510 630 61 24 prest
592 628 143 21 utarrendera
757 628 96 27 prestbol
876 629 53 20 eller

348 661 33 21 del
396 661 67 27 deraf
468 661 43 27 för
525 663 42 20 viss
583 661 36 25 tid,
636 661 87 22 anhälle
731 669 32 14 om
773 663 99 21 tillständ
880 663 50 21 der-

348 696 34 21 till
405 695 36 21 hos
463 695 147 29 domkapitlet,
632 703 45 14 som
691 696 55 27 efter
755 696 174 29 församlingens

348 729 95 22 hörande
465 737 48 20 eger
534 731 72 20 derom
628 730 128 26 bestämma;
779 731 38 21 och
837 731 94 27 tillfalle

348 764 186 29 arrendeafgiften
550 765 65 21 alltid
626 768 93 25 presten.

601 814 10 13 e

607 828 14 27 $
636 830 34 19 11.

407 868 186 28 Påskpenningar,
609 868 136 27 dagsverken,
758 868 102 21 matskott
873 871 57 19 samt

349 901 92 28 afgifter
451 902 41 26 för
508 902 73 21 likstol
596 902 36 21 och
650 901 192 28 barnaföderskors
852 902 79 28 kyrko-

348 936 58 28 gång
421 936 109 26 äfvensom
545 936 26 22 de
584 936 120 26 inkomster,
710 936 159 28 presterskapet
876 936 54 22 kun-

350 973 38 19 nat
399 970 103 28 påräkna
512 970 41 27 för
568 970 98 22 enskilda
674 970 169 28 förrättningar
859 972 71 20 såsom

351 1005 69 27 vigsel,
437 1004 97 28 barndop
550 1004 38 22 och
600 1004 155 29 jordfästning
770 1005 51 21 eller
836 1004 42 28 för
893 1012 39 14 an-

352 1042 37 18 nat
404 1039 166 26 embetsbiträde,
587 1039 84 28 utbytas
689 1042 54 18 emot
762 1039 108 22 bestämda
881 1046 51 21 per-

350 1075 73 20 sonela
439 1074 114 28 utskylder,
570 1074 120 21 uträknade
704 1074 56 26 efter
771 1074 163 27 medelbeloppet

352 1108 38 20 och
398 1108 81 21 "värdet
488 1107 41 27 för
545 1108 25 21 de
585 1110 82 19 senaste
683 1108 28 20 tio
728 1108 52 21 åren
795 1110 55 19 samt
860 1108 30 26 af
900 1115 35 13 re-

351 1142 186 28 gleringskomitén
555 1142 35 20 till
605 1142 118 26 utgörande
732 1141 118 25 fördelade
857 1142 33 27 pä
892 1142 43 26 fa-

352 1176 177 28 stighetsegarene
552 1176 39 20 och
603 1174 173 29 församlingens
796 1176 51 20 eller
859 1178 75 24 pasto-

354 1213 65 19 ratets
441 1210 73 27 öfriga
537 1210 109 25 invånare,
671 1216 44 14 som
730 1212 75 18 sexton
820 1210 36 20 års
872 1210 64 20 ålder

354 1245 97 27 uppnått,
469 1245 70 25 jemnt
559 1244 51 20 eller
625 1242 55 26 efter
694 1244 113 26 indelning
822 1243 8 20 i
845 1242 88 22 klasser.

356 1278 43 20 Och
423 1278 34 20 må
473 1276 42 27 för
531 1275 162 28 ofvannämnda
703 1275 169 29 förrättningar
888 1278 47 19 sär-

352 1312 59 21 skild
426 1310 161 28 vedergällning
603 1309 45 21 icke
663 1309 28 27 af
703 1312 62 25 prest
781 1310 102 27 fordras,
898 1311 38 21 vid

354 1353 79 15 ansvar
447 1352 44 15 som
507 1346 8 20 i
529 1346 54 20 sista
598 1350 60 15 mom.
674 1344 15 27 $
705 1345 44 21 125
763 1344 30 28 af
805 1344 131 30 kyrkolagen

354 1384 66 25 säges,
432 1381 53 21 dock
497 1383 32 18 att
545 1380 34 21 vid
595 1386 53 20 resa,
664 1385 45 15 som
727 1378 29 28 af
770 1380 61 27 dylik
839 1379 97 28 förrätt-

356 1417 52 28 ning
417 1415 134 28 föranledes,
568 1414 38 21 och
621 1413 36 21 vid
672 1413 121 22 socknebud
796 1417 88 25 presten
892 1414 45 22 till-

356 1452 91 21 kommer
457 1449 37 28 fri
509 1449 69 27 skjuts
588 1447 64 28 fram
668 1447 37 21 och
722 1448 46 21 åter
783 1447 28 28 af
823 1448 47 25 den,
883 1448 55 21 hvil-

355 1487 39 20 ken
410 1485 75 21 honom
501 1484 88 21 anlitar.
