1034 1706
282 154 77 23 Ständ.
376 154 36 23 Sv.
428 168 27 2 —
471 154 66 30 Prop.
553 155 39 24 N:o
607 155 32 23 14.
789 156 12 20 3

88 228 50 18 som,
154 222 8 20 i
176 221 41 21 den
232 222 88 28 ordning
335 224 13 24 &
364 223 12 20 2
391 223 80 21 lemnar
486 226 68 26 öppet,
569 223 42 21 kan
626 223 64 22 varda
699 222 95 22 bestämd
801 224 30 20 att

86 254 8 21 i
116 254 74 22 sådant
211 255 37 21 fall
269 256 87 26 betalas;
379 257 39 20 och
436 256 88 22 emedan
538 257 96 28 samtliga
648 256 136 22 förenämnda
798 256 33 22 be-

86 288 129 28 stämningar
234 290 119 28 lämpligast
370 290 58 22 torde
443 291 73 21 kunna
529 291 81 28 intagas
624 291 8 21 i
647 292 13 25 &
676 291 18 25 1,
710 295 23 16 är
748 298 27 13 en
789 298 42 13 om-

82 322 122 29 redigering
226 322 22 22 af
267 323 68 22 denna
355 324 12 26 8
382 324 8 21 i
405 324 215 23 öfverensstämmelse
634 324 88 22 härmed
736 324 23 21 af
772 323 59 23 Stän-

86 356 64 22 derna
163 357 113 22 verkstäld.

142 391 74 29 Enligt
231 392 13 26 &
260 393 19 24 2,
295 392 64 22 sådan
374 392 40 22 den
424 393 60 28 lyder
493 394 8 21 i
511 393 75 29 nådiga
593 393 161 29 propositionen,
763 392 68 22 skulle

87 426 35 22 det
144 425 111 22 ankomma
281 426 12 22 &
310 427 141 29 kronofogden
466 430 31 20 att
511 432 92 24 uppgöra
618 427 76 29 förslag
708 427 32 22 till
756 426 75 29 postfö-

85 460 85 28 ringens
192 460 112 26 ordnande,
328 461 39 21 och
389 462 74 21 sakens
478 462 84 28 slutliga
576 462 156 22 bestämmande
746 462 50 20 bero
810 460 23 22 af

86 494 145 26 Guvernören,
247 494 110 23 hvaremot
370 496 163 22 kommunernas
548 496 77 22 ombud
634 496 117 22 tillkomme
759 495 73 22 endast

85 528 130 22 konsultativ
228 530 89 20 stämma
332 529 36 22 vid
382 530 143 28 uppgörandet
540 530 23 22 af
575 530 74 22 sädant
658 530 82 28 förslag.
771 529 60 22 Stän-

85 564 64 20 derna
170 570 50 14 anse
242 564 40 25 väl,
305 565 32 19 att
355 563 34 22 det
404 563 18 28 ej
438 564 42 21 kan
494 564 21 22 få
529 564 49 22 bero
593 564 23 22 af
628 564 54 26 dem,
697 564 73 21 hvilka
784 563 47 21 full-

84 598 92 28 görelser
193 597 23 21 af
228 598 30 21 ett
273 598 87 22 allmänt
373 598 74 21 besvär
461 598 84 29 åligger,
561 600 31 20 att
606 598 122 25 bestämma,
743 602 39 17 när
796 597 35 21 det

84 632 54 21 skall
152 633 84 27 utgöras
251 632 39 21 och
304 636 38 17 när
356 632 56 26 icke;
429 633 38 21 och
482 632 26 22 dä
522 632 122 28 häradspost
658 632 53 22 skall
720 630 111 23 underhäl-

84 666 31 21 las
136 665 32 22 för
188 665 150 22 fortskaffande
353 666 24 22 af
389 666 55 22 vissa
459 666 48 22 bref
518 667 8 21 i
541 667 106 21 allmänna
661 666 97 26 ärenden,
774 666 57 21 finna

86 700 117 22 Ständerna
218 699 34 23 det
267 700 7 21 i
289 699 33 22 sin
336 700 93 28 ordning,
445 703 30 19 att
491 708 26 14 en
532 700 175 28 statsmyndighet
717 711 24 5 —
750 700 81 22 Guver-

84 739 65 17 nören
165 746 27 3 —
206 734 85 28 pröfvar
305 734 38 22 och
359 734 64 28 enligt
438 734 97 28 stadgade
550 734 92 29 grunder
655 734 63 28 afgör,
729 734 54 21 hvar
792 734 39 21 och

82 768 114 22 huruledes
217 768 123 28 häradspost
360 768 54 22 skall
436 768 166 22 vidmakthällas.
632 768 60 21 Dock
714 775 62 21 synes
797 768 35 21 det

84 803 118 22 Ständerna
223 802 68 22 såsom
311 802 67 21 skulle
401 802 158 26 kommunerna,
582 810 44 14 som
649 802 87 22 bekosta
749 801 82 23 härads-

84 839 79 27 posten,
180 836 39 22 och
232 836 84 22 hvilkas
330 836 65 21 behof
407 836 41 21 den
461 836 79 28 jemväl
549 837 38 21 bör
596 836 51 22 söka
656 838 111 24 motsvara,
779 835 52 22 bäde

83 872 51 21 böra
148 870 44 26 och,
208 872 52 20 utan
275 870 115 29 olägenhet,
406 870 73 22 kunna
493 870 115 29 inrymmas
623 870 125 22 åtminstone
759 870 72 21 det:in-

84 905 92 28 flytande
198 904 27 28 pä
245 904 92 26 ärendet,
361 906 30 20 att
410 904 25 22 de
458 904 51 28 egde
529 904 66 29 jemte
616 903 143 30 kronofogden
774 903 58 23 säväl

83 939 74 29 pröfva
179 938 100 22 behofvet
300 938 23 22 af
335 938 128 30 häradspost,
479 946 45 14 som
538 943 94 25 uppgöra
646 938 76 29 förslag
736 938 34 22 till
785 938 46 22 dess

84 973 111 23 ordnande.
225 974 44 20 För
291 973 40 22 den
350 973 105 26 händelse,
471 975 31 21 att
515 972 143 30 kronofogden
673 974 39 21 och
723 973 108 29 ombuden

84 1008 46 22 icke
152 1008 71 21 kunde
245 1007 72 22 förena
337 1007 31 29 sig
387 1015 35 14 om
435 1009 130 27 gemensamt
581 1007 82 29 förslag,
679 1008 69 21 skulle
762 1009 69 21 natur-

83 1042 71 29 ligtvis
176 1041 68 22 skilda
266 1041 77 22 sädana
363 1041 34 22 till
420 1041 139 22 Guvernören
578 1042 104 21 aflemnas.
713 1042 118 21 Ständerna

84 1084 50 14 anse
156 1075 80 22 derföre
259 1075 58 22 säväl
338 1075 65 22 första
417 1075 113 28 meningen
549 1083 44 14 som
608 1075 51 22 sista
673 1083 62 14 mom.
752 1075 24 21 af
789 1077 13 25 &
818 1076 13 21 2

84 1111 50 21 böra
156 1109 78 22 erhälla
249 1117 27 14 en
291 1110 7 21 i
313 1109 215 22 öfverensstämmelse
542 1110 87 21 härmed
643 1109 63 29 nägot
720 1109 111 22 förändrad

84 1144 86 29 lydelse,
190 1144 112 21 hvarutom
320 1143 33 22 till
368 1143 69 22 denna
452 1145 19 25 &,
488 1149 50 16 enär
552 1144 46 26 den,
612 1143 90 29 jemförd
717 1143 49 22 med
773 1139 14 38 8
809 1144 20 25 3,

83 1178 71 22 kunde
176 1177 57 29 gifva
254 1178 37 21 vid
312 1177 83 22 handen
417 1179 30 20 att
470 1177 113 23 Guvernör
598 1177 50 28 egde
663 1178 8 21 i
686 1177 50 22 sista
750 1177 80 22 instans

83 1212 74 29 pröfva
178 1212 59 21 dessa
259 1211 74 29 frågor,
356 1219 49 14 men
419 1211 74 23 sådant
507 1212 53 21 dock
575 1219 62 21 synes
650 1219 51 14 vara
715 1211 114 29 olämpligt,

82 1246 68 22 såsom
164 1246 47 21 icke
226 1245 227 22 öfverensstämmande
468 1246 48 21 med
530 1246 56 22 hvad
600 1245 7 22 i
617 1245 64 22 andra
691 1245 72 30 dylika
773 1250 57 17 ären-

84 1281 78 28 den
130 1275 26 38 är
175 1279 65 26 fallet,
255 1280 64 21 borde
333 1279 57 29 fogas
406 1282 30 20 ett
450 1281 78 28 tillägg,
545 1280 107 22 uttalande
666 1282 31 20 att
708 1279 123 23 Guvernörs

83 1315 69 26 utslag
165 1315 8 20 i
188 1314 63 21 sådan
266 1314 38 21 sak
318 1314 32 21 får
363 1322 76 21 genom
453 1316 74 21 besvär
540 1315 72 28 dragas
622 1315 67 22 under
698 1315 64 28 högre
772 1322 59 21 myn-

84 1347 80 29 dighets
178 1347 103 28 pröfning.

141 1381 65 22 Utom
220 1381 136 22 förenämnda
370 1381 63 22 hafva
446 1382 79 28 jemväl
539 1382 65 28 nägra
618 1382 64 21 andra
696 1382 112 28 ändringar
823 1382 8 21 i

82 1415 39 22 och
143 1415 154 28 förtydligande
313 1416 72 29 tillägg
399 1415 34 22 till
446 1416 68 22 denna
530 1417 13 26 &
558 1415 106 23 befunnits
678 1415 82 30 nödiga.
792 1416 39 22 Or-

84 1450 35 21 det
132 1449 122 30 postkontor
268 1450 63 22 hafva
346 1449 118 24 Ständerna
478 1452 69 20 ansett
556 1451 50 20 böra
615 1446 84 33 utbytas
708 1453 45 20 mot
764 1452 66 27 *'post-

84 1485 96 26 anstalt'',
204 1485 87 22 emedan
310 1486 67 21 staten
392 1486 59 21 utom
465 1485 122 29 postkontor
601 1485 133 22 underhåller
748 1487 81 27 postex-
