1020 1709
304 166 28 23 U.
348 167 27 22 B.
391 179 28 3 —
433 168 73 27 Prop.
522 166 38 24 No
574 167 34 22 13.

386 473 138 23 Rättelser:

149 535 32 21 till
204 535 158 22 Sammansatta
383 536 53 28 Lag-
454 537 40 21 och
516 536 218 22 Ekonomiutskottets
756 535 73 22 betän-

81 569 68 22 kande
165 569 40 22 N:o
221 571 27 25 2.,
264 569 110 29 angående
388 571 125 22 lösdrifvare
528 571 41 22 och
585 571 61 21 deras
661 570 139 27 behandling:

81 668 43 22 Sid.
142 670 9 19 1
169 669 38 21 rad
225 670 25 20 10
259 668 53 22 stär:
323 669 79 28 afgifva
492 669 40 22 bör
539 676 60 15 vara:
609 668 81 29 afgifna

97 712 10 10 ”
140 705 12 19 2
181 713 10 10 »
223 705 26 20 28
273 712 10 11 »
318 703 106 23 försvåras
504 713 11 10 »
556 713 11 10 »
605 703 133 23 försvårades

96 747 10 10 ”
140 740 50 19 5»
223 741 25 19 13
274 748 9 9 »
316 740 7 21 i
339 739 35 22 det
389 739 60 28 syfte,
458 741 32 20 att
600 739 7 20 i
623 739 54 28 syfte
692 741 32 20 att
739 738 92 23 bestäm-

314 774 40 22 den
504 784 10 9 »
555 782 11 11 »
605 782 35 14 ma
672 774 159 28 presumtionen

605 810 80 26 derom,
694 812 32 19 att
741 809 40 21 den

95 852 11 11 >
140 845 11 20 5
179 852 10 8 »
221 845 27 20 20
273 852 10 11 »
316 844 152 23 lösdrifveriets
502 853 11 10 »
554 852 10 12 »
601 844 152 22 lösdrifvarens

94 887 11 11 »”
139 880 12 19 6
178 887 11 10 »
221 881 25 19 11
272 887 11 11 »
316 881 26 19 26
358 879 119 22 November
500 888 10 8 »
552 888 10 11 »
601 881 27 19 26
643 879 120 22 November
776 881 53 20 1866

94 921 11 11 »
139 915 12 19 6
178 921 11 11 »
220 915 27 20 34
271 921 10 12 »
314 914 86 27 osedligt
437 915 37 20 och
597 915 87 27 osedligt
707 915 48 20 eller
780 921 49 14 van-

311 945 103 35 vanartigt
499 957 10 11 »
551 958 9 11 »
598 949 64 27 artigt

94 989 11 11 »
126 983 25 20 14
175 990 10 11 »
218 984 25 19 13
268 991 11 10 »
311 983 165 27 polishammare
496 992 12 11 »
549 992 10 11 »
596 983 165 28 poliskammare

146 1530 47 22 Lag-
205 1531 29 15 och
246 1530 168 16 Ekonomiutskottets
425 1530 104 17 betänkande
540 1529 35 17 N:o
587 1529 16 17 2.
