1034 1700
379 134 56 22 N:o
453 134 55 23 20.
764 135 24 21 13

412 202 12 27 8
440 203 33 20 22.

138 241 46 21 Der
201 241 76 27 nägon,
298 247 46 15 som
363 241 47 21 frän
429 243 32 19 ett
475 242 234 27 fattigvärdssamhälle
724 242 93 27 inflyttat

64 274 36 21 till
123 276 72 24 annat,
218 275 65 21 innan
305 275 108 27 förloppet
435 276 24 20 af
479 276 36 21 tvä
531 276 24 21 är
570 276 55 21 efter
640 276 36 21 det
691 276 42 21 han
748 276 13 21 &
777 276 40 21 den

66 308 92 21 sednare
180 310 61 19 orten
263 309 72 21 blifvit
357 310 52 20 eller
426 310 51 20 bort
491 309 67 22 blifva
573 310 195 26 mantalsskrifven,
783 310 34 21 för

64 342 41 26 sig,
121 342 78 21 hustru
215 343 51 20 eller
281 343 54 21 barn
350 343 96 21 kommer
460 344 7 20 i
484 343 66 21 behof
563 344 23 20 af
600 343 117 27 fattigvård
732 344 7 20 i
751 344 66 26 enlig-

65 376 38 21 het
121 376 48 21 med
189 376 128 26 stadgandet
332 377 7 20 i
355 376 12 28 &
381 378 19 25 2,
417 377 40 21 bör
475 378 37 20 det
530 378 109 26 samhälle,
656 378 38 20 der
709 378 41 21 den
764 378 53 20 nöd-

66 410 78 22 ställde
163 411 88 21 sednast
265 411 7 21 i
287 411 37 21 tvä
343 411 24 21 är
382 411 52 21 eller
450 411 124 21 derutöfver
588 412 56 20 varit
659 412 158 21 mantalsskrif-

64 450 49 21 ven,
129 451 35 15 om
179 445 69 21 denne
263 446 50 26 taga
329 445 58 21 värd.

410 514 11 27 $
437 515 34 20 23.

137 552 30 22 Af
187 553 157 27 gemenskapen
367 554 35 21 vid
425 554 40 21 den
484 554 101 21 värfvade
600 554 114 27 militären,
730 554 85 22 hvilken

63 587 79 22 endast
160 587 33 21 till
208 587 53 27 följd
277 588 23 20 af
313 588 93 26 tjensten
421 588 187 21 mantalsskrifves
623 588 13 21 &
651 589 164 26 tjenstgörines-

64 623 69 25 orten,
152 621 119 22 bibehäller
288 628 25 15 en
332 623 53 20 hvar
401 622 40 21 den
457 622 141 21 hemortsrätt
613 622 43 21 han
671 623 35 20 vid
723 623 92 20 värfnin-

64 661 42 20 gen
124 655 60 26 ägde.

409 696 12 26 8
437 697 33 20 24.

136 735 26 26 Ej
186 735 35 20 mä
242 735 70 26 någon
335 735 34 21 för
387 735 120 26 äfventyret
525 735 23 22 af
561 735 101 21 framtida
677 735 139 26 fattigvärds-

64 770 68 25 tunga
153 769 108 21 förmenas
284 771 44 19 rätt
351 771 32 20 att
401 767 56 29 välja
476 769 172 27 bosättningsort
662 769 58 22 inom
735 769 80 22 landet.

410 838 11 27 &
437 839 34 20 25.

138 878 18 20 1.
180 877 248 27 Fattigvärdssamhälle,
446 884 45 15 som
507 877 28 27 pä
550 877 70 27 grund
635 877 23 22 af
672 877 24 28 8$
712 879 12 20 2
739 877 39 22 och
790 878 26 21 14

64 911 80 22 lemnat
159 911 118 27 fattigvärd
293 911 22 21 ät
329 911 77 27 nägon,
422 911 86 22 hvilken
519 911 58 21 inom
587 913 66 19 annat
663 911 104 22 samhälle
777 911 39 22 har

64 945 146 26 hemortsrätt,
231 947 24 19 är
273 945 133 26 berättigadt
423 947 33 19 att
471 945 72 22 derför
559 945 110 22 äfvensom
683 945 34 21 för
732 945 84 27 begraf-

64 979 158 27 ningskostnad
244 979 23 21 af
288 979 37 21 det
347 979 91 22 sednare
457 979 114 22 samhället
588 979 82 21 erhälla
690 980 126 26 ersättning.

65 1013 127 27 Ansökning
207 1013 73 22 derom
296 1013 55 22 skall
366 1014 59 21 inom
440 1015 33 20 tre
488 1013 102 22 mänader
605 1013 55 22 efter
675 1013 41 21 den
730 1013 47 27 dag,
789 1013 28 21 dä

64 1048 146 27 fattigvården
228 1047 124 28 beviljades,
371 1048 104 21 inlemnas
495 1048 53 21 eller
566 1053 51 16 vara
632 1047 77 22 insänd
725 1047 32 22 till
774 1047 42 21 Gu-

64 1085 105 19 vernören
180 1083 7 20 i
198 1083 58 20 länet
269 1083 66 26 jemte
350 1082 121 27 tillgänglig
486 1082 116 27 utredning
618 1088 34 15 om
662 1082 42 21 den
713 1081 103 22 nödställ-

65 1117 38 21 des
118 1117 85 21 hemort
218 1117 38 21 och
272 1117 85 27 uppgift
373 1123 34 15 om
422 1117 27 21 de
463 1116 155 27 förhällanden,
630 1116 23 21 af
660 1116 75 22 hvilka
744 1116 73 26 fattig-

64 1151 81 21 värden
168 1151 113 27 päkallats,
304 1151 93 21 hvarhos
415 1152 91 26 räkning
522 1150 59 22 öfver
596 1151 120 21 kostnaden
732 1151 38 21 bör
785 1150 33 22 bi-

65 1185 69 27 fogas.
157 1185 105 21 Försittes
277 1185 92 21 nämnde
385 1186 38 25 tid,
440 1186 55 20 skall
511 1186 29 20 all
555 1186 44 20 rätt
609 1185 33 21 till
653 1184 121 27 ersättning
784 1184 33 21 för

64 1219 124 27 fattigvård,
209 1225 46 15 som
273 1220 82 20 lemnas
375 1219 94 21 derefter
487 1219 41 21 och
544 1219 57 21 intill
616 1219 49 21 dess
680 1218 86 22 krafvet
780 1224 37 16 an-

65 1253 151 27 hängiggöres,
232 1259 63 15 anses
310 1252 107 22 förfallen.

138 1288 19 20 2.
188 1287 45 26 Lag
249 1293 81 15 samma
345 1293 50 15 vare
412 1293 33 15 om
456 1287 121 27 förskjuten
586 1286 230 27 fattigvärdskostnad,

66 1321 34 21 för
121 1321 88 20 hvilken
231 1321 132 25 skyldeman,
379 1327 70 15 annan
465 1321 84 21 enskild
567 1327 78 20 person
661 1321 53 21 eller
730 1321 87 21 distrikt

63 1354 44 20 bör
122 1360 97 15 ansvara.

413 1388 10 26 8
440 1389 33 20 26.

140 1430 18 19 1.
189 1428 46 21 Har
250 1428 118 26 fattigvärd
383 1428 90 21 kommit
487 1427 70 27 nägon
572 1427 34 21 till
622 1427 34 21 del
671 1428 7 20 i
694 1429 65 20 annat
776 1427 40 21 fat-

65 1462 203 28 tigvärdssamhälle
291 1464 26 19 än
340 1462 37 22 der
399 1462 43 21 han
461 1464 50 24 äger
530 1462 145 26 hemortsrätt,
694 1462 36 21 mä
744 1462 73 27 fattig-
