1031 1706
288 156 77 23 Ständ.
382 157 37 23 Sv.
436 169 27 4 —
477 158 66 28 Prop.
561 158 39 23 N:o
616 158 21 22 2.

315 456 133 26 Finlands
478 458 136 25 Ständers
641 457 190 32 underdåniga

222 503 65 18 svar
304 497 7 23 i
331 496 116 31 anledning
465 498 26 24 af
507 498 68 25 Hans
595 498 169 32 Kejserliga
781 499 50 24 Ma-

218 536 109 31 jestäts
350 535 80 33 nådiga
453 538 134 31 proposition
606 545 32 17 om
657 538 118 25 förändrad
799 539 31 30 ly-

222 575 61 25 delse
303 577 26 23 af
344 576 14 24 3
376 579 15 26 $
409 577 15 24 7
442 577 52 32 kap.
513 578 24 24 G.
557 578 23 24 B.
599 577 112 32 angående
723 578 40 31 jäf
775 581 56 22 emot

222 616 134 31 äktenskap.

157 682 209 29 Stormäktigste,
381 683 197 28 Allernädigste
593 684 108 28 Kejsare
716 685 47 21 och

382 717 155 22 Storfurste!

152 762 96 23 Emedan
268 763 101 27 gällande
389 763 36 27 lag
445 763 46 22 icke
510 765 100 21 närmare
625 764 135 27 bestämmer,
775 763 57 22 huru

85 797 49 28 lång
156 797 32 21 tid
207 797 48 22 med
275 797 67 28 vigsel
361 797 40 22 bör
419 799 68 25 anstå,
507 798 67 22 sedan
591 798 36 28 jäf
641 800 57 21 emot
713 798 118 28 äktenskap

84 831 70 22 under
174 831 157 28 lysningstiden
353 831 72 22 blifvit
447 832 102 27 anmäldt,
571 832 41 22 har
633 833 80 21 Eders
733 833 99 27 Kejser-

84 865 50 28 liga
150 865 128 29 Majestät,
296 865 49 22 med
359 865 186 29 tillmötesgäende
560 866 25 21 af
597 874 27 15 en
639 867 49 22 utaf
700 867 133 22 Prestestän-

84 900 36 21 det
140 900 34 21 vid
192 901 56 21 1872
266 901 36 21 ärs
320 900 104 28 landtdag
439 901 7 20 i
461 901 135 27 underdänig
611 901 91 27 petition
717 901 63 28 gjord
795 907 38 14 an-

84 934 82 26 hällan,
186 934 94 27 förelagt
300 934 122 21 Ständerna
441 934 65 28 nädig
519 935 135 26 proposition
669 942 34 15 om
714 935 118 20 förändrad

84 969 82 27 lydelse
180 968 25 21 af
218 969 12 20 3
246 969 11 26 $
273 968 13 21 7
301 968 49 27 kap.
367 967 24 22 G.
407 968 24 21 B.
447 968 8 21 i
470 968 37 21 det
525 969 62 27 syfte,
605 970 32 20 att
655 969 66 27 vigsel
737 969 31 20 uti
784 968 48 22 dei

84 1002 94 21 nämnda
194 1002 11 27 $
220 1001 107 28 uppgifna
341 1001 116 22 händelser
471 1002 56 28 finge
542 1002 102 28 försiggä,
659 1003 7 20 i
677 1003 40 21 fall
726 1003 49 21 icke
785 1003 47 25 den,

85 1043 45 14 som
148 1036 70 27 jäfvet
238 1035 89 27 anmält,
345 1035 58 22 inom
421 1036 74 21 trettio
515 1036 67 28 dagar
601 1037 54 21 efter
669 1037 36 21 det
719 1037 113 28 lysningen

83 1070 72 21 blifvit
176 1070 70 27 tredje
268 1071 83 27 gängen
375 1070 118 27 afkunnad,
513 1070 34 22 till
565 1071 149 27 kyrkoherden
729 1070 104 22 inlemnat

84 1104 59 21 bevis
158 1104 24 21 af
196 1104 117 28 Kejsarens
331 1103 239 29 befallningshafvande
590 1105 40 21 och
645 1105 102 21 domaren
763 1104 70 22 deröf-

85 1145 42 20 ver,
143 1140 33 19 att
190 1138 100 27 godkänd
305 1138 82 28 borgen
403 1139 33 20 för
451 1139 92 21 kostnad
559 1139 40 21 och
615 1139 67 21 skada
694 1139 72 21 blifvit
776 1138 56 22 stäld

86 1173 40 21 och
149 1173 108 26 stämning
276 1172 34 21 till
329 1173 64 21 nästa
407 1173 179 27 rättegängstima
601 1174 63 26 tagen
680 1173 13 20 &
711 1173 47 25 den,
776 1174 57 19 emot

84 1206 87 21 hvilken
186 1206 69 27 jäfvet
270 1207 73 26 göres;
361 1206 118 27 hvarjemte
494 1206 79 21 Eders
589 1206 121 28 Majestät
725 1205 106 22 förklarat

85 1240 33 27 sig
140 1240 46 21 icke
208 1240 74 30 kunna
304 1239 115 28 godkänna
437 1240 41 21 den
497 1240 25 21 af
539 1240 162 21 Presteständet
718 1240 7 21 i
740 1240 93 21 berörda

84 1273 150 28 underdäniga
254 1274 92 26 petition
368 1273 98 22 uttalade
487 1275 62 26 äsigt,
573 1275 33 20 att
623 1273 106 28 påbörjad
747 1274 86 28 lysning

84 1307 67 22 borde
166 1308 7 20 i
188 1307 54 28 följd
262 1307 24 22 af
303 1307 97 22 anmäldt
419 1308 165 27 äktenskapsjäf
601 1308 106 26 afstanna,
724 1308 27 21 då
766 1308 67 27 något

85 1341 119 28 stadgande
219 1341 7 20 i
241 1341 79 21 sådant
335 1342 54 27 syfte
404 1341 7 20 i
427 1341 36 27 lag
478 1341 18 27 ej
513 1341 131 22 förekomme
657 1341 40 22 och
708 1341 47 21 icke
765 1340 68 22 heller

86 1382 50 14 vore
150 1375 48 21 med
214 1374 124 29 lysningens
354 1374 101 22 ändamål
470 1375 107 26 förenligt.

153 1408 97 22 Delande
268 1408 81 23 Eders
368 1408 149 29 Kejserliga
531 1408 136 29 Majestäts
682 1408 65 22 tanke
763 1409 7 20 i
785 1408 48 22 sist-

86 1443 94 22 nämnda
197 1443 123 22 hänseende
340 1443 39 22 och
395 1443 128 22 anslutande
539 1443 32 28 sig
585 1442 35 23 till
635 1443 41 22 den
690 1443 80 27 nådiga
785 1449 47 21 pro-

85 1479 122 28 positionen
227 1478 6 21 i
253 1477 71 28 öfrigt,
347 1477 64 22 hafva
434 1477 121 22 Ständerna
575 1477 67 22 likväl
664 1479 53 20 trott
732 1477 33 28 sig
779 1477 54 22 böra
