1020 1703
381 133 53 23 N:o
450 133 48 24 19.

332 400 69 24 Hans
419 400 147 30 Kejserliga
580 400 137 29 Majestäts
731 400 79 30 nådiga

264 435 130 29 proposition
417 435 31 24 till
467 436 101 23 Finlands
588 436 94 29 Ständer,
701 434 109 31 angående

264 470 109 29 reglering
387 470 24 23 af
424 470 169 30 presterskapets
607 465 111 35 aflöning'i
728 470 81 24 landets

264 504 248 29 evangelisk-Intherska
525 504 156 30 församlingar.

131 580 11 20 I
157 579 107 21 anseende
278 580 34 20 till
328 579 26 21 de
365 579 149 27 mångahanda
524 579 143 27 olägenheter,
678 580 73 21 hvilka
761 579 49 22 här-

60 612 52 28 flyta
127 613 23 21 af
164 613 36 22 det
216 613 121 27 olämpliga,
353 613 28 26 på
395 613 60 22 äldre
470 613 67 22 tiders
552 613 136 27 lagstiftning
699 614 111 27 grundade

61 649 66 20 sättet
142 647 34 21 för
191 647 192 27 prestaflöningens
402 648 120 26 utgörande
537 648 7 21 i
560 647 102 22 Finlands
678 648 132 27 evangelisk-

59 682 113 21 lutherska
186 682 159 26 församlingar,
360 681 40 21 har
415 682 60 20 Hans
490 682 121 26 Kejserliga
624 682 103 26 Majestät
736 682 32 21 uti
779 682 31 21 af-

60 716 59 21 låten
141 716 65 26 nådig
228 710 134 32 proposition
385 716 33 20 till
439 716 84 21 landets
543 716 91 22 Ständer
649 716 35 21 vid
701 717 53 21 1863
771 716 40 21 och

63 750 55 21 1864
134 750 62 21 årens
212 750 103 26 landtdag
330 749 57 22 velat
399 750 94 21 inhemta
503 750 73 21 desses
587 750 107 27 yttrande,
705 750 106 21 huruvida

60 784 47 21 icke
123 790 26 14 en
165 784 107 26 reglering
287 783 23 21 af
324 783 67 27 sagda
407 782 93 28 aflöning
514 784 35 20 för
564 784 114 21 framtiden
694 784 71 22 kunde
780 784 30 21 ef-

61 818 91 21 terhand
166 817 137 27 genomföras
319 818 54 20 efter
388 818 58 20 vissa
461 818 113 26 allmänna,
589 818 8 20 i
613 818 40 22 den
668 818 80 27 nådiga
762 824 49 21 pro-

61 852 122 27 positionen
198 852 125 27 uppställda
340 852 100 26 grunder.
470 852 11 21 I
496 852 53 21 härå
564 852 89 26 afgifvet
667 852 145 26 underdånigt

62 892 49 15 svar
130 886 93 22 erkände
242 886 121 22 Ständerna
379 885 158 27 behöfligheten
552 886 24 21 af
589 892 26 16 en
629 886 109 27 reglering
753 887 8 21 i
776 892 36 16 an-

62 920 48 27 tydt
126 920 62 26 syfte,
204 926 48 15 men
268 920 27 21 då
310 920 32 26 de,
357 920 8 20 i
381 920 62 26 fråga
454 926 34 15 om
498 920 151 22 fastställande
659 920 23 22 af
691 921 122 26 grunderna

63 954 78 26 derför,
157 954 47 21 icke
219 954 57 22 varit
285 954 8 21 i
303 954 85 22 tillfälle
404 955 32 20 att
451 954 68 22 under
533 954 94 22 nämnda
641 955 103 27 landtdag
758 961 54 21 egna

63 989 70 21 denna
154 988 82 27 vigtiga
258 988 61 27 fråga
338 989 41 21 den
394 994 78 21 mogna
486 989 100 27 pröfning
601 990 50 20 dess
665 989 148 23 beskaffenhet

61 1023 120 27 påkallade,
198 1023 85 21 anhöllo
299 1023 27 21 de
340 1023 8 21 i
363 1023 171 27 underdånighet
548 1025 33 19 att
595 1029 27 15 en
637 1024 80 21 komité
732 1024 23 21 af
764 1025 48 20 sak-

61 1058 95 26 kunnige
173 1059 50 19 män
241 1057 71 22 blefve
327 1057 93 27 nedsatt,
435 1057 88 22 hvilken
539 1057 53 28 egde
609 1059 38 25 att,
663 1058 54 21 efter
732 1058 80 21 inhem-

61 1092 51 21 tade
131 1091 79 27 nödiga
225 1091 161 28 upplysningar,
402 1091 101 22 utarbeta
517 1091 82 27 förslag
613 1092 34 21 till
662 1091 127 28 författning
804 1092 7 21 i

62 1127 78 25 ämnet,
160 1127 57 19 samt
235 1127 33 20 att
283 1125 60 22 Hans
358 1125 121 27 Kejserliga
494 1125 103 28 Majestät
611 1126 55 21 efter
681 1127 133 26 granskning

63 1159 63 23 deraf
139 1159 83 22 täcktes
237 1159 46 22 låta
296 1159 111 27 förelägga
423 1159 120 23 Ständerna
557 1159 65 27 nådig
632 1160 135 28 proposition
777 1161 37 21 vid

63 1194 67 27 derpå
145 1194 94 27 följande
254 1194 109 26 landtdag.
394 1194 42 21 Till
450 1194 54 27 följd
518 1194 64 22 häraf
595 1194 175 22 tillförordnades
783 1194 30 22 äf-

63 1234 41 16 ven
119 1234 27 16 en
160 1228 88 26 komité,
263 1228 94 26 hvilken,
373 1230 52 19 enär
434 1228 58 21 inom
503 1228 123 22 densamma
636 1228 124 28 skiljaktiga
770 1235 34 15 me

63 1262 78 27 ningar
159 1262 33 22 uti
209 1262 166 26 hufvudsakliga
390 1262 60 22 delar
465 1263 104 27 uppstått,
585 1262 117 22 aflemnade
717 1263 36 21 två
768 1264 46 20 sär-

65 1297 71 21 skilda
150 1296 148 28 underdåniga
313 1296 81 27 förslag
409 1297 34 21 till
457 1296 127 28 författning
594 1298 8 20 i
613 1298 76 26 ämnet,
706 1297 24 22 af
741 1298 73 20 hvilka

65 1331 42 26 det,
127 1338 46 14 som
188 1330 112 22 omfattats
315 1330 24 22 af
351 1331 144 25 minoriteten,
511 1332 8 20 i
534 1332 37 20 det
585 1332 153 26 väsentligaste
753 1332 61 20 lades

64 1364 34 21 till
113 1365 70 26 grund
197 1364 35 21 för
246 1365 42 20 den
303 1365 34 21 till
354 1365 53 20 1867
424 1365 36 20 års
473 1365 103 26 landtdag
587 1364 79 21 aflåtna
676 1365 79 26 nådiga
764 1371 50 20 pro-

63 1398 129 27 positionen.
215 1398 50 21 Men
281 1405 46 14 som
342 1398 27 21 de
385 1398 28 21 då
427 1398 129 22 församlade
572 1398 119 22 Ständerna
701 1399 36 21 vid
747 1399 67 21 hand-

65 1433 129 26 läggningen
213 1432 23 22 af
249 1433 89 22 ärendet
353 1433 18 26 ej
387 1433 71 21 kunde
473 1433 85 22 komma
573 1433 34 21 till
621 1433 67 26 något
703 1435 112 20 samstäm-

65 1467 54 27 migt
133 1467 73 22 beslut
220 1467 40 22 och
275 1467 41 22 den
330 1467 79 27 nådiga
424 1467 162 28 propositionen
601 1467 57 28 förty
673 1468 47 21 icke
735 1467 45 22 blef
794 1467 23 22 af
