1020 1703
396 136 56 22 N:o
468 136 50 23 19.
787 137 11 20 7

74 205 50 20 sätt
139 211 26 14 en
179 204 34 21 för
229 203 121 22 ändamålet
365 204 117 26 tillräcklig
496 204 51 21 fond
562 204 73 21 kunna
645 204 138 27 hopbringas,
794 204 35 21 må

74 238 64 21 såväl
153 238 153 26 församlingen
322 243 45 16 som
382 238 162 27 presterskapet
559 244 52 15 vara
621 238 47 21 från
682 238 26 21 de
719 238 68 27 årliga
797 238 31 21 in-

78 272 164 27 betalningarna
257 271 48 22 fria.

150 306 195 27 Byggnadskassan
367 306 103 21 förvaltas
492 306 28 27 pä
535 307 44 20 sätt
593 312 35 15 om
642 305 94 27 kyrkans
752 306 77 21 kassor

79 341 8 20 i
102 340 116 21 allmänhet
233 342 25 19 är
273 340 108 26 stadgadt.

150 374 46 21 Har
218 374 192 27 byggnadskassan
432 374 90 21 kommit
544 374 33 20 till
597 374 36 20 det
648 373 70 26 ständ,
733 374 33 20 att
780 375 48 19 rän-

73 410 69 20 torna
160 408 51 21 derä
230 414 63 15 anses
312 408 91 20 betäcka
421 408 123 26 utgifterna,
564 407 35 21 mä
614 408 26 20 de
655 407 69 26 ärliga
737 407 91 21 inbetal-

78 442 105 27 ningarna
205 442 33 20 till
261 442 79 21 kassan
355 442 103 26 upphöra,
478 448 54 20 men,
552 441 44 21 ifall
615 442 122 20 densamma
752 447 76 20 genom

78 476 134 27 betydligare
227 476 90 26 utgifter
331 475 34 21 för
380 476 128 26 nybyggnad
523 475 96 27 nedgätt,
635 476 54 20 böra
700 475 129 21 inbetalnin-

79 516 67 20 garna
165 510 46 21 äter
229 510 88 26 vidtaga
336 510 106 21 intilldess
461 510 79 20 kassan
556 510 140 26 uppbringats
713 509 32 21 till
762 509 66 21 erfor-

79 544 78 27 derligt
172 544 85 26 belopp.
601 564 3 2 N

150 578 45 22 Der
213 580 60 24 prest
291 578 33 21 till
343 578 176 27 byggnadskassa
539 578 27 26 pä
585 577 138 22 föreskrifvet
738 579 44 19 sätt
796 578 33 21 bi-

80 612 77 27 dragit,
173 618 50 15 vare
239 612 42 21 han
296 613 53 21 eller
363 612 54 21 hans
433 612 105 26 sterbhus,
555 612 36 21 vid
605 611 84 22 afträde
699 612 23 21 af
730 612 97 26 boställe,

79 646 48 21 frän
142 646 120 27 ersättning
277 646 33 22 för
325 646 27 22 all
368 647 90 21 husröta
473 646 33 22 fri.

423 727 11 26 8
456 727 31 20 12.

151 771 183 27 Päskpenningar,
350 771 140 26 dagsverken,
505 771 105 21 matskott
625 772 56 20 samt
695 771 87 27 afgifter
795 771 34 21 för

79 805 74 21 likstol
173 805 39 21 och
231 805 194 22 barnaföderskors
440 805 126 27 kyrkogäng
581 805 109 22 äfvensom
706 805 25 21 de
746 805 83 21 inkom-

77 841 54 24 ster,
150 839 163 27 presterskapet
331 839 83 21 kunnat
432 840 96 26 päräkna
543 839 33 21 för
591 839 98 22 enskilda
703 839 126 22 förrättnin-

80 880 39 21 gar
138 873 70 21 säsom
227 873 74 26 vigsel,
321 873 96 27 barndop
437 874 38 21 och
488 873 146 28 jordfästning
649 873 53 22 eller
716 873 33 22 för
765 876 65 19 annat

79 907 176 27 embetsbiträde,
275 907 87 28 utbytas
383 910 57 19 emot
457 907 112 22 bestämda
583 907 113 28 personela
711 908 118 27 utskylder,

81 941 119 22 uträknade
223 942 55 21 efter
299 941 171 27 medelbeloppet
489 942 39 21 och
546 942 75 21 värdet
639 942 34 21 för
689 942 25 21 de
729 943 101 21 sednaste

78 977 32 20 tio
130 976 50 21 åren
201 978 55 19 samt
271 976 23 21 af
307 976 214 27 regleringskomitön
537 976 33 21 till
585 976 119 27 utgörande
720 977 110 21 fördelade

82 1011 28 25 pä
125 1010 207 26 fastighetsegarene
351 1011 39 20 och
405 1010 164 27 församlingens
585 1011 52 20 eller
651 1012 132 24 pastoratets
799 1011 31 21 öf-

80 1044 48 27 riga
142 1044 107 26 invänare,
266 1050 45 15 som
328 1046 74 20 sexton
417 1044 35 21 ärs
469 1045 60 21 älder
544 1044 97 27 uppnätt,
654 1045 69 26 jemnt
738 1045 52 21 eller
800 1045 30 21 ef-

78 1079 36 20 ter
136 1078 111 26 indelning
262 1078 7 21 i
285 1078 89 22 klasser.
406 1078 43 21 Och
474 1078 34 21 mä
523 1079 33 21 för
572 1078 155 22 ofvannämnda
742 1079 87 21 förrätt-

80 1112 77 26 ningar
176 1112 94 21 särskild
290 1112 158 27 vedergällning
463 1112 48 22 icke
526 1112 23 22 af
562 1114 59 26 prest
636 1112 91 26 fordras,
742 1113 37 21 vid
793 1120 37 14 an-

81 1152 50 14 svar
145 1152 46 15 som
206 1146 8 20 i
230 1146 54 22 sista
301 1152 63 16 mom.
380 1147 11 27 $
409 1147 39 21 125
467 1146 23 22 af
503 1146 138 28 Kyrkolagen
656 1148 56 26 sägs,
728 1147 55 21 dock
799 1149 32 20 att

80 1180 37 20 vid
132 1186 55 19 resa,
204 1186 45 15 som
265 1180 23 21 af
302 1180 58 27 dylik
375 1180 131 27 förrättning
520 1181 129 26 föranledes,
665 1181 39 21 och
718 1181 36 21 vid
769 1182 61 21 sock-

77 1214 74 21 mebud
170 1216 88 24 presten
277 1214 131 22 tillkommer
425 1215 28 21 fri
472 1215 70 27 skjuts
560 1215 55 21 fram
630 1215 39 21 och
684 1215 46 22 åter
745 1215 23 21 af
782 1216 47 26 den,

76 1247 91 22 hvilken
181 1247 78 22 honom
275 1249 85 20 anlitar.

425 1317 11 25 8
454 1317 32 20 13.

152 1359 43 21 För
213 1359 163 21 nedannämnda
394 1360 153 26 embetsbetyg,
567 1366 46 15 som
631 1360 24 20 af
671 1362 60 24 prest
746 1361 33 20 till
794 1367 36 14 en-

78 1392 73 21 skilda
166 1392 276 27 församlingsmedlemmar
455 1393 105 26 utfärdas,
572 1393 129 22 tillkommer
710 1394 80 21 honom
800 1394 30 21 lö-

79 1432 41 15 sen
135 1427 68 26 enligt
217 1427 93 26 följande
327 1429 59 20 taxa:
