1048 1700
315 131 29 19 U.
357 132 31 18 B.
402 142 22 2 —
436 132 82 24 Prop.
530 132 47 19 N:o
589 132 25 19 6.
792 133 12 21 3

91 196 58 28 lagor
165 198 26 19 än
206 196 66 22 hittils
287 197 79 28 vanligt
382 198 58 26 varit,
458 198 54 21 samt
532 199 21 20 at
571 198 39 21 den
621 198 55 21 skatt
686 204 45 15 som
741 198 93 21 Kusamo

92 231 67 21 Sockn
179 232 32 21 till
231 232 122 28 Keijserliga
367 233 69 28 Ryska
450 233 85 22 Kronan
551 233 65 22 hittils
633 234 66 27 erlagt
714 232 120 23 hädanefter

93 266 74 22 aldeles
183 268 78 26 uphöra
276 268 57 21 skall.

164 303 33 20 2:0
217 303 29 21 At
266 304 24 20 de
313 304 80 27 lägare,
419 310 43 15 som
481 304 111 28 Allmogen
611 304 65 21 utfäst
696 304 20 21 at
732 303 61 27 hålla,
816 304 23 20 af

93 337 80 22 Cronan
192 338 63 22 undfä
278 339 63 21 minst
362 340 11 21 2
396 339 106 28 skillingarx
525 346 34 15 om
582 340 65 28 dagen
670 340 8 20 i
700 339 136 22 tractamente

92 373 65 21 under
173 374 110 27 pästäende
298 375 99 21 Exercitie
413 376 61 25 möte,
492 376 38 21 och
541 376 21 20 at
573 375 24 21 de
609 376 97 20 anställas
722 375 12 21 &
750 375 24 21 de
784 374 54 22 tider

93 415 34 14 om
143 409 49 26 året,
210 410 25 21 dä
251 410 139 21 Landtbruket
407 410 59 21 deraf
478 411 43 21 icke
537 410 91 26 hindras;
649 411 55 20 samt
724 411 21 20 at
765 411 72 27 lägare

93 444 23 21 sä
134 445 34 20 väl
187 451 44 15 som
253 445 56 22 deras
331 445 93 22 Soldater
444 446 7 21 i
476 446 119 21 ofredstider
619 446 80 27 ätnjuta
721 446 42 21 lika
786 446 52 21 stort

93 480 138 21 tractamente
246 481 47 21 med
310 480 119 22 Soldaterne
444 481 8 21 i
468 482 87 21 armö6en.

165 516 34 21 3:0
218 516 28 21 At
266 516 76 28 Kongl.
362 517 68 27 Maij:t
450 517 37 22 och
506 517 80 21 Cronan
607 517 63 22 förser
689 517 30 22 alt
738 517 98 27 manskap

93 551 48 22 med
158 551 85 27 Gevähr,
260 552 96 28 Remtyg,
378 552 122 22 Amunition
516 553 38 21 och
570 553 63 21 annat
648 559 45 15 som
708 552 32 22 för
756 552 82 22 Soldate

93 587 186 29 tjänstgjörningen
305 588 71 28 nödigt
402 588 78 27 blifver,
507 588 157 28 undantagande
690 588 149 28 heklädningen

94 622 38 22 den
148 622 110 29 Allmogen
274 623 69 28 utgjör
358 623 31 21 för
409 624 86 27 lägarne
510 624 123 28 beständigt,
654 624 48 22 men
718 624 31 21 för
765 624 73 22 Solda-

93 658 58 22 terne
167 659 42 21 tills
226 659 23 21 de
265 659 83 21 komma
364 660 21 20 at
401 659 92 21 tillträda
508 660 43 21 sine
567 660 59 26 Torp.

165 695 43 20 4:to
224 694 29 22 At
269 694 41 22 alla
327 694 71 22 innom
414 694 91 22 Kusamo
522 695 78 21 Socken
619 695 117 27 päbegynta
754 695 85 27 Nybyg-

94 736 36 20 ges
154 730 140 27 anlägningar,
319 736 44 15 som
387 732 54 18 ännu
464 730 43 21 icke
530 730 67 21 blifvit
621 730 22 20 af
660 730 179 28 Landshöfdingen

94 764 105 26 stadfäste,
223 764 66 22 mätte
312 764 102 22 användas
434 765 33 21 till
486 765 53 27 Torp
563 764 31 22 för
614 764 119 22 Soldaterne
753 765 38 21 och
814 771 25 15 en

94 800 143 28 Trumslagare
253 800 22 22 sä
291 800 47 21 vida
352 800 124 28 tillräeklige
486 800 108 28 upodlings
609 800 119 28 lägenheter
744 808 28 14 nu
782 807 56 15 mera

94 836 71 21 innom
181 836 83 21 berörde
281 835 77 22 Socken
375 836 16 28 ej
409 836 71 26 finnas,
498 836 37 21 och
551 836 21 21 at
588 836 111 28 Nybygges
714 836 124 28 upodlingar

93 871 45 21 icke
154 871 68 21 vidare
238 878 27 14 nu
280 871 78 22 tillätas
372 872 50 20 utan
434 871 177 22 Socknemännens
621 872 99 21 särskilda
734 872 104 28 uttrycke-

94 907 43 27 liga
152 907 63 26 bifall,
236 907 54 21 samt
309 908 21 20 at
347 907 190 21 Socknemännerne
556 907 65 21 mätte
636 907 21 21 fä
673 908 114 27 Disponera
802 908 38 21 och

95 942 93 22 använda
204 942 27 22 all
246 943 71 21 innom
333 942 78 22 Socken
427 942 105 28 befintelig
544 942 47 28 jord
606 942 33 22 till
655 943 69 27 gamla
739 943 101 21 Hemma-

95 984 50 15 nens
161 978 124 28 utvidgande
301 978 38 21 och
354 978 119 27 förmering,
490 978 44 22 ifall
545 978 131 28 nägorstädes
687 978 89 28 tillgäng
792 978 47 22 där-

94 1014 33 21 till
144 1013 65 28 gifvas
226 1014 70 21 skulle.

167 1050 43 20 5:to
226 1050 29 20 At
270 1049 33 21 till
315 1048 77 22 Gränse
404 1048 46 22 Tull
466 1049 115 27 bevakning
591 1048 7 21 i
608 1049 98 25 Kusamo,
724 1055 44 15 som
779 1050 63 20 Kemi

96 1084 125 28 Compagnie
239 1084 72 21 härtils
331 1084 85 27 utgjort,
438 1084 119 21 hädanefter
577 1084 67 27 nytjas
667 1084 101 22 Socknens
790 1091 50 22 egne

96 1120 95 21 Soldater
206 1120 37 21 och
259 1120 59 21 äfven
339 1120 71 27 Tägare
430 1126 34 15 om
480 1120 23 21 de
520 1120 34 21 det
570 1119 87 22 ästunda
673 1120 85 21 emedan
774 1120 25 22 de
814 1120 27 28 pä

96 1156 65 21 denne
178 1158 72 26 gränse
267 1156 31 21 ort
314 1155 17 28 ej
347 1155 62 22 hafva
423 1155 80 22 tillfälle
514 1155 33 22 till
558 1161 67 16 annan
636 1156 203 27 penningeförtjenst.

168 1193 33 20 6:0
217 1191 29 22 At
262 1191 89 27 Corpsen
367 1191 22 21 sä
404 1191 34 21 väl
452 1191 9 21 i
475 1191 108 21 fredstider
597 1197 44 15 som
652 1191 64 21 under
731 1191 109 28 påstående

95 1227 47 28 krig
158 1227 67 27 aldrig
241 1227 152 21 commenderas
409 1227 57 20 utom
483 1225 144 28 Compagniets
646 1225 87 22 distrikt.

168 1263 33 20 7:0
217 1263 10 19 I
242 1262 97 20 händelse
355 1262 22 20 at
396 1262 39 20 alle
456 1262 56 20 desse
533 1261 99 21 förbehåll
653 1262 37 20 och
711 1262 65 21 vilkor
795 1263 45 21 icke

96 1296 67 22 blefve
179 1297 88 27 antagne
283 1297 33 20 till
334 1296 132 28 uppfyllande
485 1296 31 21 för
531 1296 92 21 Kusamo
639 1297 74 21 boerne
730 1297 36 21 och
783 1298 57 21 deras

96 1331 181 25 efterkommande,
298 1331 61 21 hafva
379 1331 24 21 de
419 1331 116 20 förbehällit
551 1331 31 27 sig
601 1331 65 21 blifva
685 1331 89 21 befriade
795 1332 45 21 från

96 1366 139 28 fullgörandet
250 1366 23 22 af
285 1366 54 21 hvad
359 1366 24 20 de
405 1366 31 27 sig
451 1366 9 20 i
475 1365 134 21 ofvannämde
630 1364 66 22 måtto
717 1366 65 28 åtagit
804 1366 37 22 och

96 1402 85 22 utfäst."

168 1438 22 28 d)
205 1436 32 22 för
252 1436 119 22 Kemiträsk
387 1436 73 22 socken
476 1436 47 21 med
538 1436 129 28 Kuolajärvi:

170 1474 69 21 %1:mo
255 1472 29 22 At
299 1472 31 22 för
350 1472 114 27 everdeliga
484 1472 52 21 tider
554 1472 63 21 varda
636 1471 92 24 frikände
744 1473 31 22 för
790 1474 49 22 Ref-

162 1520 129 19 Sammansatta
303 1520 46 22 Lag-
362 1520 29 17 och
404 1519 173 18 Ekonomiutskottets
589 1519 106 19 betänkande
707 1520 37 18 N:o
757 1520 18 20 5.
