1017 1698
245 154 13 19 2
413 153 30 20 U.
460 152 32 20 B.
509 163 27 3 —
551 152 85 23 Prop.
652 152 49 19 N:o
718 151 44 21 16.

218 219 23 20 af
256 219 92 19 tillfället
367 220 31 18 att
412 219 6 18 i
434 219 64 19 saken
516 218 86 24 besluta,
618 217 129 20 fortfarande
763 217 22 19 åt
801 217 161 19 administratio-

217 259 40 13 nen
273 252 129 20 öfverlemna
416 254 31 17 att
462 253 52 19 etter
529 251 150 27 godtfinnande
694 251 116 19 bestämma
821 251 69 19 denna
901 250 63 25 skatt,

217 292 45 14 som
278 282 124 23 Ständerna
411 285 104 20 dessutom
532 285 78 25 ansågo
627 284 56 24 böra,
699 284 76 20 liksom
789 284 28 20 all
829 284 91 26 tillfällig
932 284 31 20 så-

219 320 47 24 dan,
286 319 75 20 endast
379 319 32 19 för
427 319 115 25 begränsad
558 318 30 27 tid
604 318 120 25 fastställas,
741 318 91 20 anmälte
848 318 117 20 Ständerna

218 354 6 19 i
240 354 36 19 sitt
298 353 144 25 underdåniga
456 359 48 13 svar
524 352 27 26 på
566 352 39 20 den
622 352 77 26 nådiga
714 352 163 26 propositionen,
893 354 31 17 att
939 353 26 19 de

219 386 113 26 godkände
355 386 39 20 den
417 386 119 26 föreslagna
550 386 94 25 grunden
661 386 32 19 för
709 385 167 27 tolagsafgiftens
891 386 73 19 beräk-

219 421 75 24 nande,
304 426 46 14 men
366 420 54 20 blott
436 420 64 20 under
514 420 75 19 sådant
602 419 110 24 förbehåll,
724 421 30 18 att
765 420 121 20 densamma
896 420 69 20 blefve

219 454 98 26 gällande
340 454 76 19 endast
438 454 32 18 till
491 454 104 25 utgången
616 453 22 19 af
651 454 142 20 innevarande
809 454 28 24 år,
853 454 44 19 före
913 454 51 19 hvil-

219 488 41 20 ken
284 488 29 20 tid
333 487 115 20 Ständerna
464 488 44 19 åter
523 487 83 20 komme
622 489 29 17 att
666 488 162 24 sammanträda,
843 488 28 20 dä
886 494 28 20 ny
930 489 35 18 nä-

220 522 36 26 dig
271 522 129 26 proposition
416 521 70 20 kunde
502 522 46 19 dem
564 521 125 26 föreläggas.

287 555 59 20 Efter
361 556 36 19 det
412 555 46 19 med
475 555 113 26 anledning
603 555 62 19 häraf
676 562 75 19 genom
768 556 77 25 nådiga
855 555 110 27 kungörel-

221 596 35 14 sen
273 590 23 19 af
309 590 40 19 den
367 590 23 18 17
407 589 119 20 November
543 589 52 19 1873
612 589 99 26 stadgats,
728 591 29 17 att
769 590 156 26 tolagsafgiften
936 590 29 19 in-

220 624 32 20 till
268 624 103 26 utgången
389 624 23 18 af
424 623 141 20 innevarande
577 623 23 19 år
610 623 53 19 skall
677 624 124 19 bestämmas
811 624 28 26 på
849 624 118 19 förenämdt

220 659 47 24 sätt,
288 660 23 17 är
325 664 75 19 genom
416 657 138 20 förevarande
569 657 78 26 nådiga
661 657 129 25 proposition
806 664 79 14 samma
900 658 66 26 grund

221 691 69 21 derför
312 691 117 26 föreslagen
448 693 30 17 att
496 691 57 25 gälla
568 690 45 20 från
631 692 72 24 början
719 690 23 20 af
755 691 174 21 nästkommande
944 692 23 19 år

220 726 38 19 och
282 724 135 25 fortfarande,
436 724 54 19 intill
506 724 46 20 dess
568 724 72 20 derom
655 724 71 20 kunde
741 725 66 19 varda
821 726 7 18 i
844 726 121 26 grundlags-

220 759 56 25 enlig
291 758 90 26 ordning
397 758 131 20 annorlunda
544 758 104 26 stadgadt.

289 792 105 19 Utskottet
417 792 68 19 finner
507 792 34 19 väl
565 791 156 27 bestämningen
745 798 34 14 om
799 793 168 25 tolagsafgiftens

220 826 135 20 beräknande
370 826 6 18 i
392 826 55 19 vissa
469 827 87 24 procent
579 825 23 20 af
623 824 133 22 tullsatserna
777 833 50 13 vara
848 827 39 19 den
904 827 62 20 ända-

219 860 163 25 målsenligaste,
404 866 44 13 som
468 859 31 20 för
514 860 130 19 närvarande
659 859 42 20 kan
717 861 6 18 i
739 860 59 27 fråga
813 861 90 26 komma,
919 867 47 14 men

220 895 37 19 har
279 894 48 19 icke
350 893 80 20 kunnat
452 893 76 20 förbise
553 893 174 26 ofvanpäpekade
745 894 133 21 förhållande
894 897 36 23 att,
946 895 23 20 sä

219 928 62 26 länge
305 927 103 20 tulltaxan
431 927 90 20 faktiskt
543 928 23 19 af
586 928 122 26 regeringen
731 935 71 13 ensam
824 929 99 25 utfärdas,
939 931 30 18 ett

220 961 47 20 med
287 961 127 20 Ständernas
439 961 57 20 bifall
516 961 124 20 tillkommet
655 962 117 25 stadgande
788 962 78 26 derom,
883 964 30 17 att
928 963 40 20 den

220 995 89 20 sålunda
324 995 118 20 fastställda
457 995 93 26 grunden
566 995 54 19 skall
631 995 57 26 gälla
699 995 42 20 tills
752 997 97 25 regering
858 997 38 19 och
909 996 59 20 Stän-

220 1029 37 19 der
272 1029 131 19 annorlunda
420 1028 88 25 besluta,
523 1029 6 18 i
546 1028 75 26 sjelfva
636 1031 73 17 verket
719 1029 88 20 innebär
818 1031 30 18 ett
859 1027 108 23 öfverlem-

219 1062 71 19 nande
313 1061 21 20 åt
353 1061 123 26 regeringen
492 1061 23 20 af
527 1061 126 27 rättigheten
669 1064 30 18 att
715 1069 77 20 ensam,
809 1063 55 20 ända
879 1064 43 19 tills
937 1071 32 13 re-

219 1096 100 26 geringen
335 1095 41 20 kan
392 1096 55 19 finna
458 1095 33 20 för
506 1095 50 26 godt
570 1095 109 26 förelägga
689 1097 82 19 landets
783 1097 90 20 Ständer
883 1104 26 19 ny
921 1104 47 19 pro-

219 1129 91 26 position
326 1129 6 18 i
349 1131 76 23 ämnet,
449 1129 115 20 bestämma
584 1129 57 20 såväl
657 1130 32 19 för
705 1130 72 20 hvilka
793 1137 61 14 varor
870 1131 96 26 tolagsaf-

220 1163 39 26 gift
274 1163 33 19 må
323 1163 109 25 uppbäras,
448 1169 45 14 som
509 1163 98 26 beloppet
622 1163 23 20 af
658 1164 69 19 denna
743 1164 65 26 afgift.
840 1165 42 20 Vid
894 1165 75 20 sådant

219 1196 138 25 förhållande,
372 1197 39 19 och
427 1196 26 19 då
469 1197 101 19 utskottet
586 1197 65 19 finner
667 1197 46 20 skäl
729 1198 47 20 icke
791 1199 130 19 förekomma
936 1199 32 20 för

219 1225 118 24 Ständerna
352 1232 30 17 att
397 1230 89 19 sålunda
500 1229 54 20 afstä
569 1230 45 20 från
629 1231 39 19 den
681 1231 116 20 Ständerna
809 1233 158 20 tillkommande

219 1265 43 18 rätt
284 1265 31 18 att
330 1263 6 19 i
353 1263 131 25 reglerandet
507 1263 23 20 af
547 1264 66 25 sagda
628 1263 60 26 afgift
703 1265 91 25 deltaga,
811 1268 54 17 samt
879 1266 89 19 emedan

221 1297 102 19 utskottet
338 1296 68 19 tillika
422 1297 18 24 ej
456 1296 42 19 kan
515 1298 64 17 annat
594 1299 26 16 än
635 1297 112 20 instämma
762 1298 7 19 i
785 1299 46 24 den,
845 1299 80 26 jemväl
936 1306 31 13 re-

221 1331 40 20 dan
285 1331 23 19 af
328 1330 118 20 Ständerna
466 1330 36 19 vid
526 1330 54 20 1872
600 1330 32 20 års
652 1331 103 26 landtdag
771 1333 93 20 uttalade
880 1334 87 26 äsigten,

221 1367 31 18 att
274 1365 28 19 all
325 1363 92 27 tillfällig
439 1363 62 26 skatt,
524 1363 65 20 sådan
610 1371 43 14 som
672 1365 39 20 den
727 1372 28 13 nu
769 1366 8 19 i
792 1366 60 27 fråga
867 1368 99 25 varande,

221 1399 38 20 bör
282 1399 124 20 bestämmas
429 1399 31 19 för
480 1398 41 20 viss
538 1399 117 26 begränsad
671 1400 36 26 tid,
723 1400 68 21 håller
807 1402 101 19 utskottet
922 1402 45 20 före

220 1435 31 18 att
274 1433 39 20 den
329 1432 118 26 föreslagna
462 1433 93 26 grunden
571 1433 35 20 väl
623 1434 36 20 bör
675 1434 23 20 af
711 1434 118 21 Ständerna
845 1435 32 20 för
892 1439 73 17 närva-

221 1467 64 20 rande
308 1467 129 26 godkännas,
460 1473 46 14 men
527 1467 74 20 endast
616 1468 65 20 under
696 1469 110 26 förbehåll,
823 1471 32 18 att
870 1470 39 20 den
925 1470 41 21 blir

289 1506 185 18 Ekonomiutskottets
486 1507 112 17 betänkande
610 1507 36 18 N:o
658 1508 15 17 1.
