1036 1703
232 150 27 20 30
406 151 31 21 U.
455 152 33 21 B.
504 163 27 3 —
548 152 83 23 Prop.
649 151 49 21 N:e
713 152 27 20 3.

559 221 19 20 5
593 221 69 24 Kap.

529 260 164 33 Öfoerskriften.

337 298 73 29 Enligt
424 299 161 29 propositionen.

576 346 14 26 $
605 346 37 20 28.

339 380 121 31 Öfverläter
475 385 72 27 nägon
563 385 34 21 till
612 391 74 14 annan
696 384 136 28 förlagsrätt
847 385 52 21 eller
909 392 38 14 an-

268 426 45 14 nan
328 420 14 19 &
352 418 134 27 författares
508 419 52 21 eller
578 419 115 21 konstnärs
712 420 45 20 rätt
772 419 102 27 grundad
889 419 58 27 befo-

268 452 76 28 genhet
364 452 58 28 öfver
441 454 74 25 alster,
530 453 88 21 hvarom
634 454 8 19 i
657 453 71 20 denna
739 452 136 28 förordning
890 454 58 20 stad-

268 494 47 21 gas,
331 487 111 21 bestämme
456 494 74 20 genom
545 486 100 28 skriftlig
661 487 133 27 afhandling
809 488 8 19 i
832 487 56 21 huru
901 488 46 20 vid-

268 521 81 22 sträckt
368 522 54 20 mått
436 522 130 27 rättigheten
581 520 115 27 öfverlätes
710 523 56 20 samt
781 522 59 21 tiden
856 521 37 21 och
907 521 40 22 vil-

268 555 65 22 koren
344 555 42 27 för
400 556 46 20 dess
462 555 137 28 ätnjutande,
615 555 37 21 och
668 555 58 28 gälle
740 555 131 28 sakegarene
887 555 61 21 emel-

269 590 37 20 lan
329 589 56 21 hvad
406 589 96 21 sälunda
524 590 73 20 slutes.
626 584 33 25 Är
674 589 135 28 förlagsrätt
828 590 35 21 till
881 589 66 24 skrift

268 623 119 28 Ofverläten
410 625 53 19 utan
485 626 100 19 närmare
609 623 132 28 bestämning
762 623 81 26 härom,
864 623 84 24 medför

268 657 43 22 slik
333 657 133 26 öfverlätelse
488 658 77 21 endast
584 657 103 27 rättighet
706 660 31 19 att
752 657 92 27 skriften
860 658 86 26 oförän-

268 692 57 20 drad
340 692 8 20 i
363 698 23 14 en
403 691 97 27 upplaga
516 692 29 20 af
556 690 61 28 högst
633 693 81 19 ettusen
730 691 109 27 exemplar
853 691 93 27 utgifva.

576 736 15 27 $
605 737 36 21 29.

335 776 56 22 Lika
405 776 48 22 med
469 777 13 26 8
497 777 26 21 31
539 776 8 22 i
561 776 161 28 propositionen.

575 823 16 25 $
605 823 34 20 30.

335 862 31 28 Ej
380 862 35 21 mä
430 862 170 28 utgifningsrätt
611 862 36 20 till
653 861 136 28 författares
800 861 146 28 handskrifna

266 897 50 20 verk
332 897 35 21 till
381 896 64 28 gälds
462 896 109 28 betalning
582 897 9 19 i
600 898 45 19 mät
661 898 69 25 tagas,
746 896 25 21 sä
782 896 63 27 länge
856 896 35 21 det
901 899 45 18 out-

266 931 68 27 gifvet
352 930 74 28 finnes
442 931 7 19 i
459 930 156 28 författarens,
635 930 54 21 hans
710 930 65 21 enkas
795 931 52 20 eller
861 930 86 27 arfvin-

266 972 52 20 gars
333 972 43 20 ego.
410 964 85 21 Varder
510 964 91 27 skriften
617 964 29 28 af
653 964 139 27 författaren
808 965 52 20 eller
870 964 77 21 bemäl-

266 999 26 21 de
306 998 197 25 rättsinnehafvare
517 998 107 28 utgifven,
640 999 51 20 eller
703 998 101 28 föryttra
815 999 25 20 de
846 999 101 28 förlags-

267 1035 45 19 rätt
334 1033 80 25 dertill,
434 1039 36 20 ege
489 1032 105 28 borgenär
612 1035 46 18 rätt
673 1035 31 18 att
719 1039 28 14 ur
762 1033 72 24 medel,
850 1040 45 13 som
911 1034 33 19 sä-

267 1067 69 21 lunda
357 1067 73 20 kunna
448 1067 41 27 för
508 1067 94 26 skriften
620 1067 162 27 tillgodogöras,
801 1067 35 20 sin
850 1067 95 26 fordran

266 1101 84 21 utsöka.

388 1151 8 8 N
575 1135 14 26 $
604 1135 34 20 31.

333 1169 56 22 Lika
403 1169 49 22 med
467 1169 13 26 $
496 1169 27 21 34
537 1169 8 21 i
560 1168 160 30 propositionen.

575 1209 16 27 $
605 1210 35 20 32.

334 1241 195 29 Bestämningarne
544 1244 8 18 i
567 1243 71 20 denna
649 1243 135 26 förordning
798 1244 72 25 gälla:

333 1278 33 19 1:0
384 1276 61 28 finsk
460 1276 136 26 författares
616 1276 38 20 och
672 1276 116 21 konstnärs
803 1277 77 25 arbete,
895 1284 50 14 vare

265 1311 33 27 sig
314 1313 32 19 att
361 1310 35 21 det
406 1309 125 27 framträdt
546 1310 57 20 inom
619 1310 52 20 eller
686 1312 58 19 utom
760 1310 103 26 Finland,
880 1311 37 21 och

333 1346 34 20 2:0
387 1344 71 21 arbete
481 1344 30 27 af
525 1344 105 21 utländsk
640 1344 126 27 författare
782 1345 36 21 och
833 1345 111 26 konstnär,

264 1386 45 15 som
327 1378 127 28 uppehåller
473 1379 34 26 sig
521 1379 8 19 i
544 1379 99 20 Finland
662 1379 37 20 och
714 1380 38 20 sitt
768 1379 70 22 arbete
854 1379 41 22 här
910 1382 34 19 ut-

265 1414 75 29 gifver.

333 1447 59 22 Dock
408 1447 74 22 kunna
497 1448 151 28 stadgandena
660 1449 7 20 i
677 1449 70 20 denna
754 1449 135 28 förordning
901 1450 43 21 del-

264 1484 32 21 vis
315 1483 52 21 eller
382 1483 8 20 i
406 1482 64 21 deras
489 1481 76 28 helhet,
580 1483 68 20 under
663 1483 69 21 vilkor
747 1483 30 28 af
787 1484 157 28 ömsesidighet,

266 1522 136 25 Lagutskottets
414 1522 113 19 betänkande
538 1528 31 13 n:o
583 1524 15 17 8.
