1034 1714
132 284 14 28 $
161 285 17 20 8.

115 1078 12 20 2
142 1078 44 24 Kap.

124 1144 13 28 $
153 1144 27 20 13.

236 150 25 20 14
414 151 30 21 U.
460 152 34 20 B.
509 162 28 3 —
552 152 85 24 Prop.
654 150 46 21 N:o
715 152 26 20 3.

205 217 71 28 gifvits
296 218 106 27 samtidigt
421 218 48 22 med
487 219 115 27 originalet,
619 221 54 19 samt
687 220 36 24 att,
739 218 7 21 i
761 217 51 28 följd
826 217 65 23 häraf,
908 217 39 21 till-

206 251 78 28 styrka,
300 254 31 19 att
345 251 65 22 första
425 252 82 28 stycket
525 253 4 21 i
551 254 5 20 6
573 254 12 25 8
601 252 64 22 måtte
680 252 55 28 utgå.

274 285 62 22 Efter
358 294 26 12 en
400 286 7 21 i
421 286 65 22 första
508 287 81 28 stycket
608 286 23 22 af
644 288 12 20 8
672 287 13 25 &
700 286 102 28 ingående
821 285 126 28 hänvisning

204 320 33 21 till
251 320 56 21 hvad
322 320 7 21 i
343 320 15 21 4
372 320 88 29 kapitlet
476 325 22 17 är
512 322 95 27 stadgadt
622 328 34 14 om
671 320 60 22 straff
743 320 39 22 och
798 320 63 22 andra
876 319 71 30 påfölj-

205 354 37 21 der
256 353 23 22 af
292 354 58 28 olaga
365 354 119 30 eftertryck,
500 355 139 22 förekommer
649 355 7 21 i
667 355 64 21 andra
745 355 82 28 stycket
837 354 23 22 af
867 362 80 14 samma

205 390 13 26 &
234 396 26 14 en
276 389 82 21 erinran
374 389 76 27 derom,
467 392 30 20 att
512 390 67 22 såsom
595 389 112 28 eftertryck
723 389 39 21 ock
772 389 53 22 skall
835 396 65 19 anses,
913 396 33 14 om

205 422 61 23 skrift
286 423 95 28 olofligen
400 423 111 29 ätergifves
531 424 48 22 med
597 423 161 29 omskrifningar
773 424 50 21 eller
838 423 48 22 med
901 427 46 18 ovä-

204 457 103 29 sendtliga
322 458 110 28 ändringar
447 458 38 21 och
500 458 77 29 tillägg.
607 458 35 21 Då
657 458 68 21 denna
739 457 115 29 förklaring
863 457 24 22 af
894 458 53 21 brot-

204 494 30 19 tet
249 492 61 26 olaga
324 491 113 28 eftertryck
451 492 71 21 kunde
532 492 8 21 i
550 492 63 28 några
627 492 38 21 fall
679 492 65 22 blifva
760 491 139 23 vilseledande
915 491 32 21 för

205 526 137 22 domstolarne
358 526 38 21 och
410 526 32 21 för
457 526 25 22 de
497 526 59 22 flesta
570 526 111 22 händelser
695 526 66 21 måste
774 533 59 14 anses
844 533 49 15 vara
903 533 44 13 um-

204 560 66 29 bärlig
285 560 66 22 såsom
367 561 125 28 vägledning
506 560 32 22 för
553 561 110 26 desamma,
680 561 37 21 har
732 561 109 21 Utskottet
855 562 51 20 trott
915 560 32 28 sig

205 595 49 21 böra
268 594 88 26 förorda,
372 597 30 20 att
418 595 56 22 detta
489 603 72 14 senare
577 595 72 28 stycke
664 595 8 21 i
687 596 12 21 8
715 596 14 25 8
744 595 65 22 måtte
824 595 55 28 utgå.

272 629 65 21 Emot
356 629 25 21 de
396 629 8 21 i
419 630 13 20 9
448 631 13 25 8
476 629 102 29 ingående
597 629 155 28 bestämningar
767 629 88 22 rörande
870 629 77 22 sådana

203 663 42 25 fall,
266 663 26 22 då
308 663 112 29 eftertryck
436 663 18 29 ej
471 668 23 17 är
508 665 31 20 att
553 664 67 21 såsom
635 664 54 21 brott
705 671 64 18 anses,
786 664 38 21 har
838 663 109 22 Utskottet

204 699 30 20 att
253 697 75 22 erinra:
346 700 30 19 att
390 698 59 22 ordet
463 698 37 21 ock
516 699 88 20 emellan
619 697 26 22 de
659 698 8 21 i
682 698 64 22 slutet
761 697 22 22 af
795 699 116 20 momentet
925 697 22 28 b)

203 732 102 28 ingående
320 732 64 22 orden
398 732 123 28 teckningar
536 733 38 21 och
589 731 150 29 afbildningar
754 732 62 22 borde
830 732 74 22 ändras
914 731 33 22 till

203 767 55 26 eller,
279 766 26 22 då
321 767 35 21 det
370 766 32 22 för
416 767 114 28 aftryckets
544 767 93 28 loflighet
652 767 17 28 ej
686 767 137 28 ovilkorligen
838 766 63 22 borde
917 775 29 12 er-

203 801 79 22 fordras
300 803 31 20 att
345 801 51 21 både
412 801 123 28 teckningar
549 801 39 22 och
603 801 142 28 afbildningar
760 801 117 28 återgifvas,
893 803 54 19 samt

204 837 30 20 att
256 835 35 22 det
312 835 32 22 uti
366 837 114 20 momentet
500 835 20 27 ec)
538 835 170 22 förekommande
723 835 59 22 ordet
797 835 72 28 dylika
883 835 63 21 borde

204 869 73 22 ändras
299 869 33 22 till
354 869 75 27 andra,
450 869 87 22 emedan
559 874 89 17 «smärre
668 869 84 22 skrifter
772 869 51 22 eller
837 869 74 29 utdrag
926 869 23 22 af

204 904 94 22 skrifter»
316 913 27 12 m.
359 912 27 13 m.
403 911 61 21 synas
479 904 50 21 böra
543 903 22 22 få
580 904 80 28 intagas
675 903 62 22 äfven
752 904 8 21 i
775 904 64 22 andra
853 903 33 22 för
899 912 47 13 «un-

204 938 125 29 dervisning,
353 938 151 29 uppbyggelse»
522 946 27 14 m.
565 947 27 12 m.
609 938 146 22 föranstaltade
775 939 113 28 samlingar
907 939 40 21 och

202 973 165 28 bearbetningar,
384 977 26 16 än
426 973 82 25 sädana,
525 981 44 13 som
583 972 64 22 hafva
661 972 67 22 likhet
743 973 48 21 med
804 973 140 26 «skolböcker,

202 1007 134 22 handböcker
350 1007 39 21 och
404 1006 147 29 sångböcker».
582 1006 109 29 Derjemte
707 1007 36 21 har
758 1007 109 22 Utskottet
881 1016 65 13 omre-

204 1042 79 28 digerat
298 1042 114 21 momentet
427 1042 18 26 e)
461 1040 31 22 för
507 1043 30 19 att
552 1040 111 30 förtydliga
678 1042 45 21 dess
739 1041 98 22 innehäll.

269 1076 96 21 Emedan
386 1075 34 21 det
437 1083 23 13 ur
476 1076 26 21 12
518 1076 38 20 och
572 1076 26 21 13
613 1076 29 26 88
657 1075 8 21 i
680 1076 40 21 den
735 1075 75 29 nådiga
825 1076 120 28 propositio-

174 1126 4 4 .
202 1118 42 13 nen
259 1109 18 28 ej
293 1110 55 20 klart
362 1108 96 28 framgår,
474 1112 30 18 att
519 1109 40 21 den
574 1109 149 22 författarerätt
737 1110 32 20 till
784 1110 109 28 skådespel
906 1110 39 21 och

203 1151 79 21 operor,
305 1151 34 13 om
361 1142 87 22 hvilken
468 1143 36 21 der
524 1147 21 16 är
565 1143 62 28 fräga,
644 1143 53 21 skall
711 1143 92 28 ätnjutas
817 1143 8 21 i
839 1143 44 22 lika
897 1143 49 28 läng

203 1178 36 26 tid,
256 1185 43 13 som
315 1176 157 29 utgifningsrätt
486 1176 33 22 till
535 1176 61 22 skrift
611 1176 64 29 enligt
689 1178 14 20 3
719 1178 13 25 &
748 1181 22 17 är
780 1177 100 28 skyddad,
891 1179 54 19 samt

204 1212 35 21 det
249 1211 7 21 i
266 1211 64 22 första
345 1211 82 28 stycket
442 1210 22 22 af
478 1211 26 21 12
521 1212 13 24 &
549 1210 170 22 förekommande
735 1211 106 28 uttrycket
856 1211 17 21 I
884 1212 62 20 dessa

199 1246 46 26 fall
266 1250 22 16 är
310 1244 32 22 för
362 1244 119 25 vidsträckt,
502 1244 27 21 dä
548 1245 35 21 det
598 1244 96 22 omfattar
709 1244 61 22 äfven
787 1253 26 13 en
828 1244 118 22 författares

203 1278 137 28 manuskript,
360 1278 112 21 hvarutom
486 1278 8 20 i
510 1285 79 14 samma
609 1278 72 27 stycke
697 1278 18 27 ej
731 1278 66 21 heller
813 1282 22 17 är
849 1278 97 21 framhäl-

203 1313 30 21 let
248 1324 26 3 —
290 1311 55 22 hvad
365 1319 44 13 som
429 1311 52 21 dock
501 1310 90 30 framgår
605 1319 25 13 ur
647 1312 26 20 14
688 1312 14 26 &
718 1324 27 2 —
760 1314 31 20 att
805 1312 141 28 nyssnämnda

204 1346 109 29 skyddstid
334 1345 54 22 skall
409 1345 55 28 gälla
485 1345 88 22 allenast
594 1345 32 21 för
648 1345 73 22 sädant
742 1346 71 28 tryckt
834 1346 76 26 arbete,
934 1346 12 22 &

203 1381 82 22 hvilket
309 1380 121 21 författaren
455 1379 70 22 blifvit
549 1378 140 30 namngifven,
715 1380 38 22 har
775 1380 108 22 Utskottet
905 1388 41 14 om-

204 1415 103 29 redigerat
326 1415 38 21 och
382 1414 72 21 dervid
469 1414 33 22 till
517 1422 26 13 en
559 1414 52 21 enda
627 1415 13 25 8
655 1414 162 29 sammandragit
831 1414 116 23 innehållet

176 1463 4 5 .
205 1450 23 21 af
246 1450 26 21 12
291 1449 39 21 och
351 1449 26 21 13
398 1449 34 25 88,
451 1447 76 23 hvaraf
539 1448 78 28 följden
631 1448 75 26 blifvit,
723 1451 30 20 att
769 1450 26 20 13
811 1450 13 26 8
839 1449 8 21 i
861 1449 85 22 Utskot-

204 1487 40 20 tets
267 1484 76 28 förslag
361 1491 29 13 nu
410 1485 115 20 motsvarar
544 1483 164 28 propositionens
728 1484 27 21 14
770 1485 19 25 8,
805 1483 87 22 hvilken
907 1484 39 21 ock

271 1523 137 23 Lagutskottets
421 1523 110 18 betänkande
543 1528 30 13 n:o
586 1523 15 17 8.
