1025 1700
242 130 13 20 2
432 129 29 23 U.
476 130 29 22 B.
520 130 74 28 Prop.
610 142 26 3 —
652 129 46 23 N:o
713 129 35 23 19.

213 191 121 27 föranlätet,
353 192 28 27 pä
399 192 37 21 det
453 192 104 27 förslaget
574 193 47 21 icke
639 192 35 21 mä
691 192 94 26 förfalla,
804 193 32 20 att
853 192 109 21 vördsamt

213 225 88 28 inbjuda
324 226 26 21 de
369 226 69 27 öfriga
456 226 89 22 ständen
564 228 32 20 att
613 226 109 28 samtycka
739 226 33 21 till
791 225 172 22 Presteständets

212 259 77 27 beslut,
308 260 40 22 och
366 260 33 22 fär
417 261 104 21 utskottet
538 261 8 21 i
565 261 75 22 sädant
658 261 100 22 afseende
773 260 80 23 föreslä
868 260 94 27 följande

214 294 81 27 lydelse
310 294 35 22 för

563 330 16 28 $
595 331 20 20 7.

455 369 38 22 AN
512 376 71 15 annan
600 369 69 22 tionde
687 369 32 22 till
736 369 163 28 Presterskapet,
918 376 49 16 vare

386 404 33 27 sig
437 405 68 20 smör-
523 404 51 27 fisk-
595 403 49 22 eller
655 403 134 28 gvicktionde,
805 404 108 27 äfvensom
928 405 40 21 den

386 439 9 20 i
408 439 69 26 några
491 438 57 22 delar
564 438 27 27 af
606 438 70 22 landet
690 438 9 21 i
713 439 68 21 andra
795 438 128 22 naturalster
937 441 32 19 ut-

386 473 79 27 gående
476 473 64 27 afgift
550 473 32 21 till
591 473 125 27 kapellaner,
721 473 138 27 predikanter
867 473 36 22 och
910 473 59 22 sock-

387 507 136 28 neadjunkter
540 507 86 28 utbytes,
646 507 36 22 der
701 507 130 28 beträffande
849 510 67 19 smör-
933 508 36 21 och

388 541 104 22 laxtionde
507 541 67 22 lokala
588 541 149 27 förhållanden
751 542 44 21 icke
805 543 114 21 tillsvidare
927 543 42 27 pä-

388 576 55 22 kalla
465 577 112 27 undantag,
600 578 53 20 emot
671 577 107 22 bestämda
797 578 68 27 årliga
883 577 87 28 afgifter

389 612 97 25 antingen
500 611 9 21 i
520 612 119 25 penningar
655 611 48 21 eller
718 612 9 20 i
741 612 25 21 de
781 611 31 22 uti
825 612 16 27 $
851 613 14 19 3
875 611 94 28 uppräk-

389 645 54 22 nade
452 645 122 27 persedlar;
590 645 36 21 och
636 645 51 21 böra
702 646 60 21 dessa
777 645 88 28 afgifter
878 645 93 27 föreslås

389 680 23 26 af
433 680 202 27 regleringskomitén
650 679 8 21 i
672 679 91 28 enlighet
785 680 47 21 med
855 680 24 21 de
897 680 9 21 i
924 680 16 28 $
958 681 13 19 6

389 715 127 20 omnämnda
530 715 108 20 allmänna
651 715 100 26 grunder.

419 761 33 21 2:0
467 761 131 22 beträffande
614 760 12 29 &
643 760 21 22 11
689 767 50 15 mom.
755 760 16 21 1.

286 795 51 22 Med
357 795 114 27 anledning
486 795 23 22 af
522 796 116 21 utskottets
653 796 92 21 rörande
762 796 59 21 detta
835 797 94 20 moment
939 798 33 19 ut-

218 830 72 22 talade
305 829 142 28 uppfattning,
463 831 32 20 att
509 831 31 20 ett
554 830 104 27 lagenligt
668 830 159 21 ständerbeslut
837 830 135 27 härutinnan,

220 865 88 21 oaktadt
323 864 173 22 Presteständets
512 864 112 22 afvikande
640 865 77 26 beslut,
728 864 121 27 förefinnes,
860 864 40 22 har
909 865 63 22 Pres-

220 900 113 25 teständet,
350 899 107 27 ogillande
473 899 68 22 denna
551 899 142 28 uppfattning,
705 899 105 21 förklarat
821 899 40 21 den
872 899 39 21 här
929 905 44 16 om-

220 933 105 22 förmälda
340 934 74 27 frågan
431 934 57 27 gälla
503 934 173 27 Presterskapets
692 933 124 28 privilegier
831 933 39 22 och
885 934 88 21 beslutit

220 971 32 19 att
267 968 102 22 fasthälla
384 968 37 21 sitt
436 968 90 27 tidigare
542 968 71 22 beslut
628 969 7 20 i
650 969 73 20 saken.

289 1003 42 21 Vid
347 1003 75 21 sädant
432 1003 132 21 förhällande
575 1003 39 21 har
623 1003 106 21 utskottet
738 1004 53 20 trott
802 1003 33 27 sig
845 1003 52 21 böra
907 1004 66 26 ytter-

220 1038 68 26 ligare
302 1037 77 27 bringa
395 1037 68 21 denna
478 1037 60 26 fräga
553 1037 56 21 inför
625 1037 120 21 Ständerna
759 1038 56 20 samt
828 1037 8 21 i
851 1037 77 22 sädant
942 1036 31 23 af-

222 1072 78 21 seende
314 1071 34 21 till
363 1071 156 27 Ridderskapet
535 1072 38 20 och
589 1071 70 21 Adeln
674 1072 57 20 samt
745 1071 105 28 Borgare-
865 1071 39 22 och
919 1071 55 22 Bon-

222 1105 116 22 deständen
353 1105 123 21 hemställa:

461 1151 104 22 huruvida
583 1151 43 21 icke
646 1151 95 22 bemälda
755 1151 64 22 stånd
833 1151 47 22 ville
894 1151 80 27 frångå
987 1173 2 2 .

393 1185 48 22 sina
455 1185 66 22 beslut
535 1185 129 27 beträffande
678 1186 16 27 $
709 1187 26 20 11
753 1192 60 15 mom.
825 1187 12 20 1
848 1185 37 22 och
901 1185 74 27 förena

394 1220 33 26 sig
441 1227 33 14 om
489 1220 33 21 det
537 1220 23 27 af
576 1219 157 28 Presterskapet
747 1219 86 27 fattade.

292 1260 43 21 För
350 1259 66 21 sådan
431 1259 101 22 händelse
547 1260 81 21 tillåter
643 1260 32 26 sig
685 1259 106 22 utskottet
801 1259 109 22 vördsamt
920 1259 55 22 före-

224 1294 32 21 slå
271 1293 94 27 följande
380 1293 81 27 lydelse
477 1293 33 21 för

514 1332 16 29 $
548 1334 26 20 11
588 1340 62 15 mom.
665 1335 19 20 1.

465 1367 42 22 Till
516 1368 132 22 bestridande
659 1368 26 27 af
692 1367 139 23 kostnaderna
841 1369 36 27 för
886 1369 89 28 nybygg-

395 1403 44 22 nad
451 1405 55 20 samt
522 1403 146 28 åbyggnadens
687 1403 112 22 underhåll
812 1404 14 21 å
839 1404 137 27 prestbostäl-

396 1438 33 21 len
443 1437 53 23 skall
510 1438 9 21 i
532 1437 71 28 hvarje
617 1438 126 28 församling
758 1438 68 23 bildas
841 1446 25 15 en
881 1439 95 23 boställs-

294 1479 62 17 Andra
367 1480 80 21 bihanget
458 1479 28 17 till
497 1479 95 17 Sammans.
606 1478 44 23 Lag.
663 1486 15 10 o.
690 1479 170 18 Ekonomiutskottets
871 1481 29 17 bet.
913 1481 35 17 N:o
961 1481 16 17 6.
