1031 1703
231 149 28 21 20

421 143 72 25 Ständ.
504 146 31 22 Sv.
552 160 25 4 —
593 143 53 31 Prop.
661 142 32 26 N:o
710 146 30 22 11.

369 211 53 21 eller
436 209 123 29 myndighet
573 210 9 20 i
595 210 51 20 stad
658 209 102 21 meddela.
779 204 33 26 Är
816 208 140 28 försummel-

368 251 37 15 sen
421 243 30 28 af
461 244 87 20 svårare
567 243 147 27 beskaffenhet,
729 243 51 21 eller
794 243 42 21 har
850 245 106 25 entrepre-

369 280 40 19 nör
432 278 51 21 eller
500 277 134 29 gästyifvare
651 277 45 21 icke
711 278 51 21 lätit
776 277 30 27 af
816 278 93 27 varning
923 278 33 28 sig

369 315 67 24 rätta,
450 312 57 22 skall
516 312 65 21 saken
592 312 35 20 till
636 312 102 21 domstols
748 311 130 28 behandling
888 310 69 28 öfver-

370 347 88 27 lemnas,
473 353 47 14 men
537 346 136 21 Guvernören
688 353 35 20 ege
739 345 59 21 makt
812 347 33 19 att
857 345 41 20 den
906 345 51 27 för-

369 381 90 28 sumlige
469 380 58 28 frän
542 379 125 28 utöfvandet
682 379 29 28 af
722 381 34 20 sin
770 379 122 28 befattning
903 379 55 22 tills-

371 415 74 21 vidare
459 414 67 28 skilja
541 415 38 20 och
589 413 54 28 foge
657 414 115 29 skyndsam
787 414 82 21 anstalt
878 414 79 27 derom,

371 451 32 19 att
425 449 79 28 skjuts-
526 448 38 21 och
586 448 254 28 gästyifverihällningen
862 448 68 21 varda
949 448 9 21 i

370 484 67 27 nödig
453 483 93 27 ordning
561 482 139 28 ombesörjda.
725 483 34 20 Pä
775 482 80 27 landet,
870 483 38 20 der
922 489 36 14 en-

372 519 110 25 treprenör
491 517 78 27 finnes,
587 517 37 20 bör
638 517 58 20 detta
705 517 36 20 ske
748 517 32 27 pä
790 517 54 20 hans
855 516 39 21 och
903 516 55 21 hans

370 551 134 27 löftesmäns,
519 557 48 14 men
576 550 61 27 eljest
643 551 32 27 pä
685 550 139 28 skjutslagets
836 550 121 21 bekostnad.

370 584 37 28 Af
419 584 116 21 domstolen
550 584 65 21 varde
631 584 39 21 den
679 584 133 28 försumlige
824 586 134 25 entreprenö-

371 626 39 14 ren
418 620 52 20 eller
478 618 155 28 gästgifvaren,
645 618 53 27 efter
703 618 131 26 förseelsens
842 618 116 28 beskaffen-

372 653 40 27 het,
435 652 64 22 dömd
520 655 32 19 att
572 652 48 22 böta
636 653 58 20 ända
710 653 35 20 till
760 652 114 22 etthundra
889 652 68 27 mark,

371 687 53 21 eller
439 687 38 21 ock
491 689 33 19 att
533 686 59 27 frän
606 687 35 21 sin
651 686 121 28 befattning
782 687 84 28 skiljas.
886 687 16 21 I
909 687 49 21 sist-

371 722 96 21 nämnda
477 721 49 27 fall
540 721 57 22 skall
611 721 251 29 gästyifveriinrättning
868 722 32 27 pä
910 722 47 21 lan-

370 757 42 26 det,
436 763 33 14 om
491 756 123 21 densamma
634 757 56 20 varit
701 756 32 27 pä
748 757 142 26 entreprenad
904 763 54 20 upp-

372 791 64 26 läten,
446 789 145 28 fortfarande
607 791 35 20 till
657 790 161 21 arrendetidens
833 791 81 27 utgäng
926 791 32 27 pä

371 826 172 25 entreprenörens
566 824 38 21 och
627 824 53 21 hans
694 822 131 28 löftesmäns
844 825 115 20 bekostnad

371 858 168 27 upprätthållas.
569 853 34 26 Är
618 858 46 26 den,
680 865 44 14 som
740 858 28 27 af
780 858 92 21 domstol
887 858 73 27 blifvit

364 892 60 27 Jrän
446 891 275 29 gästyifveribefattningen
743 892 65 27 skild,
827 892 45 21 icke
891 895 69 18 entre-

368 929 89 25 prenör,
472 926 57 21 skall
544 933 74 14 annan
633 926 139 27 gästyifvare,
788 927 9 20 i
811 927 40 20 den
865 925 93 30 ordning

371 962 15 27 $
400 963 15 19 8
425 960 152 27 föreskrifver,
593 959 28 28 af
635 960 136 21 Guvernören
786 963 98 25 antagas.

629 1025 16 23 $
663 1024 35 20 15.

428 1063 84 28 Hvarje
531 1062 134 29 gästgifveri,
680 1064 8 21 i
702 1063 50 22 stad
768 1063 50 21 eller
830 1064 33 27 pä
878 1064 80 21 landet

365 1097 75 28 förses
462 1105 75 20 genom
562 1098 146 21 Guvernörens
722 1097 91 28 försorg
828 1097 39 20 och
878 1099 32 26 pä
926 1099 32 20 be-

372 1132 92 21 kostnad
486 1131 29 28 af
533 1132 113 21 allmänna
667 1132 67 21 medel
755 1133 48 20 med
824 1139 26 14 en
868 1132 90 28 dagbok,

371 1166 87 21 hvaruti
473 1166 38 21 bör
521 1165 75 28 finnas
611 1166 130 21 antecknadt
755 1166 56 21 huru
821 1167 79 28 många
910 1173 48 14 rum

371 1200 60 21 skola
453 1207 54 14 vara
527 1201 35 20 till
577 1201 99 20 resandes
692 1201 137 27 begagnande
844 1201 114 28 upplätna,

372 1235 135 27 väglängden
523 1235 34 20 till
573 1235 25 20 de
613 1237 109 18 närmaste
731 1235 184 26 gästyifverierne,
926 1235 33 20 dit

371 1267 123 27 skjutsning
515 1267 54 26 sker,
591 1267 79 27 skjuts-
693 1267 36 21 och
754 1267 110 28 bätlegans
884 1268 74 27 belopp

365 1300 60 28 från
440 1300 38 21 och
494 1300 34 21 till
542 1300 148 29 gästyifveriet
699 1304 57 18 samt
765 1301 35 22 det
810 1302 63 21 antal
882 1301 76 22 hästar

371 1335 38 21 och
425 1335 69 26 båtar,
509 1341 44 14 som
569 1334 37 22 bör
619 1335 75 28 finnas
710 1338 32 19 att
758 1336 69 27 tillgå,
842 1337 116 27 anvisning

369 1376 36 14 om
428 1369 25 21 de
475 1369 154 29 anteckningar
651 1370 89 21 resande
763 1369 37 23 bör
822 1371 8 20 i
848 1370 110 28 dagboken

368 1405 62 26 göra,
453 1406 56 18 samt
527 1404 71 20 andra
612 1404 84 21 sädana
712 1404 187 28 omständigheter,
912 1412 46 14 som

369 1438 11 20 i
394 1437 100 28 afseende
509 1438 14 20 å
538 1437 121 23 kontrollen
681 1438 73 21 kunna
771 1438 76 29 finnas
870 1439 86 28 nödiga.

427 1471 47 21 Gör
495 1471 134 28 gästgifvare
646 1473 9 20 i
668 1472 84 28 dagbok
774 1473 122 28 ändringar
918 1473 38 22 och
