1028 1703
221 141 11 18 8
399 141 31 20 U.
447 141 33 20 B.
497 151 25 2 —
538 140 85 23 Prop.
638 139 47 20 N:o
700 139 25 20 3.

193 208 48 21 land
256 208 49 21 med
320 207 173 28 öfversättningar
508 209 53 19 samt
576 208 31 19 att
621 205 110 22 utländske
747 205 107 22 författare
864 207 70 26 antag-

193 241 56 28 ligen
268 241 47 22 icke
334 241 83 22 komme
435 243 31 20 att
480 241 103 28 uppställa
598 239 94 29 orimliga
707 239 90 28 anspråk
811 239 27 28 på
852 239 83 29 godtgö-

193 276 53 21 relse
261 275 32 22 för
308 275 173 28 öfversättningar
495 275 34 21 till
542 275 68 20 finska
624 273 89 29 språket.

260 309 50 22 Med
326 309 133 29 tillämpning
469 309 22 22 af
499 308 135 22 förenämnda
643 308 8 21 i
661 307 64 22 första
734 307 88 29 kapitlet
832 307 103 29 ingående

194 343 154 28 bestämningar
363 350 33 14 om
411 343 185 28 utgifningsrätten
609 341 78 29 jemväl
697 341 13 21 ä
720 341 108 29 skådespel
843 342 38 21 och
892 350 43 12 mu-

193 377 97 22 sikaliskt
311 377 126 22 dramatiska
459 377 90 26 arbeten,
571 381 22 17 är
612 376 65 21 likväl
696 376 32 21 uti
747 376 64 21 andra
825 376 89 28 kapitlet
929 376 7 21 i

195 411 39 21 den
256 411 96 21 sceniska
370 411 99 21 konstens
489 410 87 22 intresse
596 410 66 22 såsom
678 412 30 19 ett
723 410 105 28 undantag
843 410 93 22 härifrån

193 444 116 29 föreslaget,
330 446 36 24 att,
382 445 8 21 i
404 445 99 21 händelse
523 444 72 22 sådant
610 444 70 22 arbete
695 444 70 22 blifvit
779 444 34 21 till
826 444 62 28 tryck
903 444 33 21 be-

193 479 93 22 fordradt
300 481 51 19 utan
366 478 101 23 förbehåll
481 478 24 22 af
517 478 121 22 författaren
654 486 34 14 om
703 478 132 22 uteslutande
850 480 41 20 rätt
906 481 30 19 att

193 513 43 22 låta
257 513 121 29 offentligen
397 512 88 30 uppföra
504 513 120 26 detsamma,
643 512 126 29 rättigheten
784 512 70 22 dertill
868 513 68 21 skulle

194 555 49 14 vara
262 547 33 26 fri,
316 552 50 17 enär
385 547 147 29 skyldigheten
547 550 30 19 att
591 547 32 22 för
637 547 73 28 hvarje
726 547 62 22 äfven
803 547 35 22 det
852 547 84 28 obetyd-

194 581 73 29 ligaste
286 582 79 27 stycke,
385 581 32 22 för
436 582 63 21 hvars
513 581 129 30 uppförande
657 581 121 22 författaren
793 581 47 22 icke
855 582 82 21 kunnat

195 616 50 21 eller
266 616 57 21 velat
343 615 92 29 påräkna
454 616 68 28 någon
541 616 98 25 inkomst,
659 616 76 28 begära
750 615 132 22 författarens
896 616 40 22 till-

195 649 60 22 stånd
277 649 90 28 mången
388 649 54 29 gång
464 650 70 21 kunde
555 649 65 23 blifva
639 651 30 20 ett
684 649 56 22 svårt
755 650 74 21 hinder
843 649 32 22 för
891 650 46 21 dess

195 682 155 22 framställande
360 683 12 22 å
382 690 75 14 scenen
473 683 62 22 ocksä
549 688 38 17 när
602 683 67 28 någon
685 683 95 22 materiel
795 683 88 29 vinning
894 684 43 20 der-

195 718 49 20 med
258 717 47 21 icke
320 717 109 29 åsyftades.

262 751 12 21 I
289 751 97 22 afseende
401 751 12 22 å
428 752 62 21 alster
509 751 23 22 af
549 751 97 22 bildande
666 752 62 22 konst
748 751 84 22 föreslås
848 752 7 21 i
870 752 66 28 tredje

195 785 93 29 kapitlet,
304 793 46 14 som
364 786 92 22 ansluter
471 786 31 28 sig
516 786 33 22 till
564 786 119 21 Danmarks
698 786 58 28 lagar
770 786 22 21 af
805 786 41 21 den
856 786 13 22 3
880 786 57 22 Mars

198 820 53 21 1864
273 820 39 21 och
334 820 41 21 den
394 820 27 21 24
441 820 57 21 Mars
514 820 55 22 1865
584 822 54 19 samt
652 820 90 22 svenska
757 820 61 28 lagen
832 820 24 22 af
868 820 41 22 den
924 822 14 20 3

196 853 42 29 Maj
255 854 61 26 1867,
332 856 30 20 att
376 854 127 28 rättigheten
517 854 33 22 till
565 854 148 28 efterbildning
727 862 76 20 genom
815 855 124 21 mekaniska

197 888 67 21 medel
286 888 68 21 skulle
376 889 125 21 bestämmas
519 888 27 30 på
565 888 44 22 lika
628 890 46 23 sätt,
695 896 44 14 som
754 888 184 29 utgifningsrätten

196 921 33 21 till
248 922 85 22 skrifter
351 922 57 22 förut
426 922 70 22 blifvit
515 922 100 25 bestämd,
631 930 49 14 men
696 925 30 19 att
742 923 93 21 deremot
849 923 90 28 skyddet

197 958 43 19 mot
254 958 30 19 ett
298 956 125 21 konstverks
437 956 110 29 kopiering
562 956 9 21 i
585 964 79 14 samma
678 956 99 26 konstart,
794 964 44 14 som
852 956 86 28 origina-

197 990 30 20 let
247 990 77 25 tillhör,
346 989 46 21 icke
411 990 68 21 skulle
495 990 115 22 utsträckas
624 990 82 21 bortom
720 994 89 24 gränsen
823 990 32 21 för
869 991 70 21 konst-

197 1027 74 17 närens
290 1022 72 26 lifstid,
384 1023 87 21 emedan
485 1023 138 22 konstnärens
638 1023 96 22 sterbhus
749 1023 46 22 icke
811 1024 70 21 kunde
896 1023 42 22 lida

196 1056 68 29 någon
286 1057 200 28 anmärkningsvärd
508 1057 230 28 förmögenhetsförlust
760 1057 125 29 derigenom,
908 1060 31 19 att

197 1091 51 20 hans
270 1090 114 22 konstverk
406 1090 53 22 efter
480 1091 53 22 hans
552 1091 40 21 död
612 1090 22 23 af
650 1091 65 22 andra
729 1091 8 22 i
752 1099 78 14 samma
845 1091 94 23 konstart

196 1124 128 29 kopierades,
341 1124 26 22 då
381 1125 93 22 deremot
489 1127 30 20 ett
533 1125 119 22 mekaniskt
667 1125 142 29 återgifvande
819 1126 39 22 och
868 1126 70 29 mång-

196 1158 118 29 faldigande
329 1158 63 27 deraf,
408 1158 67 23 såsom
489 1159 75 23 lättare
579 1159 157 27 åstadkommet,
748 1160 70 22 kunde
828 1160 111 23 framkalla

197 1195 31 21 ett
241 1195 86 21 motsatt
341 1194 135 22 förhållande.

264 1228 12 21 I
290 1228 186 28 komitéförslagets
495 1228 96 26 motiver,
607 1237 25 13 ur
646 1228 74 22 hvilka
734 1229 129 22 förestående
878 1230 60 21 korta

197 1260 129 28 redogörelse
341 1261 32 21 för
387 1261 141 28 lagförslagets
543 1261 109 28 vigtigaste
668 1262 154 28 bestämningar
836 1266 24 18 är
869 1262 9 21 i
887 1270 52 14 sam-

197 1294 99 28 mandrag
315 1294 122 29 återgifven,
457 1299 87 17 nämnes
558 1295 45 25 ock,
619 1297 31 19 att
664 1295 36 22 det
714 1296 57 20 inom
785 1296 93 21 komitén
893 1296 45 21 blif-

197 1328 31 22 vit
237 1327 8 22 i
254 1328 58 29 fråga
327 1330 46 25 satt,
389 1329 104 21 huruvida
508 1328 53 27 icke,
577 1329 33 21 till
624 1330 159 22 underlättande
799 1330 23 22 af
834 1331 64 29 nödig
907 1332 32 21 ut-

197 1362 87 29 redning
299 1371 34 14 om
347 1362 123 27 författares,
486 1363 133 22 konstnärers
630 1364 38 21 och
678 1363 125 30 förläggares
814 1365 124 29 ömsesidiga

197 1397 127 28 rättigheter,
341 1400 30 19 ett
384 1397 127 30 registratur,
527 1397 226 24 öfverensstämmande
768 1399 48 22 med
829 1400 55 22 hvad
894 1400 8 21 i
913 1400 25 21 de

197 1431 58 22 flesta
265 1432 65 21 andra
338 1432 73 22 länder
420 1432 147 27 förekommer,
577 1440 49 15 vore
636 1433 105 30 behöfligt,
752 1435 38 21 och
801 1442 33 14 om
843 1434 18 29 ej
870 1434 67 23 dettas

196 1465 86 22 förande
296 1466 63 22 borde
375 1466 137 23 öfverlemnas
527 1467 21 22 åt
563 1468 67 28 någon
640 1468 94 30 offentlig
744 1469 128 29 myndighet,
883 1469 53 22 hvil-

263 1505 135 24 Lagutskottets
411 1507 110 18 betänkande
533 1507 36 19 N:o
581 1509 16 16 8.
