1034 1698
297 130 64 22 Ständ.
376 131 31 21 Sv.
424 144 25 3 —
466 131 54 28 Prop.
534 131 33 21 N:o
583 131 32 21 11.
776 132 27 21 13

242 193 38 21 och
299 193 131 28 körredskap
448 196 57 19 samt
519 194 106 27 pålitliga
640 194 138 25 körsvenner;
793 194 38 21 och

242 227 38 21 bör
295 227 30 26 af
335 227 114 28 spekulant
458 227 43 28 för
517 228 129 27 åtagandets
662 227 101 28 behöriga
772 227 60 27 full-

240 261 97 27 görande
351 262 101 27 antaglig
467 261 78 27 borgen
554 261 83 22 ställas.
661 261 41 21 Vid
716 262 117 21 auktionen

241 295 58 21 skall
313 295 162 28 skjutsningens
489 294 155 29 öfvertagande
653 295 63 27 först
728 295 103 28 utbjudas

241 328 106 22 särskildt
356 329 42 27 för
413 329 75 28 hvarje
502 328 129 29 gästgifveri
644 331 58 19 samt
716 329 54 22 både
784 329 48 22 med

242 363 39 21 och
302 366 54 18 utan
376 363 121 28 skyldighet
509 363 43 27 för
568 365 139 26 entreprenör
721 367 33 18 att
768 363 65 28 äfven

242 397 96 22 bestrida
345 398 262 28 gästgifverihållningen.
629 397 103 28 Derefter
740 398 50 21 sker
799 401 35 18 ut-

242 439 39 20 rop
299 431 42 28 för
363 433 46 20 alla
431 433 52 20 eller
501 432 9 21 i
524 433 58 20 vissa
603 439 95 20 grupper
714 432 119 27 fördelade

241 466 154 28 gästgifverier
416 467 59 20 inom
495 466 129 28 skjutslaget
644 469 131 24 gemensamt
795 467 37 21 och

236 500 44 27 för
301 500 69 28 öfrigt
391 501 70 21 under
481 500 115 22 enahanda
615 500 76 28 vilkor,
706 508 45 14 som
766 501 68 27 ofvan

241 535 66 27 sagdt
321 536 33 20 är.

302 569 41 21 Om
364 569 26 21 de
409 569 37 21 vid
463 569 117 21 auktionen
594 570 80 27 gjorda
688 569 74 22 anbud
776 570 57 21 med-

242 604 47 20 dele
310 602 159 29 Kronofogden
492 603 157 21 underrättelse
674 604 35 21 till
730 604 104 28 samtliga

242 638 125 20 kommuner
379 638 10 20 i
403 638 135 27 skjutslaget,
554 638 73 20 hvilka
646 644 45 21 ega,
706 638 55 21 hvar
775 638 58 22 kom-

242 679 53 14 mun
299 672 43 27 för
351 672 40 27 sig,
412 672 7 20 ä
429 672 216 22 kommunalstämma
655 672 93 22 rörande
758 672 76 28 hvarje

242 706 107 22 särskildt
362 705 129 29 gästgifveri
505 706 71 21 utläta
586 706 40 28 sig,
637 706 108 22 huruvida
754 707 81 27 skjuts-

243 741 81 27 ningen
345 740 39 21 och
405 740 255 28 gästgifverihällmingen
683 741 14 20 å
716 741 119 21 detsamma

243 774 58 22 skall
317 775 14 20 &
341 774 143 27 entreprenad
494 774 124 27 öfverlåtas,
628 777 58 18 samt
694 775 141 21 vederböran-

244 809 37 21 des
303 808 73 21 anbud
390 808 83 27 pröfva
487 808 39 21 och
541 808 60 27 öfver
616 808 48 21 dem
677 809 33 27 sig
724 812 67 25 yttra.
821 810 17 20 I

238 843 99 28 frågans
349 842 109 29 pröfning
475 842 87 28 deltaga
576 843 54 26 alla,
644 849 46 15 som
706 843 34 21 till
754 843 81 28 skjuts-

244 878 91 27 ningens
354 877 194 28 upprätthållande
569 877 99 28 bidraga,
684 877 38 21 och
737 878 41 21 den
793 885 41 14 me-

244 912 61 27 ning,
325 918 45 14 som
391 911 26 21 de
433 911 68 27 festa
520 913 98 20 rösterna
636 912 10 20 i
660 911 129 29 skjutslaget
805 912 30 22 bi-

245 946 66 27 trädt,
331 948 75 26 utgöre
423 946 139 28 skjutslagets
577 945 73 21 beslut.
680 946 107 21 Rösterna
803 946 32 21 be-

244 980 83 21 räknas
341 981 68 27 enligt
423 980 41 20 den
478 980 79 28 grund,
572 980 109 26 hvarefter
690 980 146 28 skjutsnings-

244 1014 148 28 skyldigheten
413 1016 92 26 utgöres.
538 1014 40 21 Om
598 1015 131 21 röstantalet
740 1014 43 27 för
797 1014 39 22 och

244 1052 55 18 emot
321 1048 153 28 entreprenads
496 1048 127 21 inrättande
642 1050 26 19 är
686 1048 52 27 lika,
753 1049 58 27 gälle
826 1050 9 20 i

244 1084 67 27 sagde
325 1082 101 27 afseende
441 1082 40 21 den
496 1083 93 27 mening,
604 1089 46 14 som
664 1083 82 21 uttalat
754 1084 35 27 sig
793 1083 43 27 för

244 1117 149 28 entreprenad.

301 1151 253 21 Kommunalstämmans
570 1151 117 27 protokoll,
702 1150 80 22 hvilket
797 1151 38 21 bör

244 1188 99 26 upptaga
363 1192 100 14 summan
485 1185 28 27 af
532 1185 136 21 kommunens
690 1185 146 29 skjutsnings-

244 1220 99 28 skyldige
356 1220 85 20 mantal
456 1220 45 26 och,
515 1220 71 20 derest
600 1219 150 29 skiljaktighet
759 1227 76 20 yppas,

245 1255 84 21 antalet
350 1254 85 21 mantal
447 1253 42 27 för
507 1253 107 21 hvardera
629 1254 119 28 meningen,
764 1254 73 27 aflem-

246 1296 41 14 nas
301 1289 67 21 sedan
383 1289 35 21 till
433 1288 165 28 Kronofogden,
608 1294 45 15 som
663 1288 105 21 insänder
778 1288 58 22 detta

241 1324 68 27 jemte
324 1322 236 27 auktionsprotokollen
575 1322 35 20 till
627 1322 144 25 Guvernören,
783 1322 55 21 hvil-

246 1357 48 26 ken,
309 1357 8 20 i
332 1356 101 21 händelse
454 1356 129 27 skjutslaget
598 1355 92 27 förenat
704 1356 34 27 sig
753 1362 34 14 om
802 1363 36 14 en-

247 1391 116 28 treprenad
385 1390 37 22 och
445 1391 86 27 antagit
552 1390 26 21 de
598 1390 53 21 derå
670 1390 80 27 gjorda
764 1389 74 22 anbud

246 1428 57 20 samt
325 1427 138 26 entreprenör
485 1424 91 29 befinnes
602 1425 91 27 lämplig
719 1424 39 21 och
785 1425 53 20 stält

248 1460 135 28 vederhäftig
403 1460 78 28 borgen
489 1459 43 28 för
546 1459 128 28 åtagandets
684 1458 153 29 fullgörande,
