<?xml version="1.0" encoding="UTF-8"?>
<alto xmlns="http://www.loc.gov/standards/alto/ns-v3#" xmlns:xlink="http://www.w3.org/1999/xlink" xmlns:xsi="http://www.w3.org/2001/XMLSchema-instance" xsi:schemaLocation="http://www.loc.gov/standards/alto/ns-v3# http://www.loc.gov/alto/v3/alto-3-0.xsd">
	<Description>
		<MeasurementUnit>pixel</MeasurementUnit>
		<sourceImageInformation>
			<fileName>/tmp/tess_in6rsdxy_input.PNG</fileName>
		</sourceImageInformation>
		<OCRProcessing ID="OCR_0">
			<ocrProcessingStep>
				<processingSoftware>
					<softwareName>tesseract 5.3.4</softwareName>
				</processingSoftware>
			</ocrProcessingStep>
		</OCRProcessing>
	</Description>
	<Layout>
		<Page WIDTH="1025" HEIGHT="1703" PHYSICAL_IMG_NR="0" ID="page_0">
			<PrintSpace HPOS="0" VPOS="0" WIDTH="1025" HEIGHT="1703">
				<ComposedBlock ID="cblock_0" HPOS="224" VPOS="120" WIDTH="489" HEIGHT="25">
					<TextBlock ID="block_0" HPOS="224" VPOS="120" WIDTH="489" HEIGHT="25">
						<TextLine ID="line_0" HPOS="224" VPOS="120" WIDTH="489" HEIGHT="25">
							<String ID="string_0" HPOS="224" VPOS="125" WIDTH="13" HEIGHT="19" WC="0.95" CONTENT="6"/><SP WIDTH="163" VPOS="125" HPOS="237"/>
							<String ID="string_1" HPOS="400" VPOS="123" WIDTH="29" HEIGHT="18" WC="0.87" CONTENT="U."/><SP WIDTH="13" VPOS="123" HPOS="429"/>
							<String ID="string_2" HPOS="442" VPOS="123" WIDTH="31" HEIGHT="17" WC="0.92" CONTENT="B."/><SP WIDTH="14" VPOS="123" HPOS="473"/>
							<String ID="string_3" HPOS="487" VPOS="133" WIDTH="21" HEIGHT="2" WC="0.92" CONTENT="—"/><SP WIDTH="13" VPOS="133" HPOS="508"/>
							<String ID="string_4" HPOS="521" VPOS="123" WIDTH="81" HEIGHT="22" WC="0.95" CONTENT="Prop."/><SP WIDTH="27" VPOS="123" HPOS="602"/>
							<String ID="string_5" HPOS="629" VPOS="121" WIDTH="33" HEIGHT="18" WC="0.96" CONTENT="N:o"/><SP WIDTH="13" VPOS="121" HPOS="662"/>
							<String ID="string_6" HPOS="675" VPOS="120" WIDTH="38" HEIGHT="19" WC="0.96" CONTENT="19."/>
						</TextLine>
					</TextBlock>
				</ComposedBlock>
				<ComposedBlock ID="cblock_1" HPOS="195" VPOS="184" WIDTH="749" HEIGHT="1303">
					<TextBlock ID="block_1" HPOS="195" VPOS="184" WIDTH="744" HEIGHT="95">
						<TextLine ID="line_1" HPOS="195" VPOS="184" WIDTH="743" HEIGHT="30">
							<String ID="string_7" HPOS="195" VPOS="188" WIDTH="58" HEIGHT="20" WC="0.96" CONTENT="mark"/><SP WIDTH="16" VPOS="188" HPOS="253"/>
							<String ID="string_8" HPOS="269" VPOS="188" WIDTH="27" HEIGHT="20" WC="0.96" CONTENT="92"/><SP WIDTH="17" VPOS="188" HPOS="296"/>
							<String ID="string_9" HPOS="313" VPOS="187" WIDTH="61" HEIGHT="27" WC="0.92" CONTENT="penni"/><SP WIDTH="13" VPOS="187" HPOS="374"/>
							<String ID="string_10" HPOS="387" VPOS="187" WIDTH="65" HEIGHT="27" WC="0.92" CONTENT="jemte"/><SP WIDTH="18" VPOS="187" HPOS="452"/>
							<String ID="string_11" HPOS="470" VPOS="188" WIDTH="10" HEIGHT="20" WC="0.96" CONTENT="1"/><SP WIDTH="17" VPOS="188" HPOS="480"/>
							<String ID="string_12" HPOS="497" VPOS="193" WIDTH="36" HEIGHT="20" WC="0.88" CONTENT="par"/><SP WIDTH="11" VPOS="193" HPOS="533"/>
							<String ID="string_13" HPOS="544" VPOS="186" WIDTH="108" HEIGHT="26" WC="0.88" CONTENT="strumpor,"/><SP WIDTH="17" VPOS="186" HPOS="652"/>
							<String ID="string_14" HPOS="669" VPOS="186" WIDTH="31" HEIGHT="20" WC="0.93" CONTENT="för"/><SP WIDTH="11" VPOS="186" HPOS="700"/>
							<String ID="string_15" HPOS="711" VPOS="185" WIDTH="90" HEIGHT="27" WC="0.92" CONTENT="barndop"/><SP WIDTH="16" VPOS="185" HPOS="801"/>
							<String ID="string_16" HPOS="817" VPOS="184" WIDTH="37" HEIGHT="22" WC="0.93" CONTENT="och"/><SP WIDTH="10" VPOS="184" HPOS="854"/>
							<String ID="string_17" HPOS="864" VPOS="184" WIDTH="74" HEIGHT="28" WC="0.92" CONTENT="kyrko-"/>
						</TextLine>
						<TextLine ID="line_2" HPOS="195" VPOS="220" WIDTH="744" HEIGHT="30">
							<String ID="string_18" HPOS="195" VPOS="222" WIDTH="56" HEIGHT="28" WC="0.96" CONTENT="gång"/><SP WIDTH="14" VPOS="222" HPOS="251"/>
							<String ID="string_19" HPOS="265" VPOS="222" WIDTH="128" HEIGHT="21" WC="0.96" CONTENT="tillsamman"/><SP WIDTH="18" VPOS="222" HPOS="393"/>
							<String ID="string_20" HPOS="411" VPOS="223" WIDTH="25" HEIGHT="20" WC="0.93" CONTENT="12"/><SP WIDTH="18" VPOS="223" HPOS="436"/>
							<String ID="string_21" HPOS="454" VPOS="224" WIDTH="33" HEIGHT="19" WC="0.96" CONTENT="öre"/><SP WIDTH="19" VPOS="224" HPOS="487"/>
							<String ID="string_22" HPOS="506" VPOS="222" WIDTH="49" HEIGHT="20" WC="0.96" CONTENT="eller"/><SP WIDTH="19" VPOS="222" HPOS="555"/>
							<String ID="string_23" HPOS="574" VPOS="222" WIDTH="27" HEIGHT="20" WC="0.96" CONTENT="72"/><SP WIDTH="20" VPOS="222" HPOS="601"/>
							<String ID="string_24" HPOS="621" VPOS="220" WIDTH="67" HEIGHT="28" WC="0.96" CONTENT="penni,"/><SP WIDTH="22" VPOS="220" HPOS="688"/>
							<String ID="string_25" HPOS="710" VPOS="227" WIDTH="47" HEIGHT="15" WC="0.96" CONTENT="men"/><SP WIDTH="21" VPOS="227" HPOS="757"/>
							<String ID="string_26" HPOS="778" VPOS="220" WIDTH="32" HEIGHT="21" WC="0.93" CONTENT="för"/><SP WIDTH="14" VPOS="220" HPOS="810"/>
							<String ID="string_27" HPOS="824" VPOS="220" WIDTH="115" HEIGHT="21" WC="0.83" CONTENT="socknebud"/>
						</TextLine>
						<TextLine ID="line_3" HPOS="195" VPOS="258" WIDTH="154" HEIGHT="21">
							<String ID="string_28" HPOS="195" VPOS="258" WIDTH="79" HEIGHT="21" WC="0.88" CONTENT="betalas"/><SP WIDTH="15" VPOS="258" HPOS="274"/>
							<String ID="string_29" HPOS="289" VPOS="258" WIDTH="60" HEIGHT="21" WC="0.92" CONTENT="intet."/>
						</TextLine>
					</TextBlock>
					<TextBlock ID="block_2" HPOS="195" VPOS="288" WIDTH="744" HEIGHT="61">
						<TextLine ID="line_4" HPOS="264" VPOS="288" WIDTH="675" HEIGHT="34">
							<String ID="string_30" HPOS="264" VPOS="292" WIDTH="25" HEIGHT="28" WC="0.92" CONTENT="9)"/><SP WIDTH="15" VPOS="292" HPOS="289"/>
							<String ID="string_31" HPOS="304" VPOS="293" WIDTH="135" HEIGHT="29" WC="0.91" CONTENT="Dagsverken,"/><SP WIDTH="20" VPOS="293" HPOS="439"/>
							<String ID="string_32" HPOS="459" VPOS="300" WIDTH="45" HEIGHT="14" WC="0.93" CONTENT="som"/><SP WIDTH="17" VPOS="300" HPOS="504"/>
							<String ID="string_33" HPOS="521" VPOS="293" WIDTH="84" HEIGHT="27" WC="0.91" CONTENT="utgöras"/><SP WIDTH="19" VPOS="293" HPOS="605"/>
							<String ID="string_34" HPOS="624" VPOS="292" WIDTH="8" HEIGHT="22" WC="0.96" CONTENT="i"/><SP WIDTH="16" VPOS="292" HPOS="632"/>
							<String ID="string_35" HPOS="648" VPOS="288" WIDTH="131" HEIGHT="26" WC="0.94" CONTENT="Österbotten"/><SP WIDTH="21" VPOS="288" HPOS="779"/>
							<String ID="string_36" HPOS="800" VPOS="291" WIDTH="37" HEIGHT="22" WC="0.93" CONTENT="och"/><SP WIDTH="20" VPOS="291" HPOS="837"/>
							<String ID="string_37" HPOS="857" VPOS="291" WIDTH="59" HEIGHT="21" WC="0.91" CONTENT="äfven"/><SP WIDTH="16" VPOS="291" HPOS="916"/>
							<String ID="string_38" HPOS="932" VPOS="292" WIDTH="7" HEIGHT="20" WC="0.96" CONTENT="i"/>
						</TextLine>
						<TextLine ID="line_5" HPOS="195" VPOS="328" WIDTH="326" HEIGHT="21">
							<String ID="string_39" HPOS="195" VPOS="328" WIDTH="48" HEIGHT="21" WC="0.95" CONTENT="flera"/><SP WIDTH="16" VPOS="328" HPOS="243"/>
							<String ID="string_40" HPOS="259" VPOS="328" WIDTH="63" HEIGHT="21" WC="0.96" CONTENT="andra"/><SP WIDTH="16" VPOS="328" HPOS="322"/>
							<String ID="string_41" HPOS="338" VPOS="329" WIDTH="56" HEIGHT="20" WC="0.96" CONTENT="delar"/><SP WIDTH="16" VPOS="329" HPOS="394"/>
							<String ID="string_42" HPOS="410" VPOS="328" WIDTH="23" HEIGHT="21" WC="0.96" CONTENT="af"/><SP WIDTH="12" VPOS="328" HPOS="433"/>
							<String ID="string_43" HPOS="445" VPOS="328" WIDTH="76" HEIGHT="21" WC="0.96" CONTENT="landet."/>
						</TextLine>
					</TextBlock>
					<TextBlock ID="block_3" HPOS="195" VPOS="363" WIDTH="746" HEIGHT="199">
						<TextLine ID="line_6" HPOS="266" VPOS="363" WIDTH="672" HEIGHT="29">
							<String ID="string_44" HPOS="266" VPOS="363" WIDTH="35" HEIGHT="29" WC="0.93" CONTENT="10)"/><SP WIDTH="16" VPOS="363" HPOS="301"/>
							<String ID="string_45" HPOS="317" VPOS="364" WIDTH="101" HEIGHT="25" WC="0.91" CONTENT="Matskott,"/><SP WIDTH="17" VPOS="364" HPOS="418"/>
							<String ID="string_46" HPOS="435" VPOS="370" WIDTH="44" HEIGHT="15" WC="0.96" CONTENT="som"/><SP WIDTH="16" VPOS="370" HPOS="479"/>
							<String ID="string_47" HPOS="495" VPOS="364" WIDTH="7" HEIGHT="21" WC="0.93" CONTENT="i"/><SP WIDTH="18" VPOS="364" HPOS="502"/>
							<String ID="string_48" HPOS="520" VPOS="364" WIDTH="77" HEIGHT="21" WC="0.96" CONTENT="medlet"/><SP WIDTH="19" VPOS="364" HPOS="597"/>
							<String ID="string_49" HPOS="616" VPOS="363" WIDTH="22" HEIGHT="22" WC="0.93" CONTENT="af"/><SP WIDTH="18" VPOS="363" HPOS="638"/>
							<String ID="string_50" HPOS="656" VPOS="364" WIDTH="46" HEIGHT="21" WC="0.96" CONTENT="13:e"/><SP WIDTH="20" VPOS="364" HPOS="702"/>
							<String ID="string_51" HPOS="722" VPOS="363" WIDTH="137" HEIGHT="21" WC="0.93" CONTENT="århundradet"/><SP WIDTH="15" VPOS="363" HPOS="859"/>
							<String ID="string_52" HPOS="874" VPOS="363" WIDTH="64" HEIGHT="21" WC="0.92" CONTENT="inför-"/>
						</TextLine>
						<TextLine ID="line_7" HPOS="195" VPOS="399" WIDTH="744" HEIGHT="28">
							<String ID="string_53" HPOS="195" VPOS="399" WIDTH="36" HEIGHT="22" WC="0.96" CONTENT="des"/><SP WIDTH="15" VPOS="399" HPOS="231"/>
							<String ID="string_54" HPOS="246" VPOS="399" WIDTH="47" HEIGHT="21" WC="0.92" CONTENT="med"/><SP WIDTH="16" VPOS="399" HPOS="293"/>
							<String ID="string_55" HPOS="309" VPOS="399" WIDTH="110" HEIGHT="28" WC="0.92" CONTENT="anledning"/><SP WIDTH="11" VPOS="399" HPOS="419"/>
							<String ID="string_56" HPOS="430" VPOS="399" WIDTH="61" HEIGHT="27" WC="0.93" CONTENT="deraf,"/><SP WIDTH="18" VPOS="399" HPOS="491"/>
							<String ID="string_57" HPOS="509" VPOS="400" WIDTH="30" HEIGHT="21" WC="0.93" CONTENT="att"/><SP WIDTH="15" VPOS="400" HPOS="539"/>
							<String ID="string_58" HPOS="554" VPOS="400" WIDTH="77" HEIGHT="21" WC="0.93" CONTENT="kronan"/><SP WIDTH="10" VPOS="400" HPOS="631"/>
							<String ID="string_59" HPOS="641" VPOS="399" WIDTH="97" HEIGHT="22" WC="0.89" CONTENT="tillvällat"/><SP WIDTH="11" VPOS="399" HPOS="738"/>
							<String ID="string_60" HPOS="749" VPOS="399" WIDTH="31" HEIGHT="27" WC="0.97" CONTENT="sig"/><SP WIDTH="16" VPOS="399" HPOS="780"/>
							<String ID="string_61" HPOS="796" VPOS="399" WIDTH="74" HEIGHT="21" WC="0.96" CONTENT="största"/><SP WIDTH="11" VPOS="399" HPOS="870"/>
							<String ID="string_62" HPOS="881" VPOS="399" WIDTH="58" HEIGHT="20" WC="0.97" CONTENT="delen"/>
						</TextLine>
						<TextLine ID="line_8" HPOS="197" VPOS="433" WIDTH="744" HEIGHT="28">
							<String ID="string_63" HPOS="197" VPOS="433" WIDTH="23" HEIGHT="22" WC="0.80" CONTENT="af"/><SP WIDTH="20" VPOS="433" HPOS="220"/>
							<String ID="string_64" HPOS="240" VPOS="434" WIDTH="160" HEIGHT="27" WC="0.80" CONTENT="presterskapets"/><SP WIDTH="18" VPOS="434" HPOS="400"/>
							<String ID="string_65" HPOS="418" VPOS="434" WIDTH="100" HEIGHT="22" WC="0.96" CONTENT="ordinarie"/><SP WIDTH="22" VPOS="434" HPOS="518"/>
							<String ID="string_66" HPOS="540" VPOS="435" WIDTH="112" HEIGHT="20" WC="0.95" CONTENT="inkomster"/><SP WIDTH="22" VPOS="435" HPOS="652"/>
							<String ID="string_67" HPOS="674" VPOS="435" WIDTH="7" HEIGHT="20" WC="0.95" CONTENT="i"/><SP WIDTH="18" VPOS="435" HPOS="681"/>
							<String ID="string_68" HPOS="699" VPOS="433" WIDTH="93" HEIGHT="28" WC="0.93" CONTENT="Finland,"/><SP WIDTH="24" VPOS="433" HPOS="792"/>
							<String ID="string_69" HPOS="816" VPOS="434" WIDTH="72" HEIGHT="21" WC="0.94" CONTENT="bestod"/><SP WIDTH="22" VPOS="434" HPOS="888"/>
							<String ID="string_70" HPOS="910" VPOS="433" WIDTH="31" HEIGHT="21" WC="0.88" CONTENT="uti"/>
						</TextLine>
						<TextLine ID="line_9" HPOS="196" VPOS="469" WIDTH="744" HEIGHT="28">
							<String ID="string_71" HPOS="196" VPOS="469" WIDTH="53" HEIGHT="21" WC="0.93" CONTENT="vissa"/><SP WIDTH="20" VPOS="469" HPOS="249"/>
							<String ID="string_72" HPOS="269" VPOS="469" WIDTH="65" HEIGHT="28" WC="0.87" CONTENT="ärliga"/><SP WIDTH="19" VPOS="469" HPOS="334"/>
							<String ID="string_73" HPOS="353" VPOS="470" WIDTH="87" HEIGHT="26" WC="0.92" CONTENT="sportlar"/><SP WIDTH="22" VPOS="470" HPOS="440"/>
							<String ID="string_74" HPOS="462" VPOS="470" WIDTH="8" HEIGHT="21" WC="0.93" CONTENT="i"/><SP WIDTH="20" VPOS="470" HPOS="470"/>
							<String ID="string_75" HPOS="490" VPOS="470" WIDTH="103" HEIGHT="21" WC="0.91" CONTENT="matvaror"/><SP WIDTH="20" VPOS="470" HPOS="593"/>
							<String ID="string_76" HPOS="613" VPOS="469" WIDTH="37" HEIGHT="22" WC="0.93" CONTENT="och"/><SP WIDTH="21" VPOS="469" HPOS="650"/>
							<String ID="string_77" HPOS="671" VPOS="469" WIDTH="113" HEIGHT="26" WC="0.91" CONTENT="viktualier,"/><SP WIDTH="22" VPOS="469" HPOS="784"/>
							<String ID="string_78" HPOS="806" VPOS="469" WIDTH="53" HEIGHT="21" WC="0.93" CONTENT="samt"/><SP WIDTH="21" VPOS="469" HPOS="859"/>
							<String ID="string_79" HPOS="880" VPOS="469" WIDTH="60" HEIGHT="27" WC="0.89" CONTENT="utgär"/>
						</TextLine>
						<TextLine ID="line_10" HPOS="197" VPOS="504" WIDTH="744" HEIGHT="29">
							<String ID="string_80" HPOS="197" VPOS="507" WIDTH="54" HEIGHT="18" WC="0.94" CONTENT="ännu"/><SP WIDTH="16" VPOS="507" HPOS="251"/>
							<String ID="string_81" HPOS="267" VPOS="505" WIDTH="26" HEIGHT="27" WC="0.93" CONTENT="pä"/><SP WIDTH="16" VPOS="505" HPOS="293"/>
							<String ID="string_82" HPOS="309" VPOS="505" WIDTH="103" HEIGHT="28" WC="0.90" CONTENT="ätskilliga"/><SP WIDTH="16" VPOS="505" HPOS="412"/>
							<String ID="string_83" HPOS="428" VPOS="506" WIDTH="60" HEIGHT="25" WC="0.90" CONTENT="orter,"/><SP WIDTH="18" VPOS="506" HPOS="488"/>
							<String ID="string_84" HPOS="506" VPOS="506" WIDTH="41" HEIGHT="21" WC="0.96" CONTENT="dels"/><SP WIDTH="18" VPOS="506" HPOS="547"/>
							<String ID="string_85" HPOS="565" VPOS="505" WIDTH="50" HEIGHT="21" WC="0.93" CONTENT="efter"/><SP WIDTH="16" VPOS="505" HPOS="615"/>
							<String ID="string_86" HPOS="631" VPOS="505" WIDTH="91" HEIGHT="28" WC="0.92" CONTENT="gammal"/><SP WIDTH="11" VPOS="505" HPOS="722"/>
							<String ID="string_87" HPOS="733" VPOS="505" WIDTH="72" HEIGHT="27" WC="0.96" CONTENT="grund,"/><SP WIDTH="18" VPOS="505" HPOS="805"/>
							<String ID="string_88" HPOS="823" VPOS="504" WIDTH="42" HEIGHT="21" WC="0.96" CONTENT="dels"/><SP WIDTH="12" VPOS="504" HPOS="865"/>
							<String ID="string_89" HPOS="877" VPOS="505" WIDTH="64" HEIGHT="27" WC="0.96" CONTENT="enligt"/>
						</TextLine>
						<TextLine ID="line_11" HPOS="196" VPOS="540" WIDTH="152" HEIGHT="22">
							<String ID="string_90" HPOS="196" VPOS="540" WIDTH="152" HEIGHT="22" WC="0.91" CONTENT="konventioner."/>
						</TextLine>
					</TextBlock>
					<TextBlock ID="block_4" HPOS="196" VPOS="575" WIDTH="747" HEIGHT="560">
						<TextLine ID="line_12" HPOS="267" VPOS="575" WIDTH="673" HEIGHT="29">
							<String ID="string_91" HPOS="267" VPOS="576" WIDTH="34" HEIGHT="28" WC="0.75" CONTENT="17)"/><SP WIDTH="19" VPOS="576" HPOS="301"/>
							<String ID="string_92" HPOS="320" VPOS="576" WIDTH="99" HEIGHT="21" WC="0.96" CONTENT="Förutom"/><SP WIDTH="19" VPOS="576" HPOS="419"/>
							<String ID="string_93" HPOS="438" VPOS="583" WIDTH="27" HEIGHT="14" WC="0.93" CONTENT="nu"/><SP WIDTH="21" VPOS="583" HPOS="465"/>
							<String ID="string_94" HPOS="486" VPOS="576" WIDTH="129" HEIGHT="28" WC="0.95" CONTENT="uppräknade"/><SP WIDTH="20" VPOS="576" HPOS="615"/>
							<String ID="string_95" HPOS="635" VPOS="576" WIDTH="112" HEIGHT="21" WC="0.92" CONTENT="inkomster"/><SP WIDTH="19" VPOS="576" HPOS="747"/>
							<String ID="string_96" HPOS="766" VPOS="575" WIDTH="81" HEIGHT="28" WC="0.93" CONTENT="åtnjuta"/><SP WIDTH="20" VPOS="575" HPOS="847"/>
							<String ID="string_97" HPOS="867" VPOS="575" WIDTH="73" HEIGHT="28" WC="0.91" CONTENT="kyrko-"/>
						</TextLine>
						<TextLine ID="line_13" HPOS="196" VPOS="611" WIDTH="745" HEIGHT="28">
							<String ID="string_98" HPOS="196" VPOS="611" WIDTH="99" HEIGHT="21" WC="0.92" CONTENT="herdarne"/><SP WIDTH="18" VPOS="611" HPOS="295"/>
							<String ID="string_99" HPOS="313" VPOS="611" WIDTH="8" HEIGHT="21" WC="0.96" CONTENT="i"/><SP WIDTH="19" VPOS="611" HPOS="321"/>
							<String ID="string_100" HPOS="340" VPOS="611" WIDTH="54" HEIGHT="22" WC="0.93" CONTENT="vissa"/><SP WIDTH="19" VPOS="611" HPOS="394"/>
							<String ID="string_101" HPOS="413" VPOS="611" WIDTH="149" HEIGHT="28" WC="0.92" CONTENT="församlingar,"/><SP WIDTH="20" VPOS="611" HPOS="562"/>
							<String ID="string_102" HPOS="582" VPOS="611" WIDTH="144" HEIGHT="28" WC="0.93" CONTENT="förnämligast"/><SP WIDTH="20" VPOS="611" HPOS="726"/>
							<String ID="string_103" HPOS="746" VPOS="611" WIDTH="56" HEIGHT="21" WC="0.96" CONTENT="inom"/><SP WIDTH="20" VPOS="611" HPOS="802"/>
							<String ID="string_104" HPOS="822" VPOS="611" WIDTH="62" HEIGHT="21" WC="0.95" CONTENT="Wasa"/><SP WIDTH="20" VPOS="611" HPOS="884"/>
							<String ID="string_105" HPOS="904" VPOS="611" WIDTH="37" HEIGHT="21" WC="0.95" CONTENT="och"/>
						</TextLine>
						<TextLine ID="line_14" HPOS="196" VPOS="646" WIDTH="745" HEIGHT="29">
							<String ID="string_106" HPOS="196" VPOS="646" WIDTH="114" HEIGHT="28" WC="0.95" CONTENT="Uleåborgs"/><SP WIDTH="15" VPOS="646" HPOS="310"/>
							<String ID="string_107" HPOS="325" VPOS="647" WIDTH="41" HEIGHT="25" WC="0.92" CONTENT="län,"/><SP WIDTH="16" VPOS="647" HPOS="366"/>
							<String ID="string_108" HPOS="382" VPOS="647" WIDTH="22" HEIGHT="21" WC="0.93" CONTENT="sä"/><SP WIDTH="16" VPOS="647" HPOS="404"/>
							<String ID="string_109" HPOS="420" VPOS="647" WIDTH="78" HEIGHT="21" WC="0.92" CONTENT="kalladt"/><SP WIDTH="15" VPOS="647" HPOS="498"/>
							<String ID="string_110" HPOS="513" VPOS="647" WIDTH="90" HEIGHT="28" WC="0.96" CONTENT="vederlag"/><SP WIDTH="16" VPOS="647" HPOS="603"/>
							<String ID="string_111" HPOS="619" VPOS="647" WIDTH="22" HEIGHT="20" WC="0.93" CONTENT="af"/><SP WIDTH="13" VPOS="647" HPOS="641"/>
							<String ID="string_112" HPOS="654" VPOS="646" WIDTH="140" HEIGHT="26" WC="0.93" CONTENT="kronotionde,"/><SP WIDTH="16" VPOS="646" HPOS="794"/>
							<String ID="string_113" HPOS="810" VPOS="646" WIDTH="77" HEIGHT="22" WC="0.93" CONTENT="hvilket"/><SP WIDTH="10" VPOS="646" HPOS="887"/>
							<String ID="string_114" HPOS="897" VPOS="647" WIDTH="44" HEIGHT="20" WC="0.85" CONTENT="till-"/>
						</TextLine>
						<TextLine ID="line_15" HPOS="197" VPOS="681" WIDTH="744" HEIGHT="29">
							<String ID="string_115" HPOS="197" VPOS="681" WIDTH="88" HEIGHT="21" WC="0.96" CONTENT="kommit"/><SP WIDTH="16" VPOS="681" HPOS="285"/>
							<String ID="string_116" HPOS="301" VPOS="681" WIDTH="42" HEIGHT="21" WC="0.93" CONTENT="dels"/><SP WIDTH="17" VPOS="681" HPOS="343"/>
							<String ID="string_117" HPOS="360" VPOS="682" WIDTH="67" HEIGHT="20" WC="0.93" CONTENT="säsom"/><SP WIDTH="17" VPOS="682" HPOS="427"/>
							<String ID="string_118" HPOS="444" VPOS="682" WIDTH="113" HEIGHT="28" WC="0.95" CONTENT="ersättning"/><SP WIDTH="15" VPOS="682" HPOS="557"/>
							<String ID="string_119" HPOS="572" VPOS="682" WIDTH="31" HEIGHT="20" WC="0.96" CONTENT="för"/><SP WIDTH="16" VPOS="682" HPOS="603"/>
							<String ID="string_120" HPOS="619" VPOS="682" WIDTH="25" HEIGHT="20" WC="0.93" CONTENT="de"/><SP WIDTH="15" VPOS="682" HPOS="644"/>
							<String ID="string_121" HPOS="659" VPOS="681" WIDTH="114" HEIGHT="28" WC="0.92" CONTENT="kyrkogods"/><SP WIDTH="17" VPOS="681" HPOS="773"/>
							<String ID="string_122" HPOS="790" VPOS="681" WIDTH="37" HEIGHT="21" WC="0.93" CONTENT="och"/><SP WIDTH="16" VPOS="681" HPOS="827"/>
							<String ID="string_123" HPOS="843" VPOS="682" WIDTH="98" HEIGHT="21" WC="0.92" CONTENT="förlänin-"/>
						</TextLine>
						<TextLine ID="line_16" HPOS="197" VPOS="716" WIDTH="744" HEIGHT="28">
							<String ID="string_124" HPOS="197" VPOS="724" WIDTH="43" HEIGHT="20" WC="0.94" CONTENT="gar,"/><SP WIDTH="21" VPOS="724" HPOS="240"/>
							<String ID="string_125" HPOS="261" VPOS="723" WIDTH="44" HEIGHT="15" WC="0.96" CONTENT="som"/><SP WIDTH="16" VPOS="723" HPOS="305"/>
							<String ID="string_126" HPOS="321" VPOS="717" WIDTH="35" HEIGHT="21" WC="0.96" CONTENT="vid"/><SP WIDTH="15" VPOS="717" HPOS="356"/>
							<String ID="string_127" HPOS="371" VPOS="718" WIDTH="38" HEIGHT="20" WC="0.96" CONTENT="den"/><SP WIDTH="21" VPOS="718" HPOS="409"/>
							<String ID="string_128" HPOS="430" VPOS="718" WIDTH="23" HEIGHT="20" WC="0.96" CONTENT="af"/><SP WIDTH="14" VPOS="718" HPOS="453"/>
							<String ID="string_129" HPOS="467" VPOS="717" WIDTH="76" HEIGHT="22" WC="0.96" CONTENT="Gustaf"/><SP WIDTH="12" VPOS="717" HPOS="543"/>
							<String ID="string_130" HPOS="555" VPOS="718" WIDTH="11" HEIGHT="20" WC="0.93" CONTENT="I"/><SP WIDTH="15" VPOS="718" HPOS="566"/>
							<String ID="string_131" HPOS="581" VPOS="717" WIDTH="123" HEIGHT="21" WC="0.96" CONTENT="verkställda"/><SP WIDTH="19" VPOS="717" HPOS="704"/>
							<String ID="string_132" HPOS="723" VPOS="717" WIDTH="107" HEIGHT="21" WC="0.93" CONTENT="reduktion"/><SP WIDTH="16" VPOS="717" HPOS="830"/>
							<String ID="string_133" HPOS="846" VPOS="716" WIDTH="95" HEIGHT="28" WC="0.92" CONTENT="indrogos"/>
						</TextLine>
						<TextLine ID="line_17" HPOS="196" VPOS="752" WIDTH="745" HEIGHT="28">
							<String ID="string_134" HPOS="196" VPOS="752" WIDTH="33" HEIGHT="21" WC="0.93" CONTENT="till"/><SP WIDTH="16" VPOS="752" HPOS="229"/>
							<String ID="string_135" HPOS="245" VPOS="752" WIDTH="82" HEIGHT="26" WC="0.92" CONTENT="kronan,"/><SP WIDTH="19" VPOS="752" HPOS="327"/>
							<String ID="string_136" HPOS="346" VPOS="752" WIDTH="105" HEIGHT="22" WC="0.92" CONTENT="äfvensom"/><SP WIDTH="15" VPOS="752" HPOS="451"/>
							<String ID="string_137" HPOS="466" VPOS="752" WIDTH="31" HEIGHT="22" WC="0.96" CONTENT="för"/><SP WIDTH="16" VPOS="752" HPOS="497"/>
							<String ID="string_138" HPOS="513" VPOS="753" WIDTH="38" HEIGHT="21" WC="0.93" CONTENT="den"/><SP WIDTH="12" VPOS="753" HPOS="551"/>
							<String ID="string_139" HPOS="563" VPOS="752" WIDTH="117" HEIGHT="28" WC="0.92" CONTENT="minskning"/><SP WIDTH="15" VPOS="752" HPOS="680"/>
							<String ID="string_140" HPOS="695" VPOS="752" WIDTH="8" HEIGHT="20" WC="0.93" CONTENT="i"/><SP WIDTH="15" VPOS="752" HPOS="703"/>
							<String ID="string_141" HPOS="718" VPOS="752" WIDTH="120" HEIGHT="27" WC="0.93" CONTENT="pastoralier"/><SP WIDTH="14" VPOS="752" HPOS="838"/>
							<String ID="string_142" HPOS="852" VPOS="753" WIDTH="89" HEIGHT="26" WC="0.93" CONTENT="prester-"/>
						</TextLine>
						<TextLine ID="line_18" HPOS="197" VPOS="787" WIDTH="745" HEIGHT="27">
							<String ID="string_143" HPOS="197" VPOS="788" WIDTH="72" HEIGHT="26" WC="0.92" CONTENT="skapet"/><SP WIDTH="16" VPOS="788" HPOS="269"/>
							<String ID="string_144" HPOS="285" VPOS="788" WIDTH="69" HEIGHT="21" WC="0.93" CONTENT="dervid"/><SP WIDTH="16" VPOS="788" HPOS="354"/>
							<String ID="string_145" HPOS="370" VPOS="794" WIDTH="36" HEIGHT="15" WC="0.93" CONTENT="var"/><SP WIDTH="15" VPOS="794" HPOS="406"/>
							<String ID="string_146" HPOS="421" VPOS="788" WIDTH="152" HEIGHT="26" WC="0.91" CONTENT="underkastadt,"/><SP WIDTH="18" VPOS="788" HPOS="573"/>
							<String ID="string_147" HPOS="591" VPOS="788" WIDTH="42" HEIGHT="20" WC="0.93" CONTENT="dels"/><SP WIDTH="16" VPOS="788" HPOS="633"/>
							<String ID="string_148" HPOS="649" VPOS="788" WIDTH="37" HEIGHT="21" WC="0.91" CONTENT="ock"/><SP WIDTH="15" VPOS="788" HPOS="686"/>
							<String ID="string_149" HPOS="701" VPOS="788" WIDTH="68" HEIGHT="21" WC="0.92" CONTENT="säsom"/><SP WIDTH="16" VPOS="788" HPOS="769"/>
							<String ID="string_150" HPOS="785" VPOS="787" WIDTH="110" HEIGHT="22" WC="0.96" CONTENT="understöd"/><SP WIDTH="16" VPOS="787" HPOS="895"/>
							<String ID="string_151" HPOS="911" VPOS="787" WIDTH="31" HEIGHT="22" WC="0.96" CONTENT="för"/>
						</TextLine>
						<TextLine ID="line_19" HPOS="198" VPOS="823" WIDTH="744" HEIGHT="28">
							<String ID="string_152" HPOS="198" VPOS="823" WIDTH="39" HEIGHT="21" WC="0.96" CONTENT="den"/><SP WIDTH="20" VPOS="823" HPOS="237"/>
							<String ID="string_153" HPOS="257" VPOS="823" WIDTH="22" HEIGHT="21" WC="0.95" CONTENT="sä"/><SP WIDTH="19" VPOS="823" HPOS="279"/>
							<String ID="string_154" HPOS="298" VPOS="823" WIDTH="81" HEIGHT="21" WC="0.93" CONTENT="kallade"/><SP WIDTH="16" VPOS="823" HPOS="379"/>
							<String ID="string_155" HPOS="395" VPOS="824" WIDTH="128" HEIGHT="27" WC="0.92" CONTENT="gästningen,"/><SP WIDTH="24" VPOS="824" HPOS="523"/>
							<String ID="string_156" HPOS="547" VPOS="824" WIDTH="48" HEIGHT="20" WC="0.96" CONTENT="eller"/><SP WIDTH="20" VPOS="824" HPOS="595"/>
							<String ID="string_157" HPOS="615" VPOS="823" WIDTH="34" HEIGHT="21" WC="0.96" CONTENT="det"/><SP WIDTH="23" VPOS="823" HPOS="649"/>
							<String ID="string_158" HPOS="672" VPOS="824" WIDTH="72" HEIGHT="20" WC="0.91" CONTENT="besvär"/><SP WIDTH="23" VPOS="824" HPOS="744"/>
							<String ID="string_159" HPOS="767" VPOS="823" WIDTH="148" HEIGHT="27" WC="0.89" CONTENT="presterskapet"/><SP WIDTH="20" VPOS="823" HPOS="915"/>
							<String ID="string_160" HPOS="935" VPOS="824" WIDTH="7" HEIGHT="20" WC="0.96" CONTENT="i"/>
						</TextLine>
						<TextLine ID="line_20" HPOS="197" VPOS="858" WIDTH="744" HEIGHT="29">
							<String ID="string_161" HPOS="197" VPOS="859" WIDTH="58" HEIGHT="21" WC="0.95" CONTENT="forna"/><SP WIDTH="16" VPOS="859" HPOS="255"/>
							<String ID="string_162" HPOS="271" VPOS="858" WIDTH="58" HEIGHT="27" WC="0.96" CONTENT="tider,"/><SP WIDTH="18" VPOS="858" HPOS="329"/>
							<String ID="string_163" HPOS="347" VPOS="858" WIDTH="42" HEIGHT="22" WC="0.93" CONTENT="före"/><SP WIDTH="16" VPOS="858" HPOS="389"/>
							<String ID="string_164" HPOS="405" VPOS="859" WIDTH="150" HEIGHT="27" WC="0.83" CONTENT="gästgifveriers"/><SP WIDTH="14" VPOS="859" HPOS="555"/>
							<String ID="string_165" HPOS="569" VPOS="858" WIDTH="122" HEIGHT="26" WC="0.95" CONTENT="inrättande,"/><SP WIDTH="18" VPOS="858" HPOS="691"/>
							<String ID="string_166" HPOS="709" VPOS="858" WIDTH="51" HEIGHT="22" WC="0.93" CONTENT="efter"/><SP WIDTH="16" VPOS="858" HPOS="760"/>
							<String ID="string_167" HPOS="776" VPOS="858" WIDTH="90" HEIGHT="28" WC="0.91" CONTENT="uråldrig"/><SP WIDTH="15" VPOS="858" HPOS="866"/>
							<String ID="string_168" HPOS="881" VPOS="859" WIDTH="60" HEIGHT="28" WC="0.93" CONTENT="pläg-"/>
						</TextLine>
						<TextLine ID="line_21" HPOS="198" VPOS="893" WIDTH="743" HEIGHT="29">
							<String ID="string_169" HPOS="198" VPOS="894" WIDTH="35" HEIGHT="22" WC="0.96" CONTENT="sed"/><SP WIDTH="10" VPOS="894" HPOS="233"/>
							<String ID="string_170" HPOS="243" VPOS="895" WIDTH="39" HEIGHT="21" WC="0.93" CONTENT="fick"/><SP WIDTH="10" VPOS="895" HPOS="282"/>
							<String ID="string_171" HPOS="292" VPOS="894" WIDTH="112" HEIGHT="22" WC="0.93" CONTENT="vidkännas"/><SP WIDTH="12" VPOS="894" HPOS="404"/>
							<String ID="string_172" HPOS="416" VPOS="901" WIDTH="73" HEIGHT="21" WC="0.93" CONTENT="genom"/><SP WIDTH="9" VPOS="901" HPOS="489"/>
							<String ID="string_173" HPOS="498" VPOS="894" WIDTH="145" HEIGHT="28" WC="0.87" CONTENT="herbergering"/><SP WIDTH="8" VPOS="894" HPOS="643"/>
							<String ID="string_174" HPOS="651" VPOS="894" WIDTH="22" HEIGHT="21" WC="0.93" CONTENT="af"/><SP WIDTH="9" VPOS="894" HPOS="673"/>
							<String ID="string_175" HPOS="682" VPOS="893" WIDTH="91" HEIGHT="23" WC="0.94" CONTENT="resande."/><SP WIDTH="25" VPOS="893" HPOS="773"/>
							<String ID="string_176" HPOS="798" VPOS="894" WIDTH="63" HEIGHT="22" WC="0.93" CONTENT="Detta"/><SP WIDTH="10" VPOS="894" HPOS="861"/>
							<String ID="string_177" HPOS="871" VPOS="894" WIDTH="70" HEIGHT="22" WC="0.91" CONTENT="veder-"/>
						</TextLine>
						<TextLine ID="line_22" HPOS="197" VPOS="930" WIDTH="744" HEIGHT="28">
							<String ID="string_178" HPOS="197" VPOS="931" WIDTH="35" HEIGHT="27" WC="0.90" CONTENT="lag"/><SP WIDTH="15" VPOS="931" HPOS="232"/>
							<String ID="string_179" HPOS="247" VPOS="930" WIDTH="88" HEIGHT="22" WC="0.90" CONTENT="varierar"/><SP WIDTH="17" VPOS="930" HPOS="335"/>
							<String ID="string_180" HPOS="352" VPOS="930" WIDTH="32" HEIGHT="22" WC="0.96" CONTENT="till"/><SP WIDTH="20" VPOS="930" HPOS="384"/>
							<String ID="string_181" HPOS="404" VPOS="930" WIDTH="95" HEIGHT="28" WC="0.93" CONTENT="beloppet"/><SP WIDTH="19" VPOS="930" HPOS="499"/>
							<String ID="string_182" HPOS="518" VPOS="930" WIDTH="86" HEIGHT="22" WC="0.92" CONTENT="emellan"/><SP WIDTH="17" VPOS="930" HPOS="604"/>
							<String ID="string_183" HPOS="621" VPOS="930" WIDTH="13" HEIGHT="22" WC="0.96" CONTENT="8"/><SP WIDTH="17" VPOS="930" HPOS="634"/>
							<String ID="string_184" HPOS="651" VPOS="930" WIDTH="37" HEIGHT="21" WC="0.96" CONTENT="och"/><SP WIDTH="20" VPOS="930" HPOS="688"/>
							<String ID="string_185" HPOS="708" VPOS="931" WIDTH="28" HEIGHT="20" WC="0.93" CONTENT="20"/><SP WIDTH="15" VPOS="931" HPOS="736"/>
							<String ID="string_186" HPOS="751" VPOS="930" WIDTH="75" HEIGHT="21" WC="0.91" CONTENT="tunnor"/><SP WIDTH="16" VPOS="930" HPOS="826"/>
							<String ID="string_187" HPOS="842" VPOS="930" WIDTH="99" HEIGHT="27" WC="0.88" CONTENT="spanmäl,"/>
						</TextLine>
						<TextLine ID="line_23" HPOS="198" VPOS="966" WIDTH="744" HEIGHT="28">
							<String ID="string_188" HPOS="198" VPOS="972" WIDTH="46" HEIGHT="15" WC="0.96" CONTENT="men"/><SP WIDTH="17" VPOS="972" HPOS="244"/>
							<String ID="string_189" HPOS="261" VPOS="966" WIDTH="64" HEIGHT="28" WC="0.96" CONTENT="stiger"/><SP WIDTH="15" VPOS="966" HPOS="325"/>
							<String ID="string_190" HPOS="340" VPOS="966" WIDTH="32" HEIGHT="21" WC="0.96" CONTENT="för"/><SP WIDTH="16" VPOS="966" HPOS="372"/>
							<String ID="string_191" HPOS="388" VPOS="972" WIDTH="25" HEIGHT="14" WC="0.97" CONTENT="en"/><SP WIDTH="16" VPOS="972" HPOS="413"/>
							<String ID="string_192" HPOS="429" VPOS="966" WIDTH="33" HEIGHT="21" WC="0.93" CONTENT="del"/><SP WIDTH="15" VPOS="966" HPOS="462"/>
							<String ID="string_193" HPOS="477" VPOS="966" WIDTH="91" HEIGHT="27" WC="0.93" CONTENT="pastorer"/><SP WIDTH="15" VPOS="966" HPOS="568"/>
							<String ID="string_194" HPOS="583" VPOS="966" WIDTH="69" HEIGHT="27" WC="0.93" CONTENT="högre,"/><SP WIDTH="19" VPOS="966" HPOS="652"/>
							<String ID="string_195" HPOS="671" VPOS="966" WIDTH="53" HEIGHT="20" WC="0.92" CONTENT="ända"/><SP WIDTH="15" VPOS="966" HPOS="724"/>
							<String ID="string_196" HPOS="739" VPOS="966" WIDTH="33" HEIGHT="20" WC="0.96" CONTENT="till"/><SP WIDTH="11" VPOS="966" HPOS="772"/>
							<String ID="string_197" HPOS="783" VPOS="966" WIDTH="27" HEIGHT="21" WC="0.93" CONTENT="50"/><SP WIDTH="12" VPOS="966" HPOS="810"/>
							<String ID="string_198" HPOS="822" VPOS="966" WIDTH="79" HEIGHT="20" WC="0.92" CONTENT="tunnor."/><SP WIDTH="14" VPOS="966" HPOS="901"/>
							<String ID="string_199" HPOS="915" VPOS="978" WIDTH="27" HEIGHT="2" WC="0.90" CONTENT="—"/>
						</TextLine>
						<TextLine ID="line_24" HPOS="198" VPOS="1001" WIDTH="743" HEIGHT="27">
							<String ID="string_200" HPOS="198" VPOS="1002" WIDTH="10" HEIGHT="20" WC="0.96" CONTENT="I"/><SP WIDTH="24" VPOS="1002" HPOS="208"/>
							<String ID="string_201" HPOS="232" VPOS="1002" WIDTH="150" HEIGHT="26" WC="0.92" CONTENT="sammanhang"/><SP WIDTH="22" VPOS="1002" HPOS="382"/>
							<String ID="string_202" HPOS="404" VPOS="1001" WIDTH="85" HEIGHT="21" WC="0.96" CONTENT="härmed"/><SP WIDTH="23" VPOS="1001" HPOS="489"/>
							<String ID="string_203" HPOS="512" VPOS="1001" WIDTH="34" HEIGHT="21" WC="0.93" CONTENT="mä"/><SP WIDTH="23" VPOS="1001" HPOS="546"/>
							<String ID="string_204" HPOS="569" VPOS="1001" WIDTH="59" HEIGHT="21" WC="0.96" CONTENT="äfven"/><SP WIDTH="24" VPOS="1001" HPOS="628"/>
							<String ID="string_205" HPOS="652" VPOS="1003" WIDTH="95" HEIGHT="24" WC="0.96" CONTENT="nämnas,"/><SP WIDTH="25" VPOS="1003" HPOS="747"/>
							<String ID="string_206" HPOS="772" VPOS="1001" WIDTH="31" HEIGHT="21" WC="0.93" CONTENT="att"/><SP WIDTH="23" VPOS="1001" HPOS="803"/>
							<String ID="string_207" HPOS="826" VPOS="1001" WIDTH="115" HEIGHT="21" WC="0.91" CONTENT="kontrakts-"/>
						</TextLine>
						<TextLine ID="line_25" HPOS="198" VPOS="1035" WIDTH="743" HEIGHT="30">
							<String ID="string_208" HPOS="198" VPOS="1037" WIDTH="105" HEIGHT="26" WC="0.91" CONTENT="prostarne"/><SP WIDTH="16" VPOS="1037" HPOS="303"/>
							<String ID="string_209" HPOS="319" VPOS="1036" WIDTH="24" HEIGHT="21" WC="0.93" CONTENT="af"/><SP WIDTH="12" VPOS="1036" HPOS="343"/>
							<String ID="string_210" HPOS="355" VPOS="1037" WIDTH="78" HEIGHT="20" WC="0.92" CONTENT="kronan"/><SP WIDTH="21" VPOS="1037" HPOS="433"/>
							<String ID="string_211" HPOS="454" VPOS="1037" WIDTH="81" HEIGHT="27" WC="0.92" CONTENT="ätnjuta"/><SP WIDTH="19" VPOS="1037" HPOS="535"/>
							<String ID="string_212" HPOS="554" VPOS="1037" WIDTH="23" HEIGHT="20" WC="0.96" CONTENT="de"/><SP WIDTH="20" VPOS="1037" HPOS="577"/>
							<String ID="string_213" HPOS="597" VPOS="1036" WIDTH="22" HEIGHT="21" WC="0.93" CONTENT="sä"/><SP WIDTH="19" VPOS="1036" HPOS="619"/>
							<String ID="string_214" HPOS="638" VPOS="1035" WIDTH="116" HEIGHT="22" WC="0.91" CONTENT="benämnda"/><SP WIDTH="14" VPOS="1035" HPOS="754"/>
							<String ID="string_215" HPOS="768" VPOS="1039" WIDTH="173" HEIGHT="26" WC="0.91" CONTENT="prostetunnorna,"/>
						</TextLine>
						<TextLine ID="line_26" HPOS="199" VPOS="1071" WIDTH="744" HEIGHT="29">
							<String ID="string_216" HPOS="199" VPOS="1071" WIDTH="67" HEIGHT="22" WC="0.96" CONTENT="såsom"/><SP WIDTH="16" VPOS="1071" HPOS="266"/>
							<String ID="string_217" HPOS="282" VPOS="1072" WIDTH="114" HEIGHT="27" WC="0.96" CONTENT="ersättning"/><SP WIDTH="16" VPOS="1072" HPOS="396"/>
							<String ID="string_218" HPOS="412" VPOS="1072" WIDTH="31" HEIGHT="21" WC="0.96" CONTENT="för"/><SP WIDTH="15" VPOS="1072" HPOS="443"/>
							<String ID="string_219" HPOS="458" VPOS="1073" WIDTH="47" HEIGHT="20" WC="0.93" CONTENT="dem"/><SP WIDTH="16" VPOS="1073" HPOS="505"/>
							<String ID="string_220" HPOS="521" VPOS="1071" WIDTH="108" HEIGHT="29" WC="0.91" CONTENT="äliggande"/><SP WIDTH="11" VPOS="1071" HPOS="629"/>
							<String ID="string_221" HPOS="640" VPOS="1072" WIDTH="171" HEIGHT="21" WC="0.92" CONTENT="visitationsresor"/><SP WIDTH="16" VPOS="1072" HPOS="811"/>
							<String ID="string_222" HPOS="827" VPOS="1072" WIDTH="38" HEIGHT="20" WC="0.96" CONTENT="och"/><SP WIDTH="15" VPOS="1072" HPOS="865"/>
							<String ID="string_223" HPOS="880" VPOS="1072" WIDTH="63" HEIGHT="21" WC="0.96" CONTENT="andra"/>
						</TextLine>
						<TextLine ID="line_27" HPOS="198" VPOS="1107" WIDTH="520" HEIGHT="28">
							<String ID="string_224" HPOS="198" VPOS="1107" WIDTH="47" HEIGHT="20" WC="0.93" CONTENT="med"/><SP WIDTH="15" VPOS="1107" HPOS="245"/>
							<String ID="string_225" HPOS="260" VPOS="1107" WIDTH="196" HEIGHT="27" WC="0.91" CONTENT="kontraktstyrelsen"/><SP WIDTH="16" VPOS="1107" HPOS="456"/>
							<String ID="string_226" HPOS="472" VPOS="1107" WIDTH="132" HEIGHT="27" WC="0.93" CONTENT="förknippade"/><SP WIDTH="15" VPOS="1107" HPOS="604"/>
							<String ID="string_227" HPOS="619" VPOS="1107" WIDTH="99" HEIGHT="28" WC="0.91" CONTENT="göromäl."/>
						</TextLine>
					</TextBlock>
					<TextBlock ID="block_5" HPOS="198" VPOS="1141" WIDTH="746" HEIGHT="346">
						<TextLine ID="line_28" HPOS="269" VPOS="1141" WIDTH="674" HEIGHT="29">
							<String ID="string_228" HPOS="269" VPOS="1142" WIDTH="149" HEIGHT="28" WC="0.91" CONTENT="Kapellanerne"/><SP WIDTH="16" VPOS="1142" HPOS="418"/>
							<String ID="string_229" HPOS="434" VPOS="1142" WIDTH="125" HEIGHT="21" WC="0.93" CONTENT="tillkommer"/><SP WIDTH="12" VPOS="1142" HPOS="559"/>
							<String ID="string_230" HPOS="571" VPOS="1142" WIDTH="83" HEIGHT="27" WC="0.93" CONTENT="jemlikt"/><SP WIDTH="19" VPOS="1142" HPOS="654"/>
							<String ID="string_231" HPOS="673" VPOS="1141" WIDTH="109" HEIGHT="22" WC="0.96" CONTENT="bestående"/><SP WIDTH="16" VPOS="1141" HPOS="782"/>
							<String ID="string_232" HPOS="798" VPOS="1142" WIDTH="145" HEIGHT="28" WC="0.96" CONTENT="författningar"/>
						</TextLine>
						<TextLine ID="line_29" HPOS="200" VPOS="1177" WIDTH="743" HEIGHT="27">
							<String ID="string_233" HPOS="200" VPOS="1178" WIDTH="12" HEIGHT="20" WC="0.93" CONTENT="8"/><SP WIDTH="16" VPOS="1178" HPOS="212"/>
							<String ID="string_234" HPOS="228" VPOS="1177" WIDTH="76" HEIGHT="27" WC="0.90" CONTENT="kappar"/><SP WIDTH="16" VPOS="1177" HPOS="304"/>
							<String ID="string_235" HPOS="320" VPOS="1177" WIDTH="37" HEIGHT="21" WC="0.96" CONTENT="säd"/><SP WIDTH="19" VPOS="1177" HPOS="357"/>
							<String ID="string_236" HPOS="376" VPOS="1178" WIDTH="22" HEIGHT="20" WC="0.96" CONTENT="af"/><SP WIDTH="16" VPOS="1178" HPOS="398"/>
							<String ID="string_237" HPOS="414" VPOS="1178" WIDTH="70" HEIGHT="26" WC="0.96" CONTENT="hvarje"/><SP WIDTH="18" VPOS="1178" HPOS="484"/>
							<String ID="string_238" HPOS="502" VPOS="1178" WIDTH="43" HEIGHT="20" WC="0.96" CONTENT="helt"/><SP WIDTH="16" VPOS="1178" HPOS="545"/>
							<String ID="string_239" HPOS="561" VPOS="1178" WIDTH="78" HEIGHT="20" WC="0.96" CONTENT="mantal"/><SP WIDTH="20" VPOS="1178" HPOS="639"/>
							<String ID="string_240" HPOS="659" VPOS="1178" WIDTH="38" HEIGHT="20" WC="0.92" CONTENT="och"/><SP WIDTH="22" VPOS="1178" HPOS="697"/>
							<String ID="string_241" HPOS="719" VPOS="1177" WIDTH="99" HEIGHT="21" WC="0.92" CONTENT="derunder"/><SP WIDTH="21" VPOS="1177" HPOS="818"/>
							<String ID="string_242" HPOS="839" VPOS="1178" WIDTH="55" HEIGHT="20" WC="0.96" CONTENT="intill"/><SP WIDTH="19" VPOS="1178" HPOS="894"/>
							<String ID="string_243" HPOS="913" VPOS="1179" WIDTH="30" HEIGHT="19" WC="0.96" CONTENT="ett"/>
						</TextLine>
						<TextLine ID="line_30" HPOS="198" VPOS="1212" WIDTH="743" HEIGHT="28">
							<String ID="string_244" HPOS="198" VPOS="1212" WIDTH="107" HEIGHT="28" WC="0.92" CONTENT="fjerdedels"/><SP WIDTH="23" VPOS="1212" HPOS="305"/>
							<String ID="string_245" HPOS="328" VPOS="1212" WIDTH="85" HEIGHT="26" WC="0.96" CONTENT="mantal,"/><SP WIDTH="25" VPOS="1212" HPOS="413"/>
							<String ID="string_246" HPOS="438" VPOS="1213" WIDTH="54" HEIGHT="21" WC="0.96" CONTENT="samt"/><SP WIDTH="22" VPOS="1213" HPOS="492"/>
							<String ID="string_247" HPOS="514" VPOS="1214" WIDTH="13" HEIGHT="20" WC="0.93" CONTENT="4"/><SP WIDTH="24" VPOS="1214" HPOS="527"/>
							<String ID="string_248" HPOS="551" VPOS="1213" WIDTH="76" HEIGHT="27" WC="0.90" CONTENT="kappar"/><SP WIDTH="24" VPOS="1213" HPOS="627"/>
							<String ID="string_249" HPOS="651" VPOS="1212" WIDTH="45" HEIGHT="21" WC="0.96" CONTENT="från"/><SP WIDTH="23" VPOS="1212" HPOS="696"/>
							<String ID="string_250" HPOS="719" VPOS="1212" WIDTH="79" HEIGHT="22" WC="0.96" CONTENT="mindre"/><SP WIDTH="18" VPOS="1212" HPOS="798"/>
							<String ID="string_251" HPOS="816" VPOS="1213" WIDTH="125" HEIGHT="27" WC="0.96" CONTENT="lägenheter."/>
						</TextLine>
						<TextLine ID="line_31" HPOS="201" VPOS="1248" WIDTH="742" HEIGHT="26">
							<String ID="string_252" HPOS="201" VPOS="1248" WIDTH="71" HEIGHT="20" WC="0.92" CONTENT="Såsom"/><SP WIDTH="16" VPOS="1248" HPOS="272"/>
							<String ID="string_253" HPOS="288" VPOS="1248" WIDTH="87" HEIGHT="25" WC="0.91" CONTENT="sportlar"/><SP WIDTH="16" VPOS="1248" HPOS="375"/>
							<String ID="string_254" HPOS="391" VPOS="1248" WIDTH="80" HEIGHT="26" WC="0.96" CONTENT="åtnjuta"/><SP WIDTH="15" VPOS="1248" HPOS="471"/>
							<String ID="string_255" HPOS="486" VPOS="1248" WIDTH="7" HEIGHT="20" WC="0.96" CONTENT="i"/><SP WIDTH="19" VPOS="1248" HPOS="493"/>
							<String ID="string_256" HPOS="512" VPOS="1248" WIDTH="111" HEIGHT="20" WC="0.93" CONTENT="allmänhet"/><SP WIDTH="18" VPOS="1248" HPOS="623"/>
							<String ID="string_257" HPOS="641" VPOS="1248" WIDTH="149" HEIGHT="26" WC="0.92" CONTENT="kapellanerne,"/><SP WIDTH="20" VPOS="1248" HPOS="790"/>
							<String ID="string_258" HPOS="810" VPOS="1248" WIDTH="85" HEIGHT="20" WC="0.93" CONTENT="likasom"/><SP WIDTH="17" VPOS="1248" HPOS="895"/>
							<String ID="string_259" HPOS="912" VPOS="1248" WIDTH="31" HEIGHT="21" WC="0.91" CONTENT="äf-"/>
						</TextLine>
						<TextLine ID="line_32" HPOS="199" VPOS="1282" WIDTH="744" HEIGHT="27">
							<String ID="string_260" HPOS="199" VPOS="1288" WIDTH="38" HEIGHT="14" WC="0.93" CONTENT="ven"/><SP WIDTH="16" VPOS="1288" HPOS="237"/>
							<String ID="string_261" HPOS="253" VPOS="1282" WIDTH="214" HEIGHT="26" WC="0.91" CONTENT="sockneadjunkterne,"/><SP WIDTH="18" VPOS="1282" HPOS="467"/>
							<String ID="string_262" HPOS="485" VPOS="1282" WIDTH="34" HEIGHT="21" WC="0.96" CONTENT="det"/><SP WIDTH="16" VPOS="1282" HPOS="519"/>
							<String ID="string_263" HPOS="535" VPOS="1282" WIDTH="98" HEIGHT="27" WC="0.96" CONTENT="stadgade"/><SP WIDTH="16" VPOS="1282" HPOS="633"/>
							<String ID="string_264" HPOS="649" VPOS="1282" WIDTH="83" HEIGHT="21" WC="0.96" CONTENT="arvodet"/><SP WIDTH="16" VPOS="1282" HPOS="732"/>
							<String ID="string_265" HPOS="748" VPOS="1282" WIDTH="31" HEIGHT="21" WC="0.96" CONTENT="för"/><SP WIDTH="15" VPOS="1282" HPOS="779"/>
							<String ID="string_266" HPOS="794" VPOS="1282" WIDTH="70" HEIGHT="27" WC="0.93" CONTENT="vigsel,"/><SP WIDTH="17" VPOS="1282" HPOS="864"/>
							<String ID="string_267" HPOS="881" VPOS="1282" WIDTH="62" HEIGHT="21" WC="0.91" CONTENT="barn-"/>
						</TextLine>
						<TextLine ID="line_33" HPOS="199" VPOS="1316" WIDTH="744" HEIGHT="28">
							<String ID="string_268" HPOS="199" VPOS="1317" WIDTH="39" HEIGHT="27" WC="0.96" CONTENT="dop"/><SP WIDTH="17" VPOS="1317" HPOS="238"/>
							<String ID="string_269" HPOS="255" VPOS="1316" WIDTH="37" HEIGHT="22" WC="0.93" CONTENT="och"/><SP WIDTH="16" VPOS="1316" HPOS="292"/>
							<String ID="string_270" HPOS="308" VPOS="1316" WIDTH="122" HEIGHT="26" WC="0.91" CONTENT="socknebud,"/><SP WIDTH="18" VPOS="1316" HPOS="430"/>
							<String ID="string_271" HPOS="448" VPOS="1316" WIDTH="34" HEIGHT="22" WC="0.96" CONTENT="der"/><SP WIDTH="16" VPOS="1316" HPOS="482"/>
							<String ID="string_272" HPOS="498" VPOS="1316" WIDTH="75" HEIGHT="22" WC="0.96" CONTENT="sådana"/><SP WIDTH="15" VPOS="1316" HPOS="573"/>
							<String ID="string_273" HPOS="588" VPOS="1316" WIDTH="147" HEIGHT="28" WC="0.95" CONTENT="förrättningar"/><SP WIDTH="11" VPOS="1316" HPOS="735"/>
							<String ID="string_274" HPOS="746" VPOS="1316" WIDTH="22" HEIGHT="22" WC="0.96" CONTENT="af"/><SP WIDTH="14" VPOS="1316" HPOS="768"/>
							<String ID="string_275" HPOS="782" VPOS="1317" WIDTH="46" HEIGHT="21" WC="0.92" CONTENT="dem"/><SP WIDTH="16" VPOS="1317" HPOS="828"/>
							<String ID="string_276" HPOS="844" VPOS="1317" WIDTH="99" HEIGHT="21" WC="0.92" CONTENT="verkstäl-"/>
						</TextLine>
						<TextLine ID="line_34" HPOS="199" VPOS="1348" WIDTH="744" HEIGHT="32">
							<String ID="string_277" HPOS="199" VPOS="1352" WIDTH="36" HEIGHT="21" WC="0.93" CONTENT="las."/><SP WIDTH="22" VPOS="1352" HPOS="235"/>
							<String ID="string_278" HPOS="257" VPOS="1364" WIDTH="28" HEIGHT="3" WC="0.92" CONTENT="—"/><SP WIDTH="19" VPOS="1364" HPOS="285"/>
							<String ID="string_279" HPOS="304" VPOS="1352" WIDTH="10" HEIGHT="21" WC="0.96" CONTENT="I"/><SP WIDTH="16" VPOS="1352" HPOS="314"/>
							<String ID="string_280" HPOS="330" VPOS="1348" WIDTH="130" HEIGHT="25" WC="0.96" CONTENT="Österbotten"/><SP WIDTH="20" VPOS="1348" HPOS="460"/>
							<String ID="string_281" HPOS="480" VPOS="1352" WIDTH="60" HEIGHT="28" WC="0.92" CONTENT="utgår"/><SP WIDTH="18" VPOS="1352" HPOS="540"/>
							<String ID="string_282" HPOS="558" VPOS="1352" WIDTH="222" HEIGHT="28" WC="0.90" CONTENT="kapellansaflöningen"/><SP WIDTH="20" VPOS="1352" HPOS="780"/>
							<String ID="string_283" HPOS="800" VPOS="1352" WIDTH="143" HEIGHT="22" WC="0.91" CONTENT="öfverhufvud-"/>
						</TextLine>
						<TextLine ID="line_35" HPOS="199" VPOS="1387" WIDTH="745" HEIGHT="28">
							<String ID="string_284" HPOS="199" VPOS="1387" WIDTH="59" HEIGHT="28" WC="0.96" CONTENT="taget"/><SP WIDTH="16" VPOS="1387" HPOS="258"/>
							<String ID="string_285" HPOS="274" VPOS="1387" WIDTH="47" HEIGHT="21" WC="0.96" CONTENT="med"/><SP WIDTH="17" VPOS="1387" HPOS="321"/>
							<String ID="string_286" HPOS="338" VPOS="1388" WIDTH="27" HEIGHT="20" WC="0.93" CONTENT="16"/><SP WIDTH="19" VPOS="1388" HPOS="365"/>
							<String ID="string_287" HPOS="384" VPOS="1387" WIDTH="78" HEIGHT="28" WC="0.92" CONTENT="kappar"/><SP WIDTH="18" VPOS="1387" HPOS="462"/>
							<String ID="string_288" HPOS="480" VPOS="1387" WIDTH="93" HEIGHT="28" WC="0.84" CONTENT="spanmäl"/><SP WIDTH="19" VPOS="1387" HPOS="573"/>
							<String ID="string_289" HPOS="592" VPOS="1387" WIDTH="45" HEIGHT="22" WC="0.96" CONTENT="från"/><SP WIDTH="18" VPOS="1387" HPOS="637"/>
							<String ID="string_290" HPOS="655" VPOS="1388" WIDTH="119" HEIGHT="27" WC="0.96" CONTENT="lägenheter"/><SP WIDTH="16" VPOS="1388" HPOS="774"/>
							<String ID="string_291" HPOS="790" VPOS="1388" WIDTH="32" HEIGHT="21" WC="0.96" CONTENT="till"/><SP WIDTH="19" VPOS="1388" HPOS="822"/>
							<String ID="string_292" HPOS="841" VPOS="1388" WIDTH="37" HEIGHT="21" WC="0.96" CONTENT="och"/><SP WIDTH="18" VPOS="1388" HPOS="878"/>
							<String ID="string_293" HPOS="896" VPOS="1388" WIDTH="48" HEIGHT="21" WC="0.96" CONTENT="med"/>
						</TextLine>
						<TextLine ID="line_36" HPOS="200" VPOS="1423" WIDTH="743" HEIGHT="31">
							<String ID="string_294" HPOS="200" VPOS="1424" WIDTH="29" HEIGHT="21" WC="0.93" CONTENT="ett"/><SP WIDTH="16" VPOS="1424" HPOS="229"/>
							<String ID="string_295" HPOS="245" VPOS="1423" WIDTH="109" HEIGHT="28" WC="0.92" CONTENT="fjerdedels"/><SP WIDTH="16" VPOS="1423" HPOS="354"/>
							<String ID="string_296" HPOS="370" VPOS="1423" WIDTH="78" HEIGHT="21" WC="0.96" CONTENT="mantal"/><SP WIDTH="16" VPOS="1423" HPOS="448"/>
							<String ID="string_297" HPOS="464" VPOS="1424" WIDTH="53" HEIGHT="20" WC="0.96" CONTENT="samt"/><SP WIDTH="18" VPOS="1424" HPOS="517"/>
							<String ID="string_298" HPOS="535" VPOS="1423" WIDTH="48" HEIGHT="21" WC="0.96" CONTENT="med"/><SP WIDTH="16" VPOS="1423" HPOS="583"/>
							<String ID="string_299" HPOS="599" VPOS="1425" WIDTH="12" HEIGHT="20" WC="0.92" CONTENT="8"/><SP WIDTH="16" VPOS="1425" HPOS="611"/>
							<String ID="string_300" HPOS="627" VPOS="1423" WIDTH="12" HEIGHT="21" WC="0.91" CONTENT="&amp;"/><SP WIDTH="20" VPOS="1423" HPOS="639"/>
							<String ID="string_301" HPOS="659" VPOS="1425" WIDTH="27" HEIGHT="20" WC="0.93" CONTENT="10"/><SP WIDTH="18" VPOS="1425" HPOS="686"/>
							<String ID="string_302" HPOS="704" VPOS="1423" WIDTH="78" HEIGHT="28" WC="0.93" CONTENT="kappar"/><SP WIDTH="18" VPOS="1423" HPOS="782"/>
							<String ID="string_303" HPOS="800" VPOS="1424" WIDTH="54" HEIGHT="30" WC="0.96" CONTENT="från"/><SP WIDTH="11" VPOS="1424" HPOS="854"/>
							<String ID="string_304" HPOS="865" VPOS="1424" WIDTH="78" HEIGHT="22" WC="0.96" CONTENT="mindre"/>
						</TextLine>
						<TextLine ID="line_37" HPOS="199" VPOS="1459" WIDTH="745" HEIGHT="28">
							<String ID="string_305" HPOS="199" VPOS="1459" WIDTH="103" HEIGHT="26" WC="0.92" CONTENT="hemman,"/><SP WIDTH="18" VPOS="1459" HPOS="302"/>
							<String ID="string_306" HPOS="320" VPOS="1459" WIDTH="84" HEIGHT="20" WC="0.91" CONTENT="hvartill"/><SP WIDTH="14" VPOS="1459" HPOS="404"/>
							<String ID="string_307" HPOS="418" VPOS="1459" WIDTH="95" HEIGHT="28" WC="0.95" CONTENT="vanligen"/><SP WIDTH="16" VPOS="1459" HPOS="513"/>
							<String ID="string_308" HPOS="529" VPOS="1459" WIDTH="92" HEIGHT="21" WC="0.96" CONTENT="kommer"/><SP WIDTH="11" VPOS="1459" HPOS="621"/>
							<String ID="string_309" HPOS="632" VPOS="1459" WIDTH="44" HEIGHT="21" WC="0.96" CONTENT="från"/><SP WIDTH="12" VPOS="1459" HPOS="676"/>
							<String ID="string_310" HPOS="688" VPOS="1459" WIDTH="25" HEIGHT="21" WC="0.96" CONTENT="de"/><SP WIDTH="11" VPOS="1459" HPOS="713"/>
							<String ID="string_311" HPOS="724" VPOS="1460" WIDTH="64" HEIGHT="20" WC="0.96" CONTENT="större"/><SP WIDTH="10" VPOS="1460" HPOS="788"/>
							<String ID="string_312" HPOS="798" VPOS="1460" WIDTH="146" HEIGHT="27" WC="0.85" CONTENT="lägenheterna"/>
						</TextLine>
					</TextBlock>
				</ComposedBlock>
				<ComposedBlock ID="cblock_2" HPOS="265" VPOS="1505" WIDTH="613" HEIGHT="24">
					<TextBlock ID="block_6" HPOS="265" VPOS="1505" WIDTH="613" HEIGHT="24">
						<TextLine ID="line_38" HPOS="265" VPOS="1505" WIDTH="613" HEIGHT="24">
							<String ID="string_313" HPOS="265" VPOS="1505" WIDTH="129" HEIGHT="18" WC="0.91" CONTENT="Sammansatta"/><SP WIDTH="12" VPOS="1505" HPOS="394"/>
							<String ID="string_314" HPOS="406" VPOS="1505" WIDTH="47" HEIGHT="24" WC="0.90" CONTENT="Lag-"/><SP WIDTH="13" VPOS="1505" HPOS="453"/>
							<String ID="string_315" HPOS="466" VPOS="1507" WIDTH="29" HEIGHT="18" WC="0.93" CONTENT="och"/><SP WIDTH="13" VPOS="1507" HPOS="495"/>
							<String ID="string_316" HPOS="508" VPOS="1506" WIDTH="172" HEIGHT="17" WC="0.91" CONTENT="Ekonomiutskottets"/><SP WIDTH="14" VPOS="1506" HPOS="680"/>
							<String ID="string_317" HPOS="694" VPOS="1506" WIDTH="105" HEIGHT="19" WC="0.96" CONTENT="betänkande"/><SP WIDTH="13" VPOS="1506" HPOS="799"/>
							<String ID="string_318" HPOS="812" VPOS="1507" WIDTH="35" HEIGHT="18" WC="0.92" CONTENT="N:o"/><SP WIDTH="14" VPOS="1507" HPOS="847"/>
							<String ID="string_319" HPOS="861" VPOS="1506" WIDTH="17" HEIGHT="18" WC="0.95" CONTENT="6."/>
						</TextLine>
					</TextBlock>
				</ComposedBlock>
			</PrintSpace>
		</Page>
	</Layout>
</alto>
