1023 1709
217 150 15 19 4
507 149 53 22 N:o
576 148 50 22 19.

543 223 11 27 s
570 224 19 19 2.

264 262 100 27 Afgifter,
380 268 45 15 som
441 262 23 21 af
478 268 25 16 en
519 262 126 27 församling
660 262 33 21 till
708 263 163 28 presterskapet
880 265 67 26 utgö-

191 303 43 20 ras,
250 297 35 20 må
300 297 18 26 cj
335 296 33 21 till
383 295 112 23 aflönande
515 297 23 21 af
552 303 70 15 annan
636 297 138 27 församlings
789 299 61 26 prest
865 300 82 19 använ-

192 331 46 21 das.
268 331 167 27 Församlingar,
453 331 73 21 hvilka
541 331 142 22 tillsammans
698 333 79 26 utgöra
792 334 32 19 ett
838 334 107 25 pastorat,

192 365 89 27 bidrage
297 365 33 21 till
346 365 40 21 den
401 371 159 21 gemensamma
574 365 162 28 kyrkoherdens
752 366 112 22 aflönande
878 367 8 20 i
899 367 44 21 för-

191 399 100 22 hållande
313 399 34 22 till
370 400 35 21 det
425 400 167 21 embetsbiträde
608 400 26 21 de
650 400 22 21 af
685 400 79 22 honom
779 401 64 21 hafva
858 403 33 19 att
905 401 38 27 på-

191 434 73 26 räkna,
287 434 112 21 hvaremot
416 434 106 27 kapellan,
541 435 115 26 predikant
671 435 39 21 och
726 435 170 28 sockneadjunkt
912 435 31 22 af-

191 469 61 20 lönas
268 469 76 20 endast
360 468 23 21 af
396 469 41 21 den
453 469 52 21 eller
520 469 26 21 de
561 469 157 27 församlingar,
729 469 73 22 hvilka
813 470 25 21 de
850 470 91 27 betjena.

542 538 11 27 $
570 539 18 20 3.

264 577 176 26 Presterskapets
460 577 61 21 löner
539 577 107 22 beräknas
662 577 180 27 hufvudsakligen
857 578 7 21 i
880 584 64 21 span-

190 611 44 21 mål
250 611 38 21 och
303 611 34 21 för
352 611 71 26 öfrigt,
441 611 71 22 såsom
526 612 7 21 i
549 611 24 28 $$
589 613 69 20 7—12
675 613 69 25 säges,
756 612 6 21 i
774 614 63 24 smör,
851 611 41 22 fisk
903 612 40 21 och

191 646 128 27 penningar;
339 645 26 21 de
383 645 114 22 betalande
516 646 54 21 dock
588 647 66 25 öppet
671 646 96 21 lemnadt
785 647 33 20 att
832 647 47 20 lösa
894 653 49 20 per-

192 681 98 20 sedlarne
313 679 54 22 efter
389 680 37 21 det
443 679 34 22 för
495 680 47 21 året
561 680 99 26 gällande
678 680 196 27 markegångspris,
890 682 52 20 utan

191 715 77 26 forlön,
284 715 73 20 derest
370 714 53 26 icke,
440 715 35 20 vid
490 714 197 27 löneregleringens
703 715 145 26 uppgörande,
866 721 33 14 om
916 721 26 14 en

192 749 52 21 eller
259 754 70 15 annan
344 748 78 21 artikel
437 748 72 21 blifvit
523 748 145 27 uttryckligen
683 748 143 27 föreskrifvet,
843 750 33 19 att
892 749 49 21 den-

192 789 81 15 samma
288 783 62 20 alltid
364 783 39 20 bör
419 783 7 20 i
442 782 75 27 sjelfva
532 789 66 14 varan
614 782 107 21 aflemnas.

248 818 40 21 Att
298 817 90 22 emellan
398 817 139 26 löntagarene
548 817 39 21 och
597 817 58 26 uppå
665 817 27 21 de
702 817 114 21 betalande
824 818 84 21 fördela
916 817 27 22 de

191 851 87 28 afgifter
292 851 34 22 till
341 851 168 28 presterskapet,
529 858 45 15 som
590 851 48 21 från
653 851 179 27 församlingarna
847 852 34 21 till
896 852 46 21 det-

190 893 82 15 samma
287 886 58 27 utgå,
362 886 140 21 öfverlemnas
518 886 23 21 ät
556 886 26 21 de
596 886 8 20 i
618 885 8 28 $
638 887 25 20 17
675 886 127 21 omnämnda
812 886 132 27 reglerings-

191 921 110 26 komitéer,
320 921 78 25 hvilka,
418 921 37 20 der
473 921 103 21 mantalet
592 920 76 21 blifver
684 921 97 26 grunden
796 920 33 21 för
845 920 96 27 afgifter-

191 962 39 15 nas
244 955 120 27 utgörande
379 954 48 21 från
439 954 210 27 jordlägenheterna,
664 955 54 20 böra
733 954 33 21 för
776 955 108 26 lägenhet,
896 961 45 14 som

191 991 34 20 till
247 990 103 21 mantalet
372 989 116 26 undergått
509 989 126 26 förändring
654 995 76 20 genom
746 989 128 26 förmedling
890 989 52 21 eller

191 1024 162 27 uppskattning,
376 1023 52 28 följa
450 1024 36 21 det
508 1030 42 21 nya
571 1023 109 21 mantalet.
711 1023 11 21 I
737 1023 111 21 enahanda
862 1023 81 22 förhål-

191 1059 63 22 lande
270 1060 88 25 utgöras
374 1057 87 28 afgifter
475 1057 49 22 från
538 1057 134 28 nyhemman,
688 1058 66 21 sedan
770 1058 26 21 de
811 1058 59 21 trädt
885 1058 7 21 i
903 1058 41 21 full

192 1094 64 21 skatt.

543 1132 11 27 $
569 1133 20 20 4.

249 1173 42 20 Vid
306 1171 193 28 prestaflöningens
515 1172 161 21 bestämmande
691 1171 62 22 skola
768 1171 136 22 förmånerna
922 1172 23 21 af

191 1207 43 26 bol,
256 1207 140 26 boningsrum
419 1207 38 20 och
476 1206 65 21 uthus
556 1207 62 25 tagas
633 1206 7 20 i
656 1206 118 26 beräkning
790 1207 56 20 samt
860 1206 82 21 inkom-

192 1243 47 18 sten
262 1241 23 20 af
305 1241 59 20 bolet
385 1241 130 25 uppskattas
534 1240 54 21 efter
604 1240 48 21 dess
668 1240 97 26 verkliga
780 1241 71 25 värde,
868 1240 75 21 dervid

192 1275 102 26 beloppet
312 1274 23 21 af
352 1274 26 21 de
392 1274 128 26 lägenheten
536 1273 66 27 enligt
617 1273 35 26 lag
668 1273 39 21 och
722 1273 153 26 författningar
890 1273 53 26 ålig-

192 1309 70 26 gande
277 1308 112 27 utskylder
403 1308 40 21 och
458 1308 78 21 besvär
550 1307 40 21 bör
603 1307 101 21 afräknas
715 1309 56 19 samt
781 1307 100 21 afseende
889 1307 56 26 jem-

192 1343 34 21 väl
242 1343 68 21 fästas
326 1342 12 21 å
353 1342 55 21 hvad
423 1342 59 21 bolet
497 1342 72 21 kunde
584 1341 100 27 inbringa
699 1342 7 20 i
722 1342 96 21 arrende.

544 1411 12 28 8
572 1411 19 21 5.

264 1452 33 21 De
315 1452 76 26 bidrag
409 1452 34 20 till
459 1451 174 27 presterskapets
652 1450 99 28 aflöning,
768 1457 46 15 som
829 1451 47 21 icke
891 1451 53 27 utgä

192 1486 49 22 frän
259 1486 179 26 församlingarna
456 1488 52 19 utan
527 1486 83 26 grunda
630 1486 32 26 sig
681 1486 28 26 pä
724 1486 132 26 statsanslag
871 1486 7 20 i
893 1486 53 20 kon-
