1025 1711
210 147 14 21 6
418 146 24 21 U.
457 146 23 21 B.
495 158 28 3 —
538 145 62 29 Prop.
616 145 36 22 N:o
667 144 33 23 20.

182 210 149 21 förhällanden
353 209 42 22 kan
417 216 52 15 vara
491 209 7 21 i
515 209 139 22 kommunens
673 210 50 25 eget
741 209 90 20 intresse
850 209 32 20 att
900 207 35 21 til-

182 245 65 26 lägga
262 244 81 27 jemväl
361 244 67 21 andra
443 243 77 28 fattiga
534 243 123 26 understöd,
673 245 26 19 är
713 243 37 21 det
765 243 22 27 ($
802 242 22 27 3)
840 242 96 21 kommu-

182 285 68 15 nerna
268 280 64 26 öppet
350 278 95 21 lemnadt
463 279 38 25 att,
520 277 55 22 efter
593 277 159 27 godtfinnande,
768 277 119 21 bestämma
902 283 35 14 om

182 313 41 21 och
241 312 55 22 efter
313 312 73 22 hvilka
401 313 93 26 grunder
508 312 181 27 fattigunderstöd
703 311 35 21 mä
753 311 22 21 ät
790 311 48 21 dem
848 311 88 21 lemnas.

182 347 32 21 Pä
236 347 36 21 det
290 348 32 20 att
340 347 145 21 understöden
503 346 47 22 äter
567 347 8 21 i
594 346 54 22 intet
665 346 40 21 fall
723 346 74 21 vidare
812 345 35 21 mä
866 345 72 21 kunna

183 382 110 21 betraktas
316 382 71 20 säsom
405 382 71 26 nägot,
495 381 81 27 hvarpä
594 381 26 21 de
639 380 76 28 fattige
733 380 23 22 fä
774 382 53 25 göra
845 379 93 27 anspräk

183 416 71 22 såsom
268 416 28 27 pä
311 422 27 15 en
353 416 48 21 dem
416 414 280 28 tillkommande*rättigket,
712 416 25 20 är
752 415 37 21 det
805 414 132 28 uttryckliga

184 451 118 27 stadgande
318 450 22 28 ($
355 450 37 28 45)
408 450 122 27 föreslaget,
546 451 32 21 att
592 449 243 27 fattigvärdssamhälles
845 448 72 22 beslut
931 448 8 22 i

182 485 62 27 fråga
263 492 35 14 om
316 485 49 21 sökt
383 484 117 22 understöd
520 484 18 28 ej
558 484 56 27 finge
634 484 135 27 öfverklagas
787 484 8 20 i
813 485 65 20 annat
892 483 45 26 fall,

183 522 28 19 än
230 521 31 20 att
275 520 121 26 klaganden
411 520 79 20 tilltror
505 519 33 27 sig
553 519 71 21 kunna
639 519 46 21 visa
696 520 31 20 att
737 518 94 22 beslutet
841 518 19 27 ej
871 518 8 21 i
889 518 50 26 laga

183 554 91 27 ordning
297 554 130 21 tillkommit.
456 554 103 21 Deremot
574 554 70 21 skulle
660 553 111 21 Guvernör
785 553 36 21 väl
839 553 68 26 enligt
925 552 14 21 3

183 595 63 15 mom.
266 588 23 21 af
306 588 11 27 &
336 588 29 21 45
383 594 40 21 ega
441 589 32 20 att
487 588 93 21 tillhälla
595 587 230 27 fattigvärdssamhälle
841 589 33 20 att
889 587 49 21 full-

183 624 53 25 göra
250 623 47 21 sina
312 622 155 27 skyldigheter;
483 629 48 14 men
547 623 36 20 det
598 624 24 19 är
631 622 58 21 klart
702 623 32 20 att
748 622 97 26 nämnda,
857 621 82 22 Guver-

183 659 40 19 nör
240 657 130 20 tillerkända
388 657 124 27 myndighet
530 657 18 27 ej
566 656 95 22 sträcker
677 656 33 27 sig
725 656 75 26 längre
816 657 27 20 än
857 656 35 21 till
907 657 33 19 att

183 691 73 27 tvinga
270 691 129 21 kommunen
415 693 31 19 att
460 691 93 27 fullgöra
567 691 57 21 hvad
638 691 69 21 henne
723 691 7 20 i
746 691 36 26 lag
798 690 141 27 ovilkorligen

183 725 79 28 älagts;
282 725 40 22 och
340 727 32 19 att
391 732 26 15 en
435 726 67 21 sädan
519 725 136 28 tvängsmakt
674 725 68 22 mäste
760 725 75 26 finnas,
851 725 28 21 dä
893 725 46 27 lag-

183 760 100 21 stiftaren
298 766 26 15 en
339 760 57 27 gäng
411 760 82 21 ähvälft
507 760 127 22 kommunen
651 765 26 16 en
693 759 128 28 skyldighet,
832 761 25 20 är
866 761 73 20 natur-

183 795 45 27 ligt.
259 795 114 21 Saknaden
394 795 62 22 deraf
473 795 40 21 har
531 795 39 22 ock
588 795 56 21 varit
662 801 28 15 en
708 794 24 22 af
749 795 27 21 de
794 794 145 22 kännbaraste

182 829 80 22 brister
276 830 8 21 i
300 829 56 22 1852
366 829 34 22 ärs
411 829 131 28 förordning,
554 837 26 14 en
590 829 60 26 brist,
662 835 46 16 som
718 829 160 22 besvärsrätten
892 829 47 21 icke

182 864 89 20 förmått
289 864 87 25 ersätta,
397 866 50 19 enär
466 864 123 21 densamma
604 863 23 21 af
640 864 108 26 naturliga
763 863 46 22 skäl
824 863 48 22 icke
886 863 53 21 kun-

183 899 38 19 nat
239 898 77 21 anlitas
332 898 47 26 just
395 898 8 20 i
423 898 26 21 de
463 898 45 26 fall,
528 898 27 21 då
573 899 65 20 sättet
653 898 34 21 för
701 898 156 26 fattigvårdens
873 898 66 21 hand-

182 931 107 22 hafvande
308 933 55 20 mest
382 932 68 21 skulle
469 932 80 21 tarfvat
564 932 94 21 rättelse.
688 932 112 21 Utskottet
815 932 124 27 godkänner

183 966 57 27 förty
258 966 8 21 i
280 966 43 21 allo
339 966 147 26 omförmälda,
502 966 41 22 den
558 966 78 26 nådiga
650 966 160 27 propositionen
825 966 115 27 genomgå-

182 1000 55 22 ende
252 1001 148 26 grundsatser.

251 1109 139 22 Beträffande
409 1111 26 20 de
455 1110 132 27 stadganden
605 1110 8 21 i
632 1110 41 21 den
682 1110 80 27 nådiga
772 1110 167 27 propositionen,

182 1150 48 16 som
248 1144 46 22 afse
313 1145 32 19 att
362 1144 118 21 bestämma
498 1146 40 19 när
555 1144 132 21 nödställdes
705 1144 113 21 underhåll
836 1143 47 22 icke
903 1144 36 20 be-

182 1178 65 22 höfde
262 1178 113 21 ankomma
390 1178 13 21 å
417 1178 127 22 kommunen
560 1178 59 26 eller,
636 1184 34 15 om
685 1178 77 21 sådant
777 1178 54 21 dock
840 1178 99 26 lemnats,

183 1213 67 21 borde
268 1212 129 22 kommunen
415 1214 92 20 ersättas
526 1212 23 22 af
565 1214 98 19 närmare
682 1212 123 26 förpligtad,
824 1212 39 21 har
881 1212 58 21 inom

183 1247 105 20 utskottet
304 1246 109 20 anmärkts
432 1248 37 24 att,
484 1246 28 26 på
527 1252 81 15 samma
622 1246 70 26 grund
708 1252 45 14 som
769 1246 107 20 arbetsför
890 1252 50 14 man

184 1280 70 26 ålagts
271 1280 94 26 försörja
383 1280 33 20 sin
434 1280 83 25 hustru,
533 1280 69 20 denna
617 1279 64 21 äfven
695 1280 68 20 borde
777 1279 114 27 förpligtas
907 1280 33 20 att

181 1314 38 22 vid
240 1314 67 22 behof
327 1314 68 26 draga
416 1313 85 27 försorg
524 1319 34 16 om
580 1314 34 20 sin
635 1320 56 15 man.
724 1313 157 22 Erfarenheten
899 1319 40 21 ger

182 1343 123 22 emellertid
322 1342 37 22 vid
375 1342 91 27 handen,
486 1343 32 21 att
535 1342 96 26 hustrun,
651 1342 38 22 der
708 1348 91 16 mannen
817 1342 8 21 i
843 1342 55 27 följd
916 1342 24 21 af

181 1378 70 28 lättja,
270 1377 123 27 liderlighet
409 1377 53 22 eller
476 1383 70 15 annan
561 1377 64 22 orsak
639 1377 48 22 icke
701 1377 82 21 kunnat
798 1377 92 27 försörja
905 1377 33 27 sig

181 1413 43 21 och
242 1413 26 21 de
284 1412 53 27 sina,
352 1412 116 21 nödsakats
483 1413 53 26 göra
551 1412 37 21 det
601 1413 52 20 utan
667 1413 32 20 att
714 1412 63 27 lagen
788 1412 66 27 något
864 1412 74 21 derom

181 1447 98 28 stadgat;
302 1447 41 22 och
365 1453 45 16 som
432 1453 27 15 en
476 1447 116 27 uttrycklig
609 1447 135 26 bestämning
762 1447 8 20 i
789 1446 76 22 sådant
883 1446 56 29 syfte

252 1487 168 18 Ekonomiutskottets
431 1487 104 17 betänkande
548 1487 34 17 N:o
596 1487 16 17 8.
