1034 1703
388 132 53 21 N:o
458 132 45 21 11.
767 134 23 19 17

74 200 40 21 och
135 199 132 26 underhålla,
288 206 50 14 vare
358 200 65 21 likväl
441 200 78 26 pligtig
534 202 33 19 att
581 200 7 21 i
603 200 95 26 enlighet
712 201 48 20 med
775 201 45 26 gäl-

74 234 63 21 lande
160 233 207 27 expropriationslag
390 234 72 20 dertill
486 234 126 26 erforderlig
633 234 61 20 mark
709 234 57 21 afstå
781 235 40 20 och

75 268 82 26 åligger
176 268 36 20 det
229 267 27 21 då
271 268 43 20 alla
329 268 25 20 de
369 268 58 20 inom
443 268 134 26 skjutslaget,
594 274 45 14 som
655 268 7 20 i
677 268 143 26 skjutsnings-

74 301 100 20 besväret
189 300 91 27 deltaga,
296 302 33 19 att
343 301 7 20 i
366 301 111 21 enahanda
487 301 139 25 förhållande,
639 308 44 14 som
695 302 59 20 detta
765 302 55 25 sker,

74 334 71 21 lemna
167 334 76 26 bidrag
258 335 33 20 till
306 334 99 21 markens
420 335 83 20 inlösen
519 336 55 19 samt
589 334 160 27 gästgifveriets
769 335 52 26 byg-

72 367 71 27 gande
158 367 40 21 och
212 368 118 21 underhåll.

419 424 11 28 8
448 425 31 20 12.

145 464 43 21 Vill
204 466 64 25 ägare
283 464 52 21 eller
350 464 137 21 innehafvare
502 464 23 21 af
535 465 56 26 jord,
607 465 38 21 der
657 465 125 27 gästgifveri
790 466 31 20 in-

74 500 74 24 rättas,
165 499 18 26 ej
200 498 134 21 annorlunda
349 500 27 19 än
391 501 57 19 emot
464 499 119 26 ersättning
598 499 48 21 sina
660 499 41 21 hus
716 499 33 21 till
765 501 56 25 gäst-

74 532 76 26 gifveri
165 533 95 26 uppläta,
276 533 40 19 bör
332 532 128 26 skjutslaget
476 533 101 25 antingen
591 533 49 21 med
655 533 78 21 honom
747 533 75 21 härom

74 566 185 21 öfverenskomma
274 566 52 21 eller
342 566 39 21 ock
396 572 91 16 ansvara
502 566 34 21 för
543 566 80 27 nödiga
630 566 192 28 gästgifveribygg-

73 600 79 22 naders
167 600 134 27 uppförande
315 600 40 20 och
370 600 167 21 underhållande
553 600 28 27 pä
595 602 44 20 sätt
649 600 27 28 i$
686 602 24 20 11
720 601 63 26 sagdt
791 603 30 19 är.

418 663 11 26 8
447 664 31 19 13.

146 703 53 25 Den,
216 702 12 21 å
242 702 64 21 hvars
321 701 60 22 mark
396 702 127 26 gästgifveri
535 697 25 35 är
570 702 100 26 förlagdt,
679 702 62 26 skall,
750 702 73 22 derest

74 737 42 21 han
131 737 34 21 för
180 736 148 27 gästgifveriet
343 737 79 26 nödiga
436 737 124 26 byggnader
575 738 52 19 utan
643 737 119 26 ersättning
769 743 54 20 upp-

75 772 55 26 lätit,
146 771 68 21 ehvad
229 770 279 27 gästgifvarebefattningen
526 771 23 21 af
563 771 78 20 honom
657 771 50 26 sjelf
719 771 104 21 handhaf-

75 812 37 15 ves
135 805 52 22 eller
208 805 71 20 blifvit
301 805 23 21 ät
345 811 70 15 annan
431 805 150 26 öfverlemnad,
597 805 84 26 ätnjuta
695 805 66 22 frihet
775 805 48 22 frän

75 840 147 27 ingvartering
244 839 40 22 och
305 840 138 26 kronoskjuts
466 839 109 22 äfvensom
597 839 48 21 frän
663 839 102 27 rotering,
785 840 38 21 der

74 875 70 21 denna
166 873 83 22 förmän
267 873 149 27 gästgifveriet
434 873 58 20 förut
507 873 76 26 tillagd
598 875 32 24 är;
646 873 113 22 hvarutom
774 874 49 26 han,

74 909 63 21 äfven
159 915 35 14 om
216 907 194 27 hällskjutsningen
428 907 131 21 handhafves
575 907 23 20 af
611 908 145 25 entreprenör,
773 910 50 24 äger

75 943 33 26 sig
123 942 144 26 tillgodogöra
275 941 128 27 spillningen
412 940 54 21 efter
474 942 179 26 entreprenörens
661 941 80 26 hästar,
751 942 72 20 derom

76 976 159 21 vederbörande
255 975 79 27 jemväl
356 975 53 20 böra
431 975 35 21 vid
488 975 161 27 skjutsningens
664 975 132 27 utbjudande
811 975 14 21 å

75 1010 90 21 auktion
180 1010 144 21 underrättas.

147 1043 81 27 Nödigt
250 1043 86 22 bränsle
358 1043 33 20 tili
414 1043 85 27 eldning
522 1043 39 21 och
583 1042 140 27 matkokning
744 1043 41 21 bör
803 1042 24 21 af

74 1077 146 28 gästgifvaren
236 1078 26 21 de
278 1077 125 27 skjutsande
419 1077 152 21 kostnadsfritt
586 1077 180 20 tillhandahållas.

417 1139 11 28 8
453 1141 32 20 14.

148 1180 33 21 De
203 1180 130 25 gärdsägare
352 1179 38 20 och
413 1179 68 26 öfrige
504 1178 169 27 stadsinvänare,
697 1179 74 20 hvilka
790 1179 36 20 det

73 1213 87 27 jemlikt
176 1215 10 20 7
204 1214 10 26 $
230 1214 7 20 i
253 1213 79 26 nädiga
353 1212 152 27 förordningen
528 1212 109 27 angäende
660 1213 166 20 kommunalför-

76 1247 97 27 valtning
188 1247 8 21 i
210 1247 49 21 stad
275 1247 23 20 af
311 1247 41 20 den
367 1247 12 20 8
395 1247 117 20 December
533 1247 53 20 1873
602 1246 82 26 äligger
699 1248 33 19 att
747 1247 80 26 skjuts-

76 1282 52 25 ning
143 1281 41 21 och
198 1280 126 27 gästgifveri
339 1280 7 20 i
362 1281 49 20 stad
425 1280 132 25 underhälla,
575 1279 61 21 skola
648 1280 66 26 jemte
731 1281 26 20 de
768 1281 59 20 inne-

76 1315 88 20 hafvare
186 1315 24 20 af
230 1313 146 26 stadsgärdar,
400 1320 45 15 som
458 1314 85 25 jemlikt
559 1315 11 20 7
587 1313 39 22 och
643 1315 25 20 10
683 1314 121 26 punkterna
820 1315 7 20 i

76 1348 176 26 Presterskapets
274 1347 124 26 privilegier
421 1347 22 20 af
464 1347 41 20 den
528 1347 25 20 16
568 1346 96 21 Oktober
680 1348 54 19 1723
750 1347 77 21 hittills

77 1382 56 21 varit
154 1381 49 21 frän
225 1380 122 28 skjutsning
370 1380 102 26 befriade,
496 1380 35 20 för
545 1379 144 21 kostnaderne
705 1380 72 20 derför
791 1386 37 15 an-

77 1412 69 36 svara.
720 1433 2 3 .

136 1450 129 21 Nuvarande
287 1449 137 22 innehafvare
447 1448 23 21 af
490 1448 26 21 de
535 1448 7 21 i
561 1448 122 26 åberopade
705 1448 124 27 privilegier

750 1489 11 16 2
