1017 1698
347 125 52 22 N:o
416 124 48 22 16.
735 126 12 19 5

233 196 31 17 att
282 192 132 28 föreskriften
434 199 32 14 om
484 192 164 28 tolagsafgiftens
664 193 111 27 utgörunde

164 226 32 21 till
215 226 43 20 lika
269 230 86 23 procent
369 226 26 27 af
408 226 62 20 tullen
486 224 12 22 å
514 225 50 21 bäde
579 226 144 20 inkommande
739 226 37 21 och

162 258 99 29 utgående
279 266 63 14 varor
355 260 77 26 jemväl
444 259 108 27 förblifver
567 260 138 27 oförändrad;
723 263 53 17 samt

229 297 31 17 att
277 294 151 26 bestämningen
444 300 31 13 om
491 294 61 26 sagde
567 293 73 28 afgifts
655 294 121 27 erläggande

162 328 29 27 af
202 328 49 25 alla,
269 335 42 13 som
327 327 77 21 komme
420 332 30 16 att
464 329 8 19 i
488 328 106 20 städernas
610 328 89 20 hamnar
708 328 67 20 utkla-

160 370 47 13 rera
226 362 49 22 eller
293 362 106 21 inklarera
418 370 69 18 varor,
506 362 33 21 till
556 362 131 22 undvikande
701 362 26 28 af
740 360 34 23 så-

161 397 51 20 dant
229 394 147 29 missförstånd
394 400 31 17 att
440 397 117 20 densumma
571 396 43 22 icke
627 396 52 28 finge
693 396 81 29 upphä-

160 438 37 13 ras
213 430 36 28 för
267 437 68 20 varor,
356 438 42 13 som
412 430 109 22 inkommit
536 431 48 21 eller
598 431 75 27 utförts
689 431 85 21 landvä-

160 473 46 19 gen,
223 464 90 22 erhåller
329 465 74 27 lydelse
417 465 9 20 i
440 466 54 27 syfte
509 470 31 16 att
554 466 89 28 afgitten
657 466 80 27 utgöres
752 465 26 27 af

161 499 50 26 alla,
228 506 49 20 som,
293 499 83 28 sjöledes
390 499 50 21 eller
455 500 119 28 landvägen,
589 498 52 30 från
655 504 54 16 orter
719 503 56 17 utom

161 533 70 21 landet
253 533 33 21 till
307 534 96 20 städerna
426 533 71 28 införa
519 534 47 21 eller
588 532 95 29 derifrån
704 533 70 27 utföra

162 567 125 28 tullpligtiga
301 574 69 14 varor.

305 630 76 27 Enligt
412 630 61 21 Hans
506 630 121 28 Kejserliga
660 630 114 27 Majestäts

228 664 80 26 nådiga
337 664 124 27 befallning,
492 665 70 26 gifven
584 665 8 21 i
614 665 89 21 Livadia
733 665 42 21 den

227 698 18 13 24
258 697 74 15 Oktober

224 701 15 43 5
228 717 115 18 November
356 705 59 21 1010:

124 779 61 21 EM.
201 779 472 23 STJERNWALL-WALLEEN.

366 875 54 18 Ch.
437 876 67 17 Em.
521 876 35 17 af
566 875 183 18 Frosterus.
