1028 1698
299 146 31 20 U.
346 146 35 20 B:
395 158 26 2 —
437 147 85 24 Prop.
538 148 49 20 N:o
603 148 28 20 3.
791 149 12 19 5

92 213 91 27 misstag,
204 212 72 21 hvilka
291 212 8 21 i
314 220 26 13 en
360 213 33 27 lag
408 213 7 21 i
430 216 70 18 ämnet
518 222 29 13 nu
561 214 140 28 tilläfventyrs
716 215 71 21 kunna
802 215 29 21 in-

91 254 73 20 smyga
186 246 36 28 sig,
243 246 72 21 kunna
330 246 8 20 i
353 254 25 12 en
398 246 85 22 framtid
502 246 103 29 afhjelpas
620 248 27 28 på
662 248 107 21 enahanda
784 250 45 24 sätt,

91 287 44 13 som
154 279 29 21 fel
203 280 37 20 och
259 279 75 21 brister
351 279 27 28 på
392 280 64 21 andra
471 280 237 28 lagstiftningsområden
724 282 105 27 aflägsnas,

91 312 72 22 dervid
183 312 35 22 det
236 313 42 20 kan
298 320 50 14 vara
365 313 33 21 till
411 320 54 21 gagn
481 316 29 19 att
524 314 63 21 hafva
603 322 25 13 en
644 314 118 22 erfarenhet
776 314 54 22 ifrån

91 349 46 25 eget
156 346 49 21 land
224 348 30 20 att
272 346 56 22 hålla
342 346 31 28 sig
388 347 37 21 till.
456 348 43 21 För
514 347 62 29 öfrigt
590 348 38 20 har
643 347 18 29 ej
677 348 66 22 heller
758 348 23 21 af
793 348 37 22 Ut-

90 381 78 21 skottet
187 380 80 22 kunnat
286 380 79 22 lemnas
383 381 116 27 obeaktadt,
515 384 31 19 att
560 382 8 20 i
583 382 87 28 Sverige
685 382 68 22 redan:
763 383 66 21 finnas

89 415 58 28 lagar
165 422 34 14 om
218 415 68 28 skydd
305 414 57 22 säväl
376 415 32 21 för
423 416 126 22 dramatiska
563 416 85 22 arbeten
663 424 44 14 som
722 416 62 22 ocksä
798 416 32 22 för

89 450 63 21 alster
171 448 23 22 af
211 457 68 13 annan
298 450 67 26 konst,
385 449 106 22 äfvensom
506 453 31 19 att
552 452 29 20 ett
595 450 77 29 förslag
686 450 33 22 till
736 451 45 28 «lag
795 459 34 14 an-

89 483 79 29 gående
184 484 120 28 eganderätt
319 484 32 20 till
366 484 73 22 skrift>
456 493 29 12 nu
501 484 62 22 äfven
577 489 23 17 är
609 484 102 29 förelagdt
721 485 40 21 den
771 493 58 14 sven-

89 518 38 21 ska
148 518 121 28 Riksdagen
292 518 38 20 och
350 520 30 20 att
399 518 35 22 det
449 519 66 28 skydd
530 521 44 19 mot
589 519 113 28 eftertryck
716 520 39 20 och
770 519 58 22 efter-

88 552 95 28 bildning
203 552 22 20 af
237 552 8 21 i
260 552 91 21 Finland
370 552 110 22 tillkomna
498 554 90 25 arbeten,
605 560 43 14 som
662 561 76 20 genom
753 554 75 21 svensk

88 586 34 27 lag
136 586 42 20 kan
193 586 8 20 i
216 586 87 27 Sverige
318 586 80 25 vinnas,
414 586 46 21 icke
475 587 58 21 torde
549 587 31 21 stä
595 588 30 20 att
640 587 88 21 erhällas
741 589 51 19 utan
802 595 26 13 en

87 619 79 28 jemväl
180 619 27 28 pä
221 619 33 28 lag
268 619 94 28 grundad
378 619 129 29 reciprocitet
521 620 47 21 frän
582 620 54 21 finsk
651 620 50 21 sida.

156 653 12 21 I
183 653 116 22 motiverna
313 653 33 22 till
361 653 35 22 det
410 654 160 28 komiteförslag,
587 662 43 13 som
644 654 66 28 ligger
719 653 33 22 till
762 655 66 27 grund

87 687 32 21 för
139 687 39 21 den
194 687 75 28 nädiga
283 687 155 28 propositionen
461 693 23 16 är
499 688 123 25 framhället,
639 688 100 21 hurusom
754 688 73 29 sjelfva

88 721 41 21 don
144 723 46 23 rätt,
206 729 34 13 om
255 721 87 22 hvilken
358 721 34 22 det
407 722 31 21 uti
453 721 132 29 lagförslaget
599 727 23 16 är
636 721 62 29 fräga,
715 722 72 28 skiljer
797 722 31 28 sig

87 755 55 21 ifrån
157 755 147 28 eganderätten
318 755 34 21 till
364 756 118 28 kroppsliga
492 756 45 28 ting
547 756 124 28 derigenom,
683 758 30 19 att
724 757 39 20 den
773 756 55 21 förra

87 789 75 21 hänför
177 789 31 28 sig
222 789 46 21 icke
284 789 22 22 sä
320 789 86 28 mycket
419 790 33 21 till
467 798 26 13 en
508 790 95 21 materiel
617 790 91 28 produkt
722 790 24 21 af
754 798 25 13 en
789 789 39 22 för-

87 823 85 22 fattares
191 823 50 21 eller
255 823 109 22 konstnärs
380 824 75 26 arbete,
471 832 44 13 som
530 824 47 21 icke
592 823 85 22 fastmer
692 823 38 22 och
744 823 84 22 företrä-

88 858 69 21 desvis
178 858 33 20 till
230 859 30 19 ett
279 858 63 20 alster
360 857 24 21 af
395 858 52 21 hans
461 858 71 21 tanke-
547 858 51 21 eller
612 858 214 25 fantasiverksamhet,

88 891 22 21 sä
125 893 30 19 att
170 892 52 20 hans
236 893 42 19 rätt
292 891 33 21 till
340 891 56 21 detta
411 891 62 21 alster
488 896 22 16 är
525 893 30 20 att
565 891 96 28 skyddas,
673 891 62 22 äfven
745 899 33 13 om
789 891 38 21 för-

87 925 100 21 fattarens
203 925 131 27 manuskript
349 932 48 14 vore
410 924 98 23 förstördt
518 926 51 20 eller
579 926 40 20 alla
629 925 107 28 exemplar
746 925 22 21 af
776 926 51 20 hans

87 958 83 28 tryckta
187 958 51 22 verk
253 958 107 28 föryttrats
375 958 33 22 till
423 959 69 25 andra,
509 959 50 21 eller
574 959 35 21 det
623 959 100 25 material,
740 959 87 21 hvarvid

87 993 42 20 han
144 992 62 22 fästat
220 992 33 22 sin
268 992 48 26 bild,
333 992 18 28 ej
363 1000 56 13 mera
429 992 75 22 funnes
514 993 33 21 till
557 993 51 21 eller
617 992 148 29 undandragits
775 993 51 21 hans

87 1026 125 29 förfogande.
234 1022 69 26 Äfven
313 1026 9 21 i
332 1026 96 22 afseende
443 1026 12 22 &
469 1026 123 29 utöfningen
607 1026 23 22 af
642 1026 131 22 författarens
788 1028 38 21 och

87 1062 137 20 konstnärens
244 1062 41 20 rätt
304 1060 32 22 till
351 1060 36 22 sitt
402 1061 61 21 alster
479 1065 22 17 är
516 1061 40 21 den
571 1060 112 22 åtskillnad
698 1060 54 22 ifrån
767 1068 59 21 egan-

87 1096 94 20 derätten
203 1094 129 26 framhällen,
356 1096 31 20 att
408 1094 121 22 författaren
551 1095 38 21 och
609 1095 126 21 konstnären
755 1095 71 21 utöfva

87 1130 68 20 denna
170 1129 32 21 sin
217 1131 41 19 rätt
272 1128 44 29 just
330 1136 75 21 genom
420 1130 30 20 att
464 1128 53 22 afstä
531 1128 55 22 ifrän
601 1128 35 22 det
645 1129 132 21 uteslutande
787 1128 39 22 för-

85 1163 97 21 hällande
202 1163 32 21 till
253 1162 109 22 föremälet
379 1162 32 22 för
425 1163 32 21 sin
472 1165 47 24 rätt,
535 1170 44 14 som
596 1164 58 26 utgör
669 1170 26 13 en
710 1162 116 28 väsendtlig

86 1197 130 28 bestämning
230 1197 8 21 i
254 1197 157 28 eganderättens
428 1198 95 28 begrepp.
554 1197 51 21 Han
618 1200 37 24 gör
670 1196 105 28 nemligen
790 1196 36 22 sitt

86 1231 51 21 verk
151 1231 130 28 tillgängligt,
292 1230 93 28 njutbart
395 1231 37 21 och
443 1230 77 29 nyttigt
530 1230 32 22 för
572 1231 51 20 hvar
633 1238 54 18 man,
699 1230 74 21 medan
784 1230 41 21 han

86 1265 73 21 endast
178 1264 124 22 förbehäller
322 1264 31 29 sig
368 1266 30 20 att
413 1272 71 14 ensam
498 1264 21 22 fä
533 1265 115 21 bestämma
663 1266 67 24 sättet,
747 1264 78 28 hvarpä

86 1299 83 21 verkets
189 1298 136 22 meddelande
344 1298 22 22 ät
380 1299 140 21 allmänheten
536 1298 52 22 skall
603 1298 43 26 ske,
662 1301 54 19 samt
730 1298 95 21 vilkoren

86 1331 69 22 derför
169 1332 8 20 i
192 1331 95 22 ändamål
306 1333 31 20 att
356 1332 129 27 tillvarataga
500 1332 12 21 &
527 1339 39 14 ena
585 1332 58 21 sidan
659 1332 35 20 sitt
709 1331 116 28 personliga

85 1366 63 21 värde
164 1366 38 20 och
216 1365 13 22 &
244 1365 40 21 den
299 1365 64 21 andra
378 1365 25 22 de
418 1367 55 26 yttre
488 1365 109 26 förmäner,
614 1373 44 13 som
672 1369 35 17 äro
722 1365 102 21 beroende

85 1399 23 22 af
125 1400 83 21 verkets
228 1399 180 29 mängfaldigande
423 1400 38 21 och
477 1399 73 22 andras
565 1399 79 22 önskan
659 1401 31 19 att
704 1398 75 22 bereda
793 1398 32 29 sig

85 1435 41 21 den
145 1436 60 27 nytta
225 1434 50 21 eller
290 1433 102 29 njutning,
409 1441 43 14 som
468 1433 59 22 deraf
539 1433 32 22 stä
585 1435 30 20 att
630 1433 79 22 vinnas.
739 1433 85 22 Jemväl

85 1469 49 22 med
153 1468 83 29 hänsigt
254 1468 33 22 till
306 1468 58 22 tiden
382 1468 32 21 för
429 1468 135 29 rättighetens
579 1467 95 26 fortvaro,
690 1467 88 23 hvilken
792 1467 32 22 för

154 1509 136 22 Lagutskottets
302 1508 111 19 betänkande
424 1514 31 13 n:o
467 1509 15 18 8.
