1036 1709
224 130 40 37 54;
418 138 29 22 U.
461 138 29 23 B.
504 150 26 3 —
544 139 72 27 Prop.
632 139 48 24 N:o
691 141 40 23 11.

200 198 61 22 bordt.
275 200 24 20 af
311 200 99 23 utskottet
425 201 95 27 beaktas,
537 201 28 21 då
580 202 42 22 den
638 204 24 19 är
676 203 50 22 med
742 204 87 20 rättvisa
843 204 40 21 och
900 204 38 21 bil-

200 232 65 28 lighet
280 234 241 25 öfverensstämmande.

266 280 26 21 Vi
308 279 55 29 våga
377 282 56 26 förty
448 282 121 27 ödmjukast
584 282 89 23 föreslå:

335 331 30 18 att
379 327 121 23 Ständerna
515 327 47 23 ville
577 328 9 22 i
599 329 18 26 $
634 328 31 22 13
676 331 115 22 bestämma
798 329 140 30 skjutslegan,

300 361 10 22 i
330 361 211 29 öfverensstämmelse
564 363 48 22 med
636 363 70 23 1867
729 363 36 23 års
787 364 155 23 ständerbeslut

301 396 33 22 till
354 396 39 23 20
412 397 70 29 penni
499 397 35 29 för
552 401 81 19 versten
647 397 52 30 från
714 398 50 23 stad
779 398 39 23 och
833 399 33 22 15
876 399 69 30 penni

300 431 38 28 för
351 435 81 18 versten
443 431 32 30 pä
489 431 79 29 landet,
585 437 53 18 utan
654 433 102 28 afseende
769 433 31 30 pä
817 441 34 14 om
865 433 79 30 skjuts-

301 465 80 29 ningen
403 466 153 29 upprätthälles
574 474 76 22 genom
666 467 141 30 entreprenad
822 467 50 23 eller
886 467 58 29 icke;

303 500 116 29 ersättning
434 501 37 28 för
486 501 148 29 begagnandet
646 502 28 26 af
683 501 134 30 skjutsandes
826 501 71 23 äkdon
906 502 38 23 och

302 534 129 31 körredskap
447 536 9 21 i
470 535 71 30 hvarje
556 536 43 29 fall
612 536 9 21 i
634 536 132 31 skjutslegan
781 536 131 30 inbegripen.

269 588 116 21 Utskottets
408 589 79 26 förslag
506 589 30 20 uti
557 591 5 23 8
579 590 13 20 3
606 590 40 19 har
660 590 49 20 icke
724 590 68 21 heller
807 590 24 20 af
843 596 33 15 oss
891 590 55 21 kun-

201 624 37 19 nat
260 622 101 21 biträdas.
392 621 35 22 Då
445 623 158 22 kommunerna
622 623 68 22 deruti
706 624 139 21 tillerkännas
861 625 41 20 rätt
917 625 30 20 att

201 656 59 21 bilda
282 656 103 28 skjutslag
407 657 24 20 af
446 659 67 19 större
533 657 86 22 område
634 660 28 18 än
679 658 95 26 häradet,
792 657 25 22 sä
831 665 65 20 synes
912 658 36 21 det

202 697 52 15 vara
268 691 44 21 lika
326 691 74 28 vigtigt
415 693 29 19 att
459 691 27 22 de
501 691 65 22 också
580 691 22 22 få
616 694 41 19 rätt
670 694 29 19 att
710 692 59 21 bilda
776 693 85 20 mindre
869 693 78 27 skjuts-

201 725 36 28 lag
259 728 27 19 än
306 725 90 22 häradet
411 726 38 21 der
464 726 28 21 de
507 725 23 22 s&
545 727 78 26 önska;
642 727 39 21 och
696 727 61 21 torde
773 727 173 27 tingslagsindel-

202 761 80 26 ningen
299 760 6 21 i
320 760 59 21 detta
393 761 102 20 afseende
510 767 52 15 vara
577 761 42 21 den
634 761 135 28 lämpligaste
783 760 29 22 dä
826 760 122 29 hällskjuts-

203 795 80 26 ningen
306 795 49 20 ien
378 796 43 19 stor
439 795 35 21 del
494 796 24 19 af
528 795 47 21 värt
589 795 51 21 land
655 802 30 14 nu
699 798 25 18 är
739 795 82 22 ordnad
836 795 112 28 tingslags-

203 829 32 20 vis
256 829 40 21 och
318 829 55 20 1734
393 828 34 21 års
445 829 36 27 lag
499 830 62 20 äfven
577 829 86 27 stadgar
678 829 66 21 sådan
761 830 186 27 skjutsindelning.

204 863 35 22 Då
251 863 91 22 häradet
357 866 24 18 är
395 866 140 19 sammansatt
550 865 23 20 af
586 871 26 14 en
628 866 43 19 stor
684 864 80 28 mängd
775 865 43 20 ofta
829 863 48 22 från
885 865 64 20 hvar-

204 898 68 21 andra
291 898 90 27 aflägset
395 899 93 27 belägna
504 899 128 21 kommuner
647 899 39 21 och
702 905 50 14 man
769 899 42 20 kan
827 900 79 20 förutse
922 901 30 19 att

206 933 212 27 entreprenadskjuts
441 934 79 21 införes
543 934 7 20 i
570 940 26 14 en
613 933 35 21 del
664 934 23 20 af
699 933 28 21 de
742 933 30 21 till
787 935 29 19 ett
831 933 68 21 härad
914 934 36 21 hö-

205 967 68 21 rande
288 967 136 26 kommuner,
441 968 6 19 i
463 967 67 21 andra
545 968 55 26 icke,
618 966 24 22 sä
657 967 75 21 blifver
747 966 204 29 hällskjutsningens

205 1000 187 28 upprätthällande
407 1002 111 21 häradsvis
529 1001 29 28 p&
571 1000 80 28 mänga
663 1003 56 19 orter
731 1001 84 27 ganska
823 1000 56 22 svär.
900 1002 53 21 Skäl

205 1035 57 22 hade
281 1035 92 27 derföre,
394 1036 66 27 enligt
476 1035 39 22 vär
530 1036 72 27 tanke,
618 1036 126 21 förefunnits
759 1037 30 19 att
803 1035 79 22 beakta
896 1036 57 21 1867

205 1069 35 22 års
261 1070 158 21 ständerbeslut
438 1069 66 22 också
518 1071 8 20 i
540 1071 73 20 denna
628 1070 70 25 delen,
716 1071 29 20 att
760 1069 192 28 hällskjutsningen

206 1104 76 21 kunde
300 1105 78 21 ordnas
393 1104 91 21 sålunda
499 1107 29 18 att
543 1106 63 19 äfven
622 1106 30 19 ett
666 1105 86 20 mindre
767 1103 90 22 område
872 1107 27 18 än
915 1105 38 20 hä-

206 1138 61 21 radet
282 1139 74 20 kunde
370 1140 76 26 utgöra
459 1141 29 19 ett
497 1139 111 27 skjutslag,
623 1139 39 20 der
670 1138 164 22 vederbörande
844 1138 24 21 sä
875 1139 76 21 önska.

275 1184 47 22 Och
337 1183 22 22 få
374 1185 20 20 vi
409 1185 129 21 härutinnan
553 1185 57 26 förty
625 1185 123 27 ödmjukast
762 1183 90 22 föreslå:

344 1233 31 18 att
388 1229 123 26 Ständerna
525 1230 49 21 ville
588 1229 61 30 gifva
667 1230 11 21 1
693 1237 62 14 mom.
772 1229 10 21 i
795 1229 18 26 $
825 1229 18 22 3
852 1229 100 29 följande

310 1264 47 21 med
374 1263 69 22 1867
458 1263 35 22 års
509 1263 154 22 ständerbeslut
678 1263 230 28 öfverensstämmande
920 1263 34 28 ly-

312 1297 70 24 delse:
398 1296 133 31 Skjutslaget
542 1297 32 30 pä
588 1297 73 22 landet
675 1299 84 28 utgöres
776 1296 28 29 af
815 1296 98 27 häradet,
930 1296 25 23 sä

308 1331 68 30 framt
391 1331 19 30 ej
424 1331 154 24 kommunerna
592 1331 67 23 önska
676 1335 29 18 att
717 1330 125 31 skjutslaget
852 1331 103 22 inskrän-

313 1367 35 22 kes
363 1367 51 21 eller
427 1366 115 23 utsträckes
558 1366 32 23 till
605 1370 68 19 annat
688 1365 87 24 område
791 1366 38 23 och
845 1366 111 23 Guvernö-

312 1409 37 14 ren
364 1401 70 31 finner
448 1401 80 30 skäligt
542 1401 73 22 dertill
629 1401 85 29 bifalla.

279 1442 57 23 And.
352 1442 115 29 Svedberg.
715 1442 56 24 Karl
786 1442 100 22 Hannus.

260 1494 15 23 S
287 1495 124 17 ammansatta
424 1493 50 24 Lag-
486 1494 31 18 och
530 1493 182 21 Ekonomiutskottets
724 1494 113 17 betänkande
849 1493 37 18 N:o
898 1493 18 19 4.
