1025 1709
311 134 25 22 U.
352 134 23 22 B.
390 147 29 3 —
433 134 64 30 Prop.
511 134 37 24 N:o
563 134 33 24 20.
786 136 13 21 5

75 196 82 22 sådant.
187 197 33 21 En
236 197 139 27 obligatorisk
390 198 115 28 fattigvård
520 199 68 21 måste
603 199 84 21 således
702 199 126 27 bibehållas,

74 230 92 22 änskönt
181 231 23 21 af
218 232 123 21 densamma
356 232 68 27 aldrig
439 233 43 21 kan
497 233 53 21 eller
564 233 33 21 får
611 233 92 27 begäras
717 234 112 26 välgören-

73 265 37 21 het
124 265 8 20 i
147 271 82 16 samma
244 266 90 27 mening,
351 273 46 15 som
412 267 23 21 af
449 268 40 20 den
505 267 103 21 enskilda.
638 268 42 21 Det
695 268 69 26 gäller
774 268 56 21 blott

73 301 33 20 att
120 299 79 22 inrätta
214 300 69 21 denna
298 300 116 27 fattigvård
429 301 30 26 så,
475 303 32 20 att
522 302 40 21 den
578 301 18 27 ej
613 307 38 21 ger
666 301 115 27 anledning
794 302 35 21 till

74 333 36 22 det
132 334 58 27 slags
212 334 207 28 missförhållanden,
444 342 45 16 som
508 335 63 22 ofvan
588 336 111 27 påpekats.
729 336 46 21 Och
794 343 35 14 om

74 369 36 21 det
128 368 65 21 också
210 369 8 20 i
234 369 53 22 sista
301 369 58 22 hand
373 370 62 21 alltid
449 370 97 21 kommer
560 372 32 19 att
607 370 51 21 bero
674 370 23 22 af
711 371 54 26 dem,
782 377 46 15 som

72 403 123 22 handhafva
210 403 149 28 fattigvården,
375 405 8 20 i
397 404 57 22 hvad
469 405 49 21 mån
533 405 41 21 den
588 405 42 21 kan
645 405 66 21 verka
725 405 52 27 godt
788 405 39 22 och

72 437 108 22 missbruk
195 437 150 28 förekommas,
361 439 74 21 tillhör
450 439 36 22 det
501 439 134 27 lagstiftaren
650 441 32 20 att
697 445 23 16 se
735 440 40 26 till,
791 440 37 22 det

72 471 43 22 han
130 472 20 27 ej
166 472 52 27 sjelf
234 472 126 22 framkallar
379 473 54 27 dem,
451 475 52 20 utan
522 475 31 20 att
571 474 42 21 han
632 475 92 20 tvärtom
739 474 90 21 bereder

73 506 27 22 de
115 506 134 22 förvaltande
265 513 120 21 organerna
399 508 111 27 möjlighet
525 510 31 20 att
570 509 28 26 på
613 508 215 27 ändamålsenligaste

73 542 43 20 sätt
132 541 46 22 lösa
193 541 33 22 sin
241 541 63 22 svåra
318 542 91 27 uppgift.

141 576 44 21 Det
200 578 24 19 är
239 576 77 22 sådant
331 577 41 22 den
387 577 78 28 nådiga
475 578 165 27 propositionen,
655 578 88 22 hvilken
753 578 34 21 för
797 578 32 21 öf-

72 611 44 27 rigt
136 611 48 21 icke
202 611 66 22 afsett
286 613 32 20 att
335 612 28 27 pä
381 613 32 20 ett
431 614 53 25 nytt,
503 612 48 21 från
566 613 36 21 det
616 619 29 14 nu
660 613 117 22 bestående
792 615 36 19 vä-

73 645 121 27 sendtligen
216 645 113 22 afvikande
349 648 42 19 sätt
407 647 66 21 ordna
493 647 40 21 den
551 647 107 22 allmänna
676 647 151 27 fattigvården,

72 680 77 21 främst
166 680 47 21 haft
230 680 34 21 till
284 681 135 26 ögonmärke,
439 681 39 21 och
497 688 46 15 som
563 681 93 22 dikterat
672 682 26 21 de
713 682 115 27 vigtigaste

72 714 116 22 afvikelser
202 714 48 21 från
265 715 187 27 bestämningarna
466 717 8 20 i
489 716 152 27 förordningen
656 716 23 21 af
693 716 24 21 år
733 716 62 21 1852.

140 749 11 21 I
169 749 68 21 likhet
255 749 49 22 med
322 750 93 21 nämnda
433 750 125 27 förordning
576 752 39 25 gör
630 751 41 20 den
686 750 79 27 nådiga
779 757 49 20 pro-

72 783 120 27 positionen
212 783 36 22 det
262 783 34 21 till
312 790 26 15 en
353 784 57 27 legal
425 784 54 27 pligt
494 785 34 20 för
544 785 112 21 samhället
671 786 32 20 att
718 785 22 21 åt
754 785 74 21 behöf-

72 817 68 22 vande
160 817 70 22 lemna
249 817 122 28 fattigvård.
402 818 31 21 På
452 825 81 15 samma
552 820 43 20 sätt
613 825 46 15 som
678 819 92 22 berörda
785 819 43 22 för-

73 852 90 27 ordning
182 852 122 28 uppdrager
321 852 160 28 propositionen
500 853 45 27 ock,
559 853 67 28 jemte
642 853 36 22 det
693 853 41 22 den
749 853 80 22 förkla-

72 893 36 16 rar
122 887 58 22 vissa
195 887 33 22 till
243 888 109 21 nödställd
367 889 53 20 nära
435 889 88 22 stående
537 895 103 21 personer
654 889 8 20 i
672 888 90 22 främsta
771 895 58 15 rum-

72 923 44 20 met
134 922 90 27 pligtige
243 923 31 21 att
293 923 67 26 draga
378 923 84 27 försorg
481 930 34 15 om
534 924 62 21 desse
616 923 53 22 eller
684 925 81 20 ersätta
780 924 48 21 dem

72 957 86 21 lemnad
177 956 122 27 fattigvård,
315 957 7 20 i
337 957 62 26 fråga
413 958 94 21 varande
522 957 156 27 angelägenhet
693 957 22 22 åt
733 957 96 22 kommu-

72 997 73 20 nerna,
164 991 72 21 såsom
253 991 94 22 varande
366 991 26 22 de
411 992 8 21 i
439 992 49 21 dess
503 992 79 27 riktiga
596 992 163 21 handhafvande
774 994 56 20 mest

72 1025 145 22 intresserade
232 1025 46 27 och,
294 1025 27 21 då
340 1026 26 21 de
381 1025 34 22 stå
434 1026 70 21 nöden
518 1027 100 25 närmast,
634 1026 49 21 bäst
697 1026 8 21 i
720 1026 63 21 stånd
797 1028 32 20 att

72 1059 180 27 ändamålsenligt
266 1060 68 21 ordna
349 1060 48 21 dess
413 1060 142 27 afhjelpande.
578 1060 50 21 Men
639 1061 33 20 till
683 1060 146 27 förbyggande

73 1093 23 22 af
114 1094 26 21 de
158 1093 108 21 missbruk
284 1093 40 21 och
338 1093 206 28 missförhållanden,
561 1101 45 14 som
621 1094 153 22 företrädesvis
789 1094 40 27 gif-

72 1128 31 21 vit
118 1127 114 28 anledning
246 1127 35 22 till
296 1128 165 27 anmärkningar
475 1130 45 19 mot
536 1129 36 20 det
585 1129 77 20 hittills
678 1128 68 27 följda
761 1130 68 26 syste-

72 1163 44 20 met
124 1163 24 20 är
159 1162 96 21 området
263 1162 33 21 för
304 1163 123 21 samhällets
437 1163 153 26 obligatoriska
597 1163 116 27 fattigvård
723 1163 107 27 betydligt

72 1197 118 26 inskränkt,
207 1197 39 20 och
262 1197 25 21 de
303 1197 46 26 fall,
369 1197 27 21 då
411 1197 48 21 dess
472 1197 122 27 skyldighet
605 1199 32 19 att
646 1197 99 22 meddela
756 1197 74 27 fattig-

72 1231 54 21 vård
140 1231 102 26 inträder,
260 1231 143 27 uttryckligen
418 1233 55 20 samt
487 1231 28 27 på
527 1231 76 22 sådant
613 1233 43 19 sätt
666 1231 119 26 bestämda,
797 1233 32 20 att

74 1265 123 27 ovilkorligt
208 1265 148 22 meddelande
374 1265 24 22 af
413 1265 58 28 hjelp
488 1266 19 26 ej
522 1265 43 22 kan
579 1266 85 21 komma
678 1266 9 20 i
701 1265 62 27 fråga
777 1266 50 21 med

74 1299 102 22 afseende
191 1299 13 21 å
218 1299 68 22 andra
301 1301 27 19 än
344 1300 54 26 dem,
415 1305 45 16 som
475 1299 84 22 befinna
574 1300 32 27 sig
616 1300 8 20 i
635 1300 37 21 det
681 1299 104 26 tillstånd,
797 1301 32 19 att

74 1334 26 20 de
115 1334 19 25 ej
144 1340 77 19 genom
232 1333 73 21 arbete
315 1333 69 21 förmå
394 1333 92 26 försörja
497 1335 31 25 sig
537 1335 39 20 och
587 1334 83 21 derföre
681 1336 52 18 utan
742 1333 86 21 bistånd

74 1367 69 21 skulle
158 1366 79 27 förgås.
266 1367 64 21 Hvad
345 1367 67 22 andra
426 1367 122 22 nödställda
563 1367 109 26 beträffar,
688 1367 38 21 vill
741 1367 40 21 den
791 1367 39 20 nå-

74 1401 50 27 diga
138 1401 160 27 propositionen
312 1401 48 21 icke
375 1401 77 27 ålägga
466 1401 128 22 kommunen
608 1402 32 21 att
654 1401 34 21 till
699 1401 48 22 dem
757 1401 71 21 lemna

74 1435 126 28 fattigvård;
215 1442 49 15 men
279 1442 46 15 som
340 1436 43 26 det,
398 1435 28 27 på
441 1437 43 20 sätt
498 1436 63 22 ofvan
572 1436 110 27 antyddes,
693 1436 68 21 under
771 1436 60 21 vissa

143 1476 169 17 Ekonomiutskottets
323 1476 104 17 betänkande
438 1476 35 17 N:o
487 1476 15 17 8.
