1039 1706
242 131 32 37 36
436 136 29 22 U.
484 132 29 37 B.
527 147 16 7 —
561 136 180 26 Prop.
657 132 38 37 No
709 132 35 37 1L

569 197 47 28 85

286 230 95 28 (Momm.
398 231 71 27 1—2.)
498 231 54 22 Lika
571 230 48 24 med
638 230 150 22 motsvarande
804 237 84 15 momm.
904 229 7 21 i
926 230 12 27 $
954 230 11 20 7

218 265 24 21 af
254 264 166 29 propositionen.

287 298 95 28 (Momm.
398 298 72 29 3—4.)
499 299 246 22 Kommunalstämmarns
764 298 114 29 protokoll,
894 298 74 21 hvilket

218 334 38 20 bör
269 336 97 27 upptaga
381 341 96 13 simman
493 334 30 27 af
529 334 136 21 kommunens
673 333 226 29 skjutsningsskyläiye
905 338 61 15 man-

218 368 30 20 tal
269 367 43 25 och,
333 368 68 20 devest
419 367 141 29 skiljaktighet
572 374 76 24 yppas,
664 367 77 21 antalet
755 367 82 21 mantal
846 366 42 31 för
904 364 62 24 kvar-

219 403 51 20 dera
282 402 116 28 meningen,
415 401 100 29 aflemnas
530 403 64 20 sedan
609 401 33 21 till
656 397 164 41 Kronofogden,
832 408 50 14 'som
894 402 73 20 tnsän-

219 437 37 20 der
272 437 54 20 detta
337 436 65 27 jemte
417 435 226 30 auktionsprotokollen
659 436 32 21 till
706 433 144 27 Guvernören,
862 432 107 29 hvilken,
958 428 13 41 i

219 469 97 22 händelse
338 469 124 30 skjutslaget
477 470 88 27 förenat
584 471 32 28 sig
631 478 34 13 om
677 471 144 28 entreprenad
834 470 38 22 och
886 471 81 28 antagit

221 505 24 20 de
260 506 51 19 derå
323 504 80 27 gjorda
419 505 70 21 anbud
503 509 54 17 samt
572 509 136 24 entreprenör
721 505 91 28 definnes
825 504 91 29 lämplig
928 504 40 22 och

220 539 55 21 ställt
297 538 131 29 vederhäftig
451 539 77 28 borgen
546 539 42 27 för
605 540 127 26 åtagandets
750 539 146 28 fullgörande,
916 542 52 25 äger

219 573 114 28 godkänna
354 573 25 21 de
396 572 32 28 af
439 573 123 29 skjutslaget
580 567 90 40 antagna
685 567 95 40 anbuden
792 571 58 27 ellen,
863 579 37 15 om
910 573 58 29 flera

221 607 41 21 lika
285 607 117 28 beskajfade
425 607 100 29 afgifvits
543 609 14 19 &
570 607 140 29 gästgifoeri-
725 607 38 22 och
772 607 196 29 skjutskållningen

220 642 35 20 vid
270 649 81 13 samma
365 641 125 29 gåäsgifveri,
505 643 34 20 det
554 641 29 28 af
592 640 55 26 Hem,
658 647 51 16 som
722 642 102 27 erbjuder
838 645 77 18 största
925 645 42 18 sä-

220 675 76 21 kerhet.

289 709 50 22 Har
353 710 70 28 någon
437 710 36 21 vid
486 710 86 21 auktion
581 710 74 29 tagit
670 711 33 28 sig
719 709 119 30 hällyöring
851 711 14 20 &
880 714 26 17 ett
920 709 50 23 eller

218 743 55 28 Pera
287 743 150 29 gästyifverier
452 748 51 17 utan
519 751 70 14 annan
604 745 116 26 ersättning
733 747 28 18 än
768 743 116 28 fastställd
890 745 79 26 skjute-

221 778 52 28 lega,
289 781 37 24 äge
343 776 141 26 Guvernören,
501 778 80 21 ändock
596 781 30 17 att
641 777 88 22 anbudet
745 777 30 28 af
786 778 25 21 de
822 777 146 30 skjutsnings-

221 811 92 28 skyldige
324 811 127 28 förkastats,
468 816 77 25 antaga
559 811 38 22 och
607 812 113 27 fasiställa
731 811 128 25 "detsamma,
869 812 101 27 såframt

221 847 44 24 den,
282 852 45 15 som
342 846 88 21 anbudet
445 846 65 28 gjort,
525 847 90 28 befinnes
630 846 87 29 lämplig
733 850 55 17 samt
796 846 42 27 för
846 847 124 28 åtagandets

217 880 139 28 fullgörande
372 880 55 21 ställt
443 881 132 28 vederhäftig
590 880 83 31 borgen.

289 914 74 27 (Mom.
379 914 30 27 5.)
439 915 252 28 Entreprenadsumman,
714 915 38 20 der
771 915 69 21 sådan
852 916 95 21 kommer
964 916 8 20 i

217 949 78 27 fråga,
310 947 106 30 uppbäres
433 949 29 27 af
473 949 157 28 Kronofoyden
645 949 55 27 efter
715 949 30 26 af
756 949 214 27 Häradsskrifvaren

222 983 112 20 verkställd
344 982 128 29 fördelning
487 983 68 27 deraf
566 985 13 19 &
593 983 43 20 alla
651 984 52 24 dem,
719 991 45 13 som
780 983 10 20 i
803 983 167 29 skjutaningsbe-

223 1021 68 18 sväret
306 1017 58 21 inom
379 1017 124 29 skjutslaget
518 1017 88 30 deltaga.

290 1050 73 29 (Moin.
379 1051 30 27 6.)
438 1051 55 22 Lika
507 1051 48 22 med
571 1051 148 22 motsvarande
730 1057 67 16 :mom.
806 1051 40 28 'i'&
859 1052 16 21 7
882 1052 31 21 äf
922 1057 48 22 pro-

222 1085 126 27 positionen.

575 1114 12 27 8
602 1113 21 20 6.

290 1147 95 28 (Momm.
401 1148 72 23 1—2.)
503 1147 54 22 Lika
571 1147 48 22 med
634 1154 83 15 momm.
735 1148 55 21 1—2
805 1147 24 22 af
842 1148 12 27 8
865 1148 43 21 .8'i
922 1155 49 20 pro-

223 1182 126 26 positionen.

291 1216 72 26 (Mom.
379 1216 30 27 3.)
438 1215 43 21 För
503 1215 64 28 öfrigt
586 1215 45 21 lika
648 1215 91 28 lydande
754 1215 47 22 med
817 1223 62 14 mom.
895 1217 13 20 3
924 1216 24 21 af
960 1217 11 27 &

222 1250 12 20 8
251 1250 7 19 i
273 1249 159 26 propositionen
449 1251 58 18 utom
522 1251 32 18 att
569 1248 65 21 Slutet
649 1249 63 20 deraf
725 1248 92 22 erhåller
831 1249 96 27 följande
942 1249 30 28 ly-

223 1282 67 21 delse:
314 1281 110 28 äfvensom
443 1285 25 17 ett
484 1283 76 26 utdrag
575 1278 69 31 deraf
655 1280 37 23 Bör
705 1283 37 20 vid
750 1278 81 31 hvarje
839 1283 135 28 gästgifveri

223 1316 36 22 och
275 1317 9 20 i
298 1316 134 28 socknestuga
441 1317 75 28 finnas
531 1320 30 17 att
573 1316 69 29 tillgå.

412 1360 23 12 ot
572 1362 51 27 87.

291 1395 96 30 (Momm.
400 1394 76 29 (1-18)
505 1396 54 21 Lika
574 1396 48 22 med
631 1399 91 20 :momm.
733 1396 110 29 :1+—-2:4:4
852 1390 20 39 19
880 1397 32 22 jaf
922 1403 51 22 prp-

223 1427 127 37 positionen.
622 1444 2 2 :

295 1471 136 19 Sammansaita
444 1469 92 24 Lag-.och
549 1471 188 21 Rkonpmiutskottets,
744 1471 164 22 betänkande.
876 1465 34 33 N:o
922 1470 20 19 4.
