1028 1703
387 153 52 23 N:o
458 153 47 22 15.
779 155 12 20 3

140 221 80 26 Hvarje
243 221 109 26 borgerlig
370 222 103 21 kommun
489 222 12 20 &
516 221 73 22 landet
607 227 51 16 vare
674 221 101 26 obetaget
789 223 32 18 att

70 259 35 16 om
126 254 149 27 fördelningen
293 255 39 21 och
350 255 126 27 uppbörden
495 255 23 21 af
535 255 80 21 sådana
632 255 34 21 till
680 255 141 21 kommunens

70 294 158 21 gemensamma
249 289 66 21 behof
335 289 142 26 erforderliga
493 289 75 26 medel,
584 289 84 21 hvilkas
686 289 136 26 utbetalning

69 322 97 26 grundar
181 323 32 25 sig
227 322 29 27 på
270 323 73 20 beslut
357 323 23 20 af
394 323 93 21 domstol
503 323 51 21 eller
569 329 70 15 annan
654 323 96 25 offentlig
762 328 60 21 myn-

69 355 80 27 dighet,
169 356 50 26 sjelf
235 356 68 27 draga
320 356 86 28 försorg
420 357 8 20 i
444 357 40 21 den
503 357 91 26 ordning
608 356 78 27 nådiga
701 356 121 22 förordnin-

70 396 41 20 gen
127 396 34 15 om
176 390 281 27 kommunalförvaltningen
473 391 28 26 på
515 391 74 21 landet
604 390 22 21 af
641 391 40 20 den
694 392 13 20 6
718 390 103 22 Februari

72 424 53 20 1865
149 423 140 22 föreskrifver
307 424 8 21 i
331 424 100 22 afseende
447 425 12 21 å
475 425 120 25 debitering
617 424 39 22 och
678 424 101 27 uppbörd
801 424 23 21 af

69 458 76 25 medel,
168 458 34 20 till
224 458 83 21 hvilkas
331 458 134 27 utbetalning
483 458 130 22 kommunen
632 458 99 26 beslutit;
747 458 8 21 i
769 458 54 27 följd

70 491 78 22 hvaraf
161 492 150 22 förstnämnda
326 493 75 26 medel,
418 493 38 21 der
466 493 128 21 kommunen
605 499 35 15 om
650 493 63 21 deras
723 492 100 28 uppbörd

71 526 50 27 sjelf
134 526 103 27 besörjer,
251 527 79 26 jemväl
346 527 61 21 skola
420 528 52 26 ingå
487 528 7 20 i
510 528 36 21 det
560 527 82 27 förslag
656 527 61 21 öfver
726 527 97 21 kommu-

71 566 52 15 nens
144 560 89 27 utgifter
252 562 39 20 och
309 561 124 26 inkomster,
450 562 88 25 hvilket,
554 561 67 27 enligt
636 561 24 28 $$
676 562 26 20 59
719 561 40 21 och
774 562 27 20 60
816 560 7 21 i

71 594 122 28 åberopade
215 594 134 28 författning,
368 596 39 21 bör
426 596 23 21 af
465 595 231 22 kommunalnämnden
710 595 74 27 hvarje
799 595 24 21 år

72 631 109 25 uppgöras
200 629 39 22 och
258 630 33 20 till
309 629 242 22 kommunalstämmans
569 630 132 27 granskning
717 630 39 21 och
771 629 52 22 fast-

73 663 96 21 ställelse
185 663 147 21 öfverlemnas.

145 696 162 22 Ofvanberörda
325 698 130 21 kommunen
474 698 113 21 tillstadda
601 699 44 19 rätt
660 698 102 20 omfattar
777 697 46 21 icke

73 731 81 21 sådana
168 731 76 26 medel,
256 731 85 21 hvilkas
351 732 135 27 utbetalning
497 732 92 21 åhvälfts
599 732 130 21 kommunen
739 737 85 21 gemen-

72 767 57 20 samt
147 766 50 20 med
216 771 76 21 annan,
311 766 68 21 under
395 766 56 21 skild
465 766 131 26 förvaltning
611 766 89 21 stående
715 765 108 26 kommun,

72 801 53 19 utan
143 799 61 21 skola
223 800 72 26 dylika
309 800 76 27 medel,
401 800 38 22 der
455 801 18 26 ej
490 800 133 22 annorlunda
638 800 67 21 finnes
721 799 103 21 särskildt

73 834 123 27 medgifvet,
214 834 94 22 fördelas
327 835 39 21 och
381 835 108 27 uppbäras
505 835 23 21 af
541 835 26 21 de
581 834 156 28 myndigheter,
751 834 74 21 hvilka

73 868 79 22 sådant
169 868 139 22 härförinnan
323 869 77 27 ålegat.
429 869 114 21 Likaledes
562 869 61 26 skall,
639 868 92 22 rörande
749 868 75 21 indrif-

72 903 52 26 ning
145 903 91 21 medelst
254 903 121 27 utmätning
393 903 23 21 af
434 904 101 21 obetalda
554 903 137 21 kommunala
705 902 119 28 utskylder,

75 937 58 27 gälla
147 938 57 20 hvad
219 938 74 21 derom
307 938 60 21 förut
381 940 24 20 är
421 938 106 27 stadgadt.

368 1005 74 27 Enligt
471 1006 60 21 Hans
560 1005 122 27 Kejserliga
711 1005 113 26 Majestäts

292 1039 79 26 nådiga
395 1039 127 28 befallning,
547 1039 72 28 gifven
640 1039 7 21 i
669 1039 90 22 Livadia
784 1038 40 21 den

293 1072 18 14 24
320 1072 73 14 Oktober
423 1080 53 20 1876

293 1095 9 13 5
315 1090 91 28 November
479 1095 4 5 *

173 1155 62 21 EM.
257 1153 468 22 STJERNWALL-WALLEEN.

416 1261 55 18 Ch.
487 1262 68 17 Em.
567 1257 37 31 af
618 1261 183 17 Frosterus.
