1048 1703
319 127 29 18 U.
361 127 31 18 B.
405 137 22 4 —
440 128 81 24 Prop.
534 129 47 18 N:o
594 129 25 18 6.
782 131 25 20 21

168 191 114 23 Ständerna
302 193 41 22 icke
363 193 132 30 oförändradt
514 196 75 27 antagit
612 196 39 21 den
671 196 75 28 nådiga
762 203 77 21 propo-

168 229 86 25 sitionen,
271 232 49 17 utan
328 229 39 28 för
381 230 31 21 sin
427 229 32 22 del
475 230 81 22 beslutat
570 230 30 21 till
608 231 93 28 följande
716 231 122 28 stadganden

167 264 8 20 i
190 267 74 18 ämnet:

200 299 44 22 *De
259 300 46 21 med
320 300 106 22 Kuusamo
441 301 115 22 sockneboer
571 301 37 21 den
619 302 29 19 22
658 301 52 22 Juni
722 302 50 20 1789
787 305 51 18 samt

125 335 46 20 med
187 335 114 21 Kemiträsk
317 336 35 20 och
367 335 121 30 Kuolajärvi
505 337 119 21 socknemän
641 338 38 20 den
699 338 23 19 15
736 338 9 19 i
760 345 78 13 samma

125 370 77 21 mänad
217 371 101 29 ingängna
333 372 34 20 och
381 380 70 20 genom
467 372 63 29 kongl.
546 372 130 22 resolutionen
686 373 39 20 den
740 373 26 19 27
777 372 61 28 April

124 406 52 21 1790
191 407 121 28 stadfästade
327 407 157 22 knektekontrakt
502 408 70 24 varda,
592 408 8 20 i
614 407 91 28 afseende
720 410 14 18 &
749 409 44 20 deri
806 409 32 20 in-

124 445 60 25 tagna
202 443 123 27 stadganden
343 450 33 14 om
394 443 112 26 Kuusamo,
527 443 117 21 Kemiträsk
662 444 35 21 och
717 443 121 29 Kuolajärvi

124 478 92 20 socknars
226 478 118 29 fritagande
353 478 54 28 från
424 478 84 30 refning,
528 479 97 29 storskifte
643 480 35 20 och
695 479 143 30 skattläggning

124 517 51 18 samt
193 514 166 29 öfverloppsjords
378 514 107 29 afvittring,
507 515 87 21 sålunda
614 515 42 21 dels
676 516 97 25 ändrade,
796 516 41 21 dels

123 550 115 28 upphäfda:

236 590 27 16 att
275 586 130 28 provisionell
420 587 102 29 afrösning
532 587 38 29 för
584 587 86 21 kronans
686 588 86 28 räkning
787 588 50 20 skall

165 622 32 21 ske
218 622 25 28 af
260 622 28 21 all
308 623 39 21 den
367 623 57 21 mark
445 624 54 20 inom
519 624 86 20 berörda
625 623 87 25 socknar,
734 630 42 14 som
798 623 39 21 kan

165 658 120 27 öfverblifva,
302 660 63 20 sedan
375 658 255 29 samfällighetsdelegarene
642 658 74 25 främst
726 659 17 28 ej
758 659 78 21 mindre

159 693 37 28 för
212 693 58 21 deras
285 694 103 21 hemmans
403 694 116 21 nuvarande
534 694 83 25 mantal,
637 697 27 17 än
674 694 37 28 för
726 695 25 20 de
766 694 71 28 nybyg-

163 737 37 20 gen
224 729 34 21 och
278 733 50 24 torp,
352 729 66 21 hvilka
438 729 48 28 efter
502 729 98 28 pröfning
620 729 66 21 kunna
706 729 55 21 bilda
785 729 52 28 sjelf-

164 765 102 20 bestående
280 765 115 28 lägenheter,
405 765 43 26 fått
463 765 30 28 sig
503 765 129 28 provisionelt
642 764 90 21 tilldelad
747 765 90 21 blandad

164 800 87 21 skattbar
274 800 34 21 och
334 800 79 28 skattfri
437 801 58 20 mark
519 800 47 28 efter
589 799 107 30 beräkning
715 802 32 27 på
770 800 68 28 hvarje

160 835 129 28 provisionelt
304 835 77 22 mantal
396 835 25 29 af
432 837 75 24 10,000
522 835 98 22 tunnland
635 836 29 20 uti
678 836 106 21 Kuusamo
802 837 34 20 och

164 871 121 29 Kuolajärvi
303 872 83 21 socknar
406 872 35 21 och
464 872 64 25 6,000
550 871 98 21 tunnland
670 872 30 20 uti
720 871 116 22 Kemiträsk

164 907 68 21 socken
246 911 52 17 samt
312 908 41 20 800
369 908 12 21 &
396 907 61 26 1,200
473 907 99 22 tunnland
584 907 38 28 för
636 907 67 28 hvarje
714 909 32 26 pä
761 907 75 28 omför-

164 943 63 20 mäldt
242 946 37 17 sätt
294 943 97 26 nybildad
405 943 80 21 mindre
500 943 88 29 lägenhet
602 951 32 13 om
655 944 33 25 "ja
704 943 13 20 &
737 944 23 25 !/s
778 950 58 13 man-

162 977 29 21 tal
206 979 8 19 i
229 979 24 20 de
268 979 32 19 två
310 978 144 28 förstnämnda
469 979 110 20 socknarna
594 979 35 20 och
644 979 40 20 500
700 979 13 20 å
724 979 38 20 750
777 982 59 17 tunn-

163 1013 49 20 land
222 1013 37 28 för
274 1013 67 28 hvarje
356 1014 64 20 sädan
435 1014 8 20 i
457 1013 115 21 Kemiträsk
588 1014 79 24 socken;

234 1052 28 17 att
280 1048 155 22 socknemännen
452 1048 75 22 tillåtas
539 1049 132 28 fortfarande
689 1049 55 21 inom
763 1049 24 20 de
806 1048 31 28 af-

163 1084 84 20 vittrade
266 1084 161 28 kronojordarna
447 1084 87 28 begagna
554 1085 76 21 renbete
650 1088 50 17 samt
721 1084 49 21 idka
785 1085 51 27 jagt,

163 1119 96 28 djurfäng
274 1119 33 21 och
317 1120 52 28 fiske
384 1122 13 18 &
416 1121 25 20 de
458 1120 51 21 tider
525 1120 25 23 af
564 1121 42 20 året
626 1120 34 21 och
674 1122 31 26 pä
724 1123 37 17 sätt
776 1120 8 20 i
799 1120 37 20 all-

163 1155 78 21 mänhet
259 1155 62 29 lofligt
341 1158 30 22 är,
391 1156 101 28 äfvensom
513 1155 106 22 bibehållas
640 1156 33 20 vid
694 1156 98 28 nyttjorätt
807 1155 31 21 till

163 1191 59 20 deras
238 1191 54 21 inom
308 1191 170 21 kronomarkerna
493 1192 127 28 upprödjade
640 1194 69 26 ängar,
729 1191 51 20 intill
796 1191 44 21 dess

163 1226 77 21 kronan
262 1226 35 21 vill
321 1227 45 20 dem
389 1230 50 18 emot
461 1226 119 29 erläggande
607 1226 25 28 af
652 1226 185 29 odlingskostnaden

162 1261 73 25 inlösa;

234 1300 27 18 att
284 1298 79 20 sådana
385 1298 79 20 mindre
487 1297 117 29 lägenheter,
632 1305 41 13 som
697 1298 62 28 blifva
785 1298 53 20 inom

164 1333 172 20 kronomarkerna
359 1333 88 27 belägna,
471 1340 45 13 men
539 1334 41 19 icke
602 1334 68 18 kunna
692 1333 30 19 till
742 1333 97 27 nybyggen

168 1367 46 21 med
224 1367 104 27 framtida
343 1367 81 20 bestånd
443 1367 70 25 bildas,
535 1369 23 18 så
578 1368 41 19 vidt
639 1367 74 28 möjligt
733 1366 107 21 bibehållas

168 1404 65 19 såsom
258 1402 163 29 kronoskogstorp
452 1403 34 20 och
515 1401 118 30 skattläggas
660 1402 48 28 efter
735 1401 105 22 enahanda

165 1438 96 29 grunder,
281 1446 42 13 som
335 1437 58 30 följts
411 1439 34 20 vid
464 1437 167 30 skattläggningen
649 1438 25 28 af
688 1438 68 27 dylika
774 1438 66 29 lägen-

166 1475 54 22 heter
235 1475 55 20 inom
305 1475 64 20 redan
384 1474 93 29 afrösade
492 1475 141 28 kronojordar;

163 1523 129 17 Sammansatta
305 1522 46 23 Lag-
364 1523 29 17 och
406 1522 172 18 Ekonomiutskottets
591 1522 105 18 betänkande
709 1522 35 18 N:o
758 1522 18 18 5.
