1042 1709
297 133 25 20 U.
335 134 27 18 B.
375 144 20 3 —
409 134 77 24 Prop.
499 134 42 18 N:o
553 134 21 18 7.

263 443 178 28 Lagutskottets
465 443 14 23 å
494 450 45 22 nyo
554 444 66 28 gifna
634 444 146 23 betänkande
794 444 9 22 i

206 477 127 28 anledning
353 478 26 21 af
398 478 65 22 Hans
487 479 129 28 Kejserliga
624 479 125 28 Majestäts
764 477 37 23 nå-

207 512 54 27 diga
282 512 155 29 proposition,
459 513 117 27 angående
591 513 137 28 inteckning
742 513 9 22 i
765 519 38 17 en-

205 546 78 23 skilda
295 546 287 29 jernvägsanläggningar.

133 614 9 21 I
158 615 37 20 sitt
210 615 6 20 i
233 615 114 28 anledning
363 615 24 21 af
400 615 69 22 denna
483 615 79 28 nådiga
575 615 134 28 proposition
724 616 41 20 den
780 616 25 20 14

77 648 98 21 sistlidne
189 649 103 21 Februari
307 649 82 28 afgifna
403 649 133 22 betänkande
551 650 39 21 N:o
606 651 13 19 2
629 650 39 21 har
678 650 128 27 Lagutskot-

76 684 37 24 tet,
138 683 28 27 på
189 683 92 21 anförda
303 683 52 26 skäl,
380 683 109 22 vördsamt
507 684 117 27 föreslagit,
640 685 32 20 att
686 683 121 22 Ständerna

77 717 66 21 måtte
167 717 7 21 i
195 717 144 28 underdånigt
355 725 48 14 svar
418 719 13 20 å
446 718 41 21 den
501 718 78 27 nådiga
592 718 162 27 propositionen
770 725 36 14 an-

78 751 62 26 mäla,
159 753 32 20 att
209 752 124 21 densamma
346 752 47 21 icke
409 753 82 20 kunnat
505 753 23 20 af
541 750 119 24 Ständerna
674 752 131 28 godkännas.

79 785 40 22 Vid
141 785 152 29 föredragning
316 787 63 21 häraf
397 787 58 21 inom
474 787 93 22 Ständen
582 787 40 21 har
636 787 65 21 likväl
716 787 91 22 allenast

79 820 181 28 Borgareståndet
277 821 95 28 godkänt
387 821 151 27 betänkandet,
554 821 110 22 hvaremot
678 821 130 22 Riddarska-

79 857 37 25 pet
131 855 40 22 och
185 855 69 22 Adeln
269 857 56 20 samt
339 856 84 21 Preste-
438 856 39 21 och
491 855 166 22 Bondestånden
667 856 141 23 återremitte-

78 891 35 20 rat
127 889 89 22 ärendet
228 889 33 22 till
276 889 157 28 Lagutskottet.
463 889 48 21 Med
526 889 124 28 anslutning
664 890 34 22 till
712 891 56 22 hvad
775 893 33 20 tre

79 924 24 21 af
125 924 120 21 Utskottets
269 923 119 22 ledamöter
410 923 7 21 i
439 923 91 28 afgifven
545 924 131 22 reservation
691 925 118 28 föreslagit,

79 957 64 21 hafva
157 957 157 28 Ridderskapet
329 958 40 21 och
383 957 69 22 Adeln
468 957 71 22 dervid
554 958 116 27 uppdragit
684 959 23 20 åt
721 959 88 22 Utskot-

79 994 32 19 tet
132 994 33 19 att
186 999 54 20 egna
261 992 41 21 den
326 991 79 28 nådiga
421 991 162 28 propositionen
597 991 91 29 förnyad
702 993 107 28 pröfning,

80 1026 77 22 medan
177 1027 47 21 åter
238 1026 83 21 Preste-
337 1026 40 21 och
392 1025 165 22 Bondestånden
571 1026 99 22 hänvisat
684 1027 34 21 till
732 1034 26 14 en
773 1034 37 15 an-

80 1068 43 15 nan
146 1060 25 22 af
191 1061 36 21 två
247 1060 218 21 Utskottsledamöter
480 1059 104 22 omfattad
598 1060 138 27 reservation,
751 1061 60 21 hvari

82 1096 61 21 desse
157 1095 119 22 ledamöter
290 1095 79 22 uttalat
383 1095 33 27 sig
430 1095 35 21 för
480 1097 30 19 ett
524 1094 74 22 försök
612 1097 32 19 att
656 1102 76 21 genom
743 1103 68 14 omar-

81 1130 89 27 betning
184 1130 24 21 af
220 1129 141 29 lagförslaget
375 1129 6 20 i
396 1129 160 28 propositionen
568 1129 150 22 åstadkomma
726 1131 31 20 ett
764 1132 48 26 nytt

82 1165 117 28 lagförslag
215 1171 34 14 om
263 1164 124 27 inteckning
401 1164 8 20 i
421 1163 119 28 jernvägar,
554 1163 81 22 hvilket
650 1171 50 14 vore
708 1165 102 21 oberoen-

84 1199 26 21 de
132 1199 24 20 af
175 1198 120 28 Kejserliga
317 1197 160 28 Förordningen
493 1197 108 28 angående
617 1197 95 22 vilkoren
727 1198 34 21 för
776 1197 35 22 be-

83 1232 92 28 viljande
190 1232 24 21 af
227 1232 127 21 koncession
369 1232 23 20 åt
406 1231 96 21 enskilda
516 1238 107 21 personer,
637 1231 63 28 bolag
709 1232 52 21 eller
769 1239 43 14 me-

83 1267 97 26 nigheter
194 1265 33 22 till
242 1265 133 28 anläggande
390 1265 24 20 af
424 1265 89 27 jernväg
527 1265 7 20 i
549 1265 97 26 Finland,
662 1266 70 27 gifven
748 1266 40 21 den
798 1266 12 20 3

84 1299 104 22 Februari
216 1300 59 21 1876.
309 1299 33 21 Då
357 1299 117 21 emellertid
489 1299 61 22 äfven
564 1299 147 22 förstnämnde
726 1301 33 20 tre
774 1300 38 21 Ut-

86 1333 187 21 skottsledamöter
287 1335 71 19 ansett
372 1334 70 25 någon
454 1333 116 20 nämnvärd
584 1333 108 26 svårighet
706 1334 48 19 icke
768 1335 45 19 mö-

85 1369 23 19 ta
121 1368 32 19 ett
166 1366 74 21 försök
255 1368 38 24 att,
308 1368 52 19 utan
375 1366 100 21 afseende
489 1367 13 20 ä
511 1366 303 28 koncessionsförordningens

86 1401 101 26 innehåll,
202 1401 28 27 på
245 1402 31 20 ett
289 1399 199 23 tillfredsställande
503 1401 42 20 sätt
560 1399 68 22 ordna
642 1399 40 22 den
696 1400 117 22 realsäker-

87 1435 43 26 het,
156 1442 45 14 som
223 1435 40 21 den
278 1434 79 28 nådiga
369 1434 162 28 propositionen
546 1434 80 28 åsyftar
640 1435 32 20 att
686 1434 32 22 uti
732 1434 7 21 i
754 1434 60 28 fråga

88 1469 93 22 varande
196 1469 45 28 slag
256 1469 24 21 af
293 1468 103 29 egendom
410 1468 132 28 möjliggöra,
552 1468 62 22 torde
624 1468 149 22 återremissen
782 1468 33 23 till

158 1509 71 23 Bihang
241 1509 28 18 till
282 1509 139 23 Lagutskottets
433 1508 116 19 betänkande
562 1508 34 19 N:o
608 1510 16 16 2.
