1025 1703
284 137 32 24 Ui
321 138 77 23 Bo:
405 139 80 28 rop.
499 139 102 25 N:Ellr
756 141 36 24 28

65 194 39 40 ligt
108 194 46 40 ::vid
162 198 104 29 -ligvider.
276 207 37 16 om
327 202 119 27 emäiining
459 203 34 21 för
507 201 116 25 bräkdelar
636 204 26 21 af:
673 206 65 20 verst,
768 204 44 22 För

65 233 73 21 denna
152 234 14 24 $
180 233 41 22 har
235 235 101 42 utskottet
350 234 84 22 således
450 238 68 19 ansett
531 237 34 26 sig
579 237 56 22 börd.
646 237 82 22 föreslå
738 244 28 15 en
774 240 37 19 än-

64 266 65 50 ed.
132 263 100 40 lydelee.;

133 302 80 33 Örriga
223 308 27 24 S
264 308 8 22 i
285 308 46 21 den
344 284 89 51 nådiga.
431 284 163 57 propodiloner
606 311 50 20 afse
660 296 50 36 dels
714 293 98 39 attsned-

64 314 52 58 deta
127 341 171 28 bestömringar,
312 348 47 15 som
374 342 101 28 betingas
489 344 25 20 af
521 342 206 30 hållskjutsningens
741 345 70 27 uthja-

64 374 78 22 dunde:
157 374 39 29 pä:
205 376 156 27 entreprenad;.
379 376 46 22 dels
447 379 30 19 att
491 378 84 21 bereda.
588 378 28 22 all
632 379 74 27 möjlig.
719 379 96 27 lindring.

64 409 49 21 dei:
132 409 54 22 eller
206 410 9 20 i
233 411 69 27 öfrigt
310 409 150 23 &stadkomma
475 412 91 26 ordning
581 413 40 21 och
636 412 62 22 skick
712 414 7 20 i.
734 413 77 27 skjuta-

62 444 106 21 väsendet
182 444 40 22 och
237 451 66 20 synas
318 445 102 21 uiskoitet
435 445 87 22 derföre
535 440 53 38 böra
604 440 134 38 godkännas.

89 484 23 7 ">
127 478 15 28 I
163 484 95 28 följande
281 485 61 21 delar
360 486 40 20 har
413 484 103 23 utskottet
528 486 66 21 likväl
609 487 72 20 funnit
693 485 120 29 anledning

62 518 31 22 till
107 515 173 32 anmärkningar
294 520 41 20 och
350 519 182 28 &ndringsförslag
547 520 6 20 i
569 522 68 19 annat
649 521 112 21 afseende.

90 555 17 8 ''
131 555 34 25 Då
178 555 38 24 det
228 556 9 24 i
252 557 11 29 8
276 557 14 22 7
306 557 137 23 föreskrifves
466 558 33 22 att
519 559 140 27 entreprenör
677 559 56 21 skall
747 559 65 22 ställa

62 592 81 28 borgen
157 591 35 23 för
206 590 126 30 ätagandets
347 590 140 31 fullgörande,
503 598 62 23 synes
577 592 141 29 städgandeti
728 593 16 21 1
747 599 63 15 mom.

62 624 24 24 af
99 627 12 28 &
126 627 14 21 4
154 627 80 26 derom,
249 623 33 25 att
296 626 140 27 entreprenör
451 625 53 24 eller
516 626 48 30 den,
579 633 45 16 som
639 627 120 22 företräder
773 627 38 22 bo-

62 661 42 28 lag,
118 657 80 25 hvilket
214 659 67 29 åtagit
296 658 167 30 sig'hålfskjuts,
479 661 41 22 bör
532 666 52 16 vara
596 660 56 22 finsk
663 655 147 34 medborgare,

61 692 48 28 icke
131 693 92 23 allenast
244 693 135 33 öfverflödigt
400 696 53 20 utan
476 694 40 22 ock
533 688 89 48 menligt
639 693 35 23 för
689 695 27 22 de
731 694 80 30 skjuts«

62 725 172 42 ningsskyldiges
252 729 40 21 och
314 724 153 26 samfärdselns
490 729 111 25 intressen,
616 728 8 22 i
638 729 36 21 det
689 729 123 29 derigetom

61 757 79 35 många
154 768 80 17 annars
247 760 110 31 lämpliga
363 768 103 22 personer
481 763 70 22 kunde
566 763 84 22 komma
665 763 88 23 attfrän
769 764 42 22 täf-

62 797 36 21 lan
120 802 39 19 om,
176 794 163 32 ifrågavarande
362 796 110 29 sysslande
491 797 105 21 uteslutas
614 797 56 22 blott
691 797 76 23 derför
780 801 33 19 att

62 830 26 23 de
110 828 51 38 vore
180 831 143 33 utländingar.
352 829 112 24 "Utskottet
481 830 40 23 har
535 831 85 22 derföre
636 832 73 22 ansett
723 832 86 22 shitme.

61 859 87 46 ninen"
154 866 8 21 i
175 861 95 37 nämnda
284 867 95 25 moment
385 862 62 25 böra
461 864 57 30 utgå.

89 900 79 28 "Uti
182 913 62 21 mom.
260 904 14 23 2
286 906 69 39 säges.
366 894 42 46 att,
421 904 37 28 der
473 904 159 30 skjutsningens
647 902 164 29 handbafvande

61 937 38 31 på,
111 925 142 59 entreprenad
272 940 20 29 ej
310 926 50 47 kan
379 933 161 35 åvägabringas,
563 937 76 33 frågan
661 940 73 22 derom
755 939 56 23 skall

62 974 51 30 bero
135 973 44 30 tills
202 972 68 30 någon
286 974 35 28 del
339 965 26 35 af
380 972 129 30 skjutslaget
523 973 52 30 eller
590 973 138 23 Guvernören
743 973 67 25 sådan

61 997 61 49 fråga
142 1002 47 42 åter
199 991 93 47 väcker.
321 998 104 39 Emedan.
438 1008 104 24 utskottet
556 1001 118 28 emöllertid
690 1003 73 26 ansett
777 1008 33 29 sig

62 1037 53 29 böra
136 1034 65 36 fästa
216 1032 116 48 synnerlig.
335 1041 56 42 vigt
397 1038 35 26 vid
448 1044 32 20 att
495 1041 177 42 entreprenaders
688 1041 122 24 inrätfande

61 1077 47 24 icke
123 1074 114 25 lemnades
246 1070 122 32 beroende
367 1076 28 28 på
410 1075 105 23 huruvida
529 1073 62 32 fråga
605 1077 73 21 derom
693 1075 116 40 tillfälligt-

61 1111 31 31 vis
114 1111 84 34 väckes,
221 1109 42 29 har
282 1100 117 37 utskottet
406 1110 67 22 infört
491 1112 31 21 ett
535 1110 75 39 tillägg
624 1111 33 20 till
672 1107 115 25 momentet
803 1111 7 20 i

61 1136 43 39 det
112 1138 62 40 syfte,
190 1146 33 21 att
237 1131 118 46 Guvernör
365 1142 38 24 bör
417 1143 127 23 åtminstone
559 1143 57 24 inom
631 1143 39 41 två
681 1144 25 23 år
715 1140 96 49 derefter

62 1178 54 33 ånyo
132 1177 46 26 låta
191 1176 96 31 upptaga
297 1171 86 44 frågan.

109 1244 3 2 .
129 1219 78 28 Mot
192 1208 12 45 8
218 1220 13 20 5
245 1220 8 21 i
268 1219 42 22 den
327 1218 79 31 nådiga
423 1212 216 37 proposisionen
600 1208 38 45 har
654 1218 42 23 den
704 1191 106 54 anmärk-

57 1233 56 54 ning
124 1254 86 28 gjorts,
233 1255 33 21 att
287 1253 128 30 skjutsläget
434 1253 46 22 icke
499 1253 66 23 borde
580 1251 88 32 utgöras
684 1252 24 21 af
720 1249 91 31 häradet

61 1290 63 25 utan,..af.
135 1288 165 29 tirgslaget,
323 1287 77 30 såsom.
410 1288 35 26 för
467 1287 133 28 närvarande
612 1287 9 21 i
630 1293 34 23 en
678 1288 46 25 stor
734 1286 39 25 del
788 1286 25 23 af

61 1323 77 26 landet
155 1322 67 28 och;i,
232 1322 219 30 öfverensstämmelse
466 1322 48 27 med
532 1322 55 21 1784
602 1319 38 25 års
647 1321 44 31 lag
697 1314 25 42 är
730 1318 79 34 fallet,

62 1358 57 23 samt
140 1358 33 22 att
194 1355 115 29 tillåtelsen
327 1358 33 26 att
377 1354 111 31 utsträcka
505 1354 128 31 skjutslaget
647 1352 33 23 till
693 1353 33 22 ett
740 1356 70 20 större

62 1389 87 27 område
170 1390 110 28 lätteligen
297 1377 77 46 kunde
390 1383 53 29 leda
464 1389 92 32 derhän,
574 1389 32 27 att
623 1388 70 34 nägon
708 1388 101 28 kommun

62 1425 182 29 blafve..tvungen
267 1424 41 29 till
311 1417 146 37 presterande
472 1415 28 38 af
516 1419 115 37 hällskjuts
645 1430 23 16 in
675 1414 86 47 natura
775 1423 34 22 vid

103 1480 5 12 +
129 1473 139 21 Sammansatta
281 1471 97 25 Lag-,gch
387 1470 182 27 Ekonomiytskottets
579 1469 114 30 betänkande
705 1469 37 24 N:o
757 1468 18 18 4.
