1028 1706
288 122 82 24 Ständ.
384 123 38 24 Sv.
438 137 27 4 —
479 125 71 28 Prop.
565 125 40 23 N:o
620 125 20 23 7.
779 127 13 21 5

219 188 32 18 att
268 186 122 22 Ständerna
408 188 35 20 väl
462 187 43 21 icke
519 188 83 21 kunnat
616 188 138 28 oförändrad
768 187 51 28 god-

150 218 74 22 känna
239 220 41 20 den
300 221 82 27 nädiga
400 222 166 27 propositionen,
580 229 47 14 men
642 224 32 18 att
690 222 129 24 Ständerna,

149 252 72 22 hvilka
236 255 8 19 i
258 255 174 27 underdänighet
451 256 89 20 anhålla
555 263 33 14 om
603 256 66 27 nådig
683 256 136 27 proposition

149 288 35 20 till
206 288 174 21 nästkommande
402 289 107 28 landtdag
526 290 110 28 angående
652 297 25 13 en
692 290 69 21 sådan
777 289 42 27 lag,

148 328 44 14 som
202 321 180 29 fullständigare,
399 325 28 19 än
442 324 35 20 det
492 324 65 28 enligt
571 324 109 28 grundlag
696 326 26 19 är
734 324 31 27 på
780 322 40 22 ad-

148 356 130 21 ministrativ
294 358 40 26 väg
349 357 89 28 möjligt,
453 358 79 20 komme
547 361 32 18 att
593 358 62 28 fylla
670 358 103 22 luckorna
787 358 33 20 uti

149 390 83 21 landets
248 392 113 20 allmänna
376 392 141 28 lagstiftning
540 400 32 14 om
587 392 110 28 byggande
713 392 31 27 af
757 392 62 28 jern-

147 426 47 26 väg,
209 425 117 21 emellertid
341 425 42 21 icke
398 427 143 26 undandraga
556 427 33 27 sig
605 429 33 18 att
647 427 68 21 redan
725 433 30 14 nu
765 426 55 21 med-

148 459 63 21 verka
227 459 35 21 till
276 466 25 14 en
317 460 36 25 lag
372 467 32 14 om
418 460 104 29 hypothek
544 461 33 21 uti
587 461 101 28 jernväg,
703 463 55 19 samt
768 459 52 28 för-

148 493 99 22 denskull
258 493 41 28 för
313 495 34 20 sin
362 494 33 22 del
410 495 85 28 antagit
508 503 25 14 en
548 496 25 21 så
589 495 101 28 lydande:

252 570 135 33 Förordning
406 578 36 17 om
460 571 121 32 inteckning
598 573 5 22 i
618 572 98 31 jernväg.

458 635 15 27 $
488 636 18 20 1.

215 669 33 26 Är
262 673 122 22 koncession
400 675 14 20 &
422 675 239 28 jernvägsanläggning
676 673 91 28 beviljad
779 680 40 14 me-

148 707 78 28 nighet,
243 708 62 27 bolag
320 708 51 21 eller
389 709 82 21 enskild
490 716 86 21 person,
592 709 51 21 eller
657 708 38 21 vill
709 707 111 28 menighet,

149 741 63 29 bolag
226 743 52 20 eller
293 743 84 21 enskild
387 750 80 21 person
482 744 48 21 med
540 743 68 28 laglig
618 745 46 18 rätt
674 743 14 20 &
698 748 50 21 egen
759 741 62 22 mark

147 777 96 27 anlägga
255 777 101 28 jernväg,
371 784 50 14 vare
438 777 123 28 inteckning
576 777 8 20 i
599 777 68 21 sådan
685 776 135 28 anläggning

147 811 70 21 under
238 811 160 21 nedanstående
419 812 69 21 vilkor
511 812 84 20 tillåten
618 811 34 21 till
672 810 97 21 säkerhet
780 809 41 28 för

144 845 99 27 fordran
258 846 8 19 i
278 846 124 27 penningar
413 846 52 21 eller
475 853 64 14 varor
550 845 34 22 till
595 847 51 19 visst
657 845 81 28 belopp,
748 843 73 22 hvilka

144 879 134 27 försträckts
293 880 52 21 eller
358 879 138 28 försträckas
514 881 131 26 jernvägens
660 885 64 21 egare
738 879 34 20 till
787 880 34 19 vä-

147 920 52 20 gens
211 913 160 26 fullbordande,
386 914 117 23 underhåll
520 914 51 21 eller
585 913 145 28 begagnande,
744 913 24 20 så
784 912 37 21 ock

143 948 42 27 för
207 954 74 14 annan
304 948 54 20 hans
379 948 59 27 gäld,
453 954 44 15 som
519 948 29 26 af
559 949 119 27 jernvägen
694 946 127 22 omedelbart

147 982 84 20 härrör.
264 981 39 21 Om
318 982 122 28 inteckning
455 983 8 19 i
474 983 101 27 jernväg,
589 988 45 14 som
648 981 69 21 redan
726 980 93 28 fullbor-

148 1016 56 26 dats,
218 1022 50 14 vare
284 1016 36 28 lag
334 1022 87 16 samma.

214 1049 130 29 Inteckning
366 1050 8 20 i
392 1050 93 28 jernväg
511 1050 83 28 medför
620 1049 114 21 enahanda
754 1050 66 26 pant-

147 1084 38 22 och
196 1084 146 27 förmonsrätt
357 1085 9 19 i
374 1084 202 28 jernvägsområdet
591 1084 45 21 med
647 1084 53 20 derå
710 1083 111 28 befintliga

148 1118 122 28 byggnader
284 1118 37 21 och
336 1118 74 28 öfriga
421 1118 64 28 fasta
505 1119 150 27 inrättningar
674 1118 107 28 äfvensom
796 1118 25 20 de

149 1153 34 21 till
195 1153 120 27 jernvägen
330 1152 94 22 hörande
441 1153 110 21 lokomotiv
567 1152 37 22 och
618 1159 84 21 vagnar
715 1154 56 19 samt
781 1158 38 16 an-

148 1194 43 14 nan
211 1186 42 28 för
274 1187 89 27 trafiken
386 1188 117 27 anskafad
525 1188 68 26 rörlig
612 1187 103 23 materiel,
729 1193 44 15 som
788 1187 32 21 in-

148 1221 97 28 teckning
261 1222 8 20 i
279 1221 51 27 fast
344 1222 100 26 egendom
459 1222 68 28 enligt
542 1222 82 20 allmän
638 1221 42 27 lag.

214 1255 96 28 Jernväg
332 1256 48 20 med
401 1256 55 20 hvad
478 1256 74 21 dertill
573 1256 63 20 hörer
657 1256 35 20 må
714 1256 19 27 ej
748 1255 72 26 delvis,

148 1292 54 19 utan
216 1290 76 21 endast
306 1290 8 20 i
330 1290 47 21 dess
392 1290 68 21 helhet
474 1290 116 22 intecknas.

214 1318 34 26 År
263 1323 124 27 inteckning
402 1324 8 20 i
421 1324 94 27 jernväg
537 1324 99 26 beviljad,
650 1323 43 26 får
707 1323 112 27 jernvägs-

147 1358 97 20 området
266 1357 94 27 derefter
380 1358 22 26 ej
424 1358 123 28 inbegripas
561 1358 9 20 i
584 1357 129 27 inteckning,
728 1363 44 14 som
787 1356 33 27 öf-

147 1393 77 26 vergär
245 1391 103 29 lägenhet,
370 1392 115 26 hvarifrån
509 1392 35 20 det
565 1391 108 21 utbrutits.
704 1390 28 29 Ej
754 1391 66 21 heller

143 1426 42 27 får
201 1426 60 28 jord,
276 1426 86 22 hvilken
378 1426 41 27 för
441 1426 135 28 anläggning
595 1426 29 27 af
633 1426 95 27 jernväg
745 1426 75 27 afsön-

148 1461 67 26 drats,
231 1461 110 22 intecknas
352 1461 41 28 för
407 1461 58 28 gäld,
482 1468 44 15 som
541 1460 30 29 af
571 1461 120 28 jernvägen
701 1460 21 30 ej
734 1460 84 23 härrör.
