1045 1698
323 97 22 23 U.
362 99 22 22 B.
400 110 29 3 —
444 99 65 27 Prop,
526 99 38 23 N:o
580 99 20 23 9.

257 423 154 26 Lagutskottets
432 420 130 25 betänkande
582 423 35 22 N:o
645 422 26 23 16
695 422 6 23 i
723 423 112 27 anledning

223 469 24 22 af
265 469 55 22 Hans
342 467 115 29 Kejserliga
474 467 106 28 Majestäts
600 467 77 29 nädiga
699 469 136 28 proposition,

223 514 107 28 angående
346 516 112 22 förändrad
474 516 76 27 lydelse
566 516 24 22 af
601 515 28 23 53
645 515 14 29 $
672 516 7 22 i
693 517 142 27 Legostadgan

225 561 32 23 för
275 561 117 24 husbönder
410 562 39 23 och
467 562 130 27 tjenstehjon,
615 562 69 28 gifven
702 564 40 22 den
756 563 29 23 30
802 564 33 22 Ja-

223 609 60 23 nuari
302 608 62 23 1865.

155 678 46 21 Den
217 678 155 21 förberedande
386 678 188 28 handläggningen
584 678 23 21 af
617 680 69 20 denna
696 678 78 28 nädiga
787 686 49 20 pro-

86 712 94 28 position
196 714 25 20 är
235 712 23 21 af
272 712 99 28 samtliga
385 712 95 22 Ständen
496 712 143 22 öfverlemnad
650 712 21 22 ät
681 713 155 29 Lagutskottet,

87 754 46 14 som
156 747 102 27 derjemte
281 754 76 20 genom
379 747 77 28 utdrag
478 754 26 14 ur
518 747 168 28 Ridderskapets
702 749 40 21 och
757 748 80 22 Adelns

87 781 108 27 protokoll
209 780 40 22 fätt
264 781 122 22 kännedom
401 781 22 21 af
438 783 30 19 ett
484 782 142 28 andragande,
644 782 59 22 hvari
718 783 57 21 Herr
790 782 47 22 Gri-

87 816 95 28 penberg
197 816 34 21 vid
246 816 99 22 ärendets
365 816 152 28 hänskjutning
531 816 33 22 till
579 816 110 22 Utskottet
703 818 79 21 uttalat
797 818 40 22 den

87 851 93 28 mening,
196 853 33 19 att
242 850 49 23 icke
306 851 91 21 allenast
412 851 136 21 föreskriften
562 851 9 22 i
586 852 26 21 53
628 852 18 28 &,
661 854 53 19 utan
724 853 61 21 äfven
800 853 37 22 nä-

87 893 38 20 gra
141 886 68 21 andra
230 885 161 28 bestämningar
412 885 8 20 i
434 885 150 28 Legostadgan
606 886 24 21 af
650 887 40 21 den
706 888 27 20 30
748 887 89 22 Januari

89 921 54 21 1865
160 928 49 14 vore
223 921 7 20 i
244 919 67 23 behof
324 920 23 22 af
360 919 154 30 omarbetning.
543 919 32 23 På
589 920 95 29 begäran
705 921 40 22 har
760 921 77 29 Lagut-

88 956 80 20 skottet
183 955 121 21 sedermera
319 954 49 22 frän
382 954 122 28 Kejserliga
519 955 103 21 Senatens
645 956 107 22 allmänna
766 956 71 22 kansli

87 988 41 22 fätt
143 989 35 21 del
193 990 24 20 af
229 989 109 27 ätskilliga
353 989 34 21 vid
403 989 99 22 ärendets
512 989 117 29 beredning
644 990 112 22 tillkomna
770 991 67 22 hand-

87 1023 70 28 lingar
179 1024 40 21 och
235 1024 22 21 af
277 1023 130 28 protokollet
422 1023 58 22 öfver
502 1031 27 15 en
553 1024 58 22 inom
627 1024 92 23 Senaten
741 1026 7 20 i
770 1026 67 22 saken

87 1058 113 22 förefallen
213 1058 140 28 omröstning.

156 1162 33 21 Ur
203 1162 41 21 den
259 1160 79 30 nädiga
352 1162 162 28 propositionen
535 1162 100 28 framgär,
658 1165 32 19 att
709 1164 36 21 det
759 1164 78 28 lagför-

91 1198 52 25 slag,
160 1204 45 14 som
222 1197 45 21 deri
282 1196 124 26 innehälles,
422 1198 24 20 är
461 1196 107 22 föranledt
582 1197 24 21 af
619 1195 106 31 ätskillige
737 1198 101 28 jordbru-

89 1232 63 20 kares
167 1231 96 22 uttalade
279 1230 82 22 önskan
382 1238 35 14 om
434 1238 27 14 en
476 1231 90 21 revision
582 1231 23 21 af
617 1231 139 23 förenämnda
770 1233 67 28 Lego-

90 1266 82 27 stadga,
196 1267 55 20 samt
273 1267 32 19 att
319 1264 67 29 nägra
401 1265 228 29 embetsmyndigheter
645 1266 40 21 och
699 1267 137 22 landtbruks-

90 1300 95 27 sällskap
200 1299 69 22 blifvit
283 1300 8 20 i
306 1299 67 22 saken
386 1299 68 22 hörda
470 1300 40 21 och
526 1300 44 22 deri
586 1300 81 28 afgifvit
681 1301 120 28 yttranden.
827 1302 10 20 I

89 1334 54 21 flera
158 1334 23 20 af
190 1334 63 21 dessa
262 1334 120 27 yttranden,
397 1334 71 21 hvilka
483 1334 50 28 ingå
547 1335 7 20 i
565 1334 155 23 ofvanberörda
730 1334 47 23 från
787 1335 51 28 Kej-

91 1368 79 27 serliga
185 1368 93 21 Senaten
292 1367 149 28 Lagutskottet
456 1367 177 23 tillhandahällna
648 1368 133 29 handlingar,
795 1369 42 22 för-

91 1403 63 21 ordas
169 1401 91 27 ändring
276 1404 22 20 af
312 1401 107 30 ätskilliga
433 1402 133 23 föreskrifter
584 1403 7 21 i
605 1403 155 30 Legostadgan,
776 1405 62 22 hvar-

160 1444 125 23 Lagutskotteis
297 1445 106 17 betänkande
414 1444 35 17 N:o
462 1443 26 18 16.
