1034 1709
212 147 12 21 2
400 147 67 21 Ständ:
478 144 31 24 Sv.
527 160 23 3 —
567 148 53 26 Prop.
635 145 32 23 N:o
683 146 31 22 41.

182 210 80 26 prenad
280 210 24 21 åt
322 210 46 26 den,
388 216 45 15 som
452 210 63 26 ätoge
529 210 34 26 sig
578 211 32 19 att
623 211 53 19 utan
691 215 70 15 annan
777 209 116 26 ersättning
908 211 27 19 än

183 244 40 21 den
238 243 73 22 dervid
324 243 112 27 betingade
451 243 129 27 skjutslegan
594 242 109 22 fortskaffa
719 243 26 21 de
757 243 96 26 resande,
863 242 72 22 hvilka

181 278 89 22 sälunda
289 278 85 22 komme
389 279 33 20 att
435 277 71 22 betala
521 278 36 21 det
571 277 84 28 belopp,
671 283 45 16 som
731 277 36 22 vid
781 277 87 22 auktion
883 276 52 22 kun-

181 315 37 19 nat
232 312 88 27 fordras,
336 312 54 21 huru
404 313 52 26 högt
471 312 35 21 det
521 314 27 19 än
562 311 74 22 blefve.
653 312 38 21 Ett
701 311 88 22 allmänt
798 311 137 27 tillämpande

181 346 23 22 af
224 347 59 21 detta
300 348 78 26 system
392 346 8 21 i
414 347 48 20 värt
479 345 50 22 land
546 346 44 21 förr
607 348 27 19 än
650 352 25 15 en
689 345 58 22 klass
762 345 23 22 af
797 345 138 28 skjutsentre-

180 383 102 26 prenörer
295 381 103 27 uppstätt,
414 381 68 21 skulle
496 381 54 21 dock
564 380 105 23 sannolikt
683 381 50 21 leda
747 380 32 21 till
795 382 31 19 ett
840 380 95 27 plötsligt

180 415 128 27 hämmande
321 415 22 22 af
355 415 138 21 samfärdseln
508 415 39 22 och
556 415 42 22 kan
609 414 82 23 derföre
701 415 46 21 icke
757 415 49 21 med
816 421 36 15 ens
862 415 73 21 veder-

180 447 70 30 vägas.
280 449 34 23 Då
332 448 119 23 Ständerna
468 449 70 27 älegat
555 449 74 27 pröfva
643 449 26 22 de
684 449 8 22 i
707 449 41 22 den
763 449 77 27 nådiga
854 455 80 21 propo-

180 480 91 25 sitionen
283 479 119 32 föreslagna
416 483 100 28 ätgärder
530 483 33 22 till
576 483 91 28 lindring
683 483 7 22 i
700 479 233 32 skjutsningsbesväret,

180 521 25 19 är
208 517 128 23 emellertid
350 517 80 28 hänsyn
445 519 63 26 tagen
523 518 76 27 dertill,
614 519 33 20 'att
663 518 26 22 de
703 519 55 21 mått
773 518 40 21 och
825 520 52 25 steg,
888 524 46 16 som

180 553 96 26 vidtagas
290 553 33 21 till
338 553 47 22 dess
399 552 225 27 skjutsningsbesväret
637 552 43 22 kan
694 552 47 22 från
753 553 76 27 jorden
845 553 88 27 aflyftas,

179 588 35 21 mä
224 587 46 22 föra
284 589 97 20 närmare
396 587 33 21 till
444 587 60 22 detta
518 587 48 27 mäl,
582 593 48 15 men
644 587 47 22 icke
706 587 93 27 aflägsna
810 587 123 22 detsamma.

248 621 111 28 Utgäende
380 621 45 21 frän
448 621 68 22 denna
537 621 106 28 synpunkt
666 621 63 22 hafva
751 621 119 22 Ständerna
886 621 47 22 icke

179 656 81 21 kunnat
274 655 84 22 biträda
372 655 100 28 förslaget
486 655 7 22 i
508 655 41 22 den
563 655 77 27 nädiga
653 655 165 28 propositionen,
834 657 31 20 att
878 655 56 28 skyl-

180 690 99 27 digheten
300 689 32 22 till
354 690 117 27 utgörande
490 689 23 22 af
529 689 112 28 hällskjuts
661 690 39 21 och
715 689 111 22 underhåll
841 689 22 22 af
876 691 56 26 gäst-

179 724 73 28 gifveri
266 725 14 21 å
294 724 73 22 landet
384 725 120 21 utsträckas
522 725 32 20 till
569 724 179 27 jordlägenheter,
763 724 72 22 hvilka
849 724 33 21 för
897 724 37 22 det

178 759 132 22 närvarande
331 759 28 27 pä
376 759 69 26 grund
463 757 23 23 af
502 758 35 27 lag
557 761 36 19 äro
608 758 92 22 derifrän
714 758 101 26 befriade,
830 760 55 21 samt
899 759 34 21 till

178 793 124 22 industriela
316 792 140 28 inrättningar
470 792 107 23 äfvensom
591 792 121 28 skattlagda
721 795 48 25 torp
781 793 39 21 och
829 793 102 27 utjordar.

178 827 73 28 Enligt
264 827 129 22 Ständernes
407 827 64 22 tanke
485 833 51 16 vore
551 827 59 22 detta
624 827 55 21 bäde
693 827 116 27 oegentligt
823 827 40 22 och
881 827 52 21 obil-

177 861 45 28 ligt.
252 862 40 22 Väl
314 862 68 22 skulle
402 862 65 27 enligt
485 862 159 27 propositionen
659 862 26 21 de
699 861 8 22 i
723 861 104 22 enskildes
842 868 39 21 ego
896 861 37 22 be-

176 895 81 28 fintliga
278 895 159 28 privilegierade
451 895 152 28 lägenheterna
627 895 64 22 undfä
714 895 117 28 ersättning
853 895 78 23 härför.

178 930 50 23 Men
242 929 226 28 skjutsningsbesväret
482 931 25 20 är
520 936 26 15 en
561 930 72 21 städse
647 931 94 21 växande
756 929 73 28 börda,
846 930 39 22 och
896 930 37 22 det

177 967 25 20 är
223 964 94 27 omöjligt
339 966 33 20 att
392 963 94 23 beräkna
504 964 68 21 denna
590 964 87 27 tillväxt,
698 964 88 22 emedan
802 965 40 21 den
857 966 24 19 är
895 964 37 22 be-

176 999 80 22 roende
270 998 23 22 af
304 999 51 21 flere
370 998 151 22 samverkande
535 998 100 27 faktorer,
651 998 72 22 hvilka
733 999 17 26 ej
762 998 45 22 läta
816 998 116 28 uppskatta

176 1033 38 28 sig.
244 1033 32 22 På
296 1039 41 16 ena
358 1032 60 23 sidan
437 1034 63 25 utgör
519 1033 36 21 det
571 1033 84 27 belopp,
670 1038 46 17 som
731 1033 62 22 dessa
807 1033 125 27 lägenheter

175 1067 69 22 skulle
257 1067 145 27 tillerkännas,
417 1067 8 22 i
440 1067 144 28 verkligheten
604 1067 122 28 ersättning,
741 1067 53 28 icke,
810 1069 70 20 såsom
894 1068 37 21 be-

176 1102 115 27 räkningen
305 1101 8 22 i
328 1102 40 21 den
386 1101 76 27 nädiga
481 1101 158 28 propositionen
654 1102 95 27 antyder,
764 1101 33 22 för
811 1102 43 21 alla
868 1103 61 26 tider,

175 1138 52 20 utan
242 1135 55 22 blott
310 1135 34 22 för
358 1135 41 22 den
413 1137 71 26 tunga,
500 1142 45 15 som
559 1135 34 23 för
607 1136 37 21 det
658 1137 132 21 närvarande
803 1136 84 22 komme
897 1137 34 21 att

175 1170 81 22 drabba
277 1171 48 21 dem
348 1170 40 22 och
408 1170 83 21 säledes
512 1170 19 27 ej
551 1169 33 22 för
603 1170 41 21 den
664 1170 68 21 ökade
750 1169 73 28 börda,
839 1170 27 21 de
880 1170 7 21 i
902 1176 27 16 en

174 1208 52 19 star
241 1203 87 23 främtid
346 1203 56 28 finge
416 1203 126 26 vidkännas;
557 1204 112 21 hvarutom
683 1204 114 21 anmärkas
811 1204 48 27 kan,
875 1205 33 20 att
922 1204 7 21 i

175 1239 69 21 denna
265 1237 117 28 beräkning
398 1237 60 27 ingär
476 1237 133 27 godtgörelse
628 1238 74 21 endast
716 1237 35 22 för
763 1238 167 26 skjutsningsbe-

174 1273 76 24 sväret,
272 1274 50 19 men
343 1271 18 27 ej
380 1271 34 21 för
432 1271 146 29 skyldigheten
599 1272 32 20 att
645 1271 90 27 uppföra
750 1271 39 22 och
804 1271 125 22 underhålla

174 1305 250 28 gästgifveribyggnaden.
453 1299 19 28 Ä
487 1305 66 22 andra
567 1305 60 22 sidan
643 1306 47 21 äter
705 1311 51 16 vore
771 1305 42 27 det,
830 1311 34 16 om
879 1312 50 15 man

173 1339 108 28 verkligen
296 1339 79 28 äsyftar
386 1339 87 28 jordens
490 1338 108 23 befriande
612 1339 47 22 frän
674 1335 151 32 skjutsningen,
841 1340 87 23 alldeles

172 1375 48 22 icke
233 1375 8 21 i
254 1375 34 22 sin
305 1374 95 27 ordning,
418 1375 32 21 att
465 1374 70 23 lemna
550 1375 27 21 de
591 1374 161 28 privilegierade
766 1375 162 27 lägenheternas

174 1415 62 22 egare
249 1409 49 23 hela
317 1409 69 23 denna
403 1408 124 28 ersättning,
547 1410 23 27 ty
584 1409 7 21 i
605 1408 44 28 fall,
665 1409 70 22 säsom
751 1410 36 22 det
802 1412 24 20 är
840 1412 33 20 att
886 1409 43 23 för-

172 1446 54 25 utse,
249 1444 69 22 derna
338 1446 66 25 tunga
425 1444 84 22 komme
530 1446 33 20 att
581 1444 44 21 förr
643 1444 52 22 eller
714 1450 74 16 senare
803 1444 62 28 lyftas
879 1444 49 23 från

169 1478 82 28 jorden,
266 1484 51 16 vore
332 1479 37 21 det
382 1478 89 22 sålunda
485 1478 81 27 utgifna
580 1478 104 27 kapitalet
694 1474 33 26 att
737 1479 109 22 betraktas
856 1480 71 21 såsom
