1025 1698
282 138 29 24 U.
326 139 28 22 B.
371 152 25 3 —
412 138 75 29 Prop.
502 138 45 24 N:o
562 138 35 23 19.

303 468 190 25 Sammansatta
519 468 63 31 Lag-
608 466 47 26 och
680 466 135 26 Ekonomi-

235 510 145 23 utskottets
406 510 81 22 andra
512 508 95 31 förslag
628 508 42 24 till
691 515 126 17 samman-

231 549 139 31 jemkning
382 549 28 24 af
420 550 31 22 de
464 548 82 24 delvis
559 548 153 32 skiljaktiga
724 549 93 28 beslut,

235 589 76 25 hvari
324 590 109 23 stånden
447 590 105 23 stannat
565 589 44 24 vid
621 589 158 31 behandling
792 589 29 24 af

235 630 145 24 utskottets
388 630 165 24 betänkande
571 629 46 24 N:o
627 629 16 23 6
657 629 8 23 i
679 629 140 31 anledning

235 670 29 24 af
274 670 74 24 Hans
362 670 145 32 Kejserliga
516 670 135 31 Majestäts
659 669 95 31 nådiga
763 676 56 24 pro-

235 710 116 32 position,
368 710 132 31 angående
519 710 130 30 reglering
666 710 29 23 af
710 711 109 29 prester-

236 751 108 30 skapets
369 750 112 31 aflöning
504 750 8 23 i
538 750 102 24 landets
666 750 153 31 evangelisk

236 791 139 23 lutherska
392 790 186 31 församlingar.

135 846 70 23 Sedan
221 847 105 22 utskottet
340 847 34 21 till
390 846 119 23 Ständerna
519 846 99 23 aflemnat
628 846 81 28 förslag
719 847 34 22 till
764 853 55 16 sam-

66 883 159 26 manjemkning
245 882 23 21 af
285 882 26 21 de
330 882 67 21 delvis
417 881 124 28 skiljaktiga
559 881 76 27 beslut,
653 882 61 21 hvari
730 881 89 22 stånden

66 919 86 19 stannat
167 917 35 21 vid
217 917 157 26 behandlingen
385 916 23 22 af
417 917 115 21 utskottets
542 916 135 22 betänkande
687 917 7 21 i
705 917 114 27 anledning

66 952 23 21 af
109 952 60 21 Hans
193 952 122 26 Kejserliga
332 951 112 27 Majestäts
463 951 78 27 nådiga
558 951 131 27 proposition
709 951 110 27 angående

66 986 108 27 reglering
196 986 23 21 af
239 986 171 27 presterskapets
434 985 98 27 aflöning,
555 992 48 15 men
622 986 92 21 berörda
732 986 87 26 förslag,

66 1020 67 28 enligt
154 1020 57 22 hvad
233 1020 106 22 utskottet
360 1020 113 22 tillställda
495 1020 196 27 protokollsutdrag
713 1020 76 26 utvisa,
813 1020 7 21 i

66 1056 58 21 vissa
134 1055 61 21 delar
205 1055 24 21 af
237 1055 107 21 särskilda
356 1055 61 21 stånd
428 1055 47 21 icke
485 1054 70 22 blifvit
565 1054 115 28 godkändt,
691 1055 39 21 har
738 1055 81 21 utskot-

66 1092 32 20 tet
112 1092 44 19 sett
179 1090 32 26 sig
233 1090 116 21 föranlåtet
365 1091 31 19 att
410 1090 49 20 med
472 1096 25 14 en
508 1090 124 26 ytterligare
643 1089 158 27 framställning
813 1090 7 20 i

66 1124 89 22 ärendet
170 1124 34 21 till
221 1124 119 22 Ständerna
355 1124 118 21 inkomma:

325 1170 33 21 1:0
373 1169 133 21 beträffande
521 1168 12 28 $
548 1169 17 21 7.

135 1209 11 21 I
165 1210 70 20 denna
255 1210 35 21 del
308 1210 64 21 hafva
389 1209 158 27 Ridderskapet
561 1209 39 21 och
614 1209 69 21 Adeln
699 1211 55 20 samt
768 1210 53 21 Bor-

67 1250 61 22 gare-
144 1244 39 21 och
198 1244 165 21 Bondeständen
377 1244 95 26 godkänt
489 1243 40 22 den
544 1244 23 21 af
580 1244 106 21 utskottet
699 1244 124 27 föreslagna

67 1279 81 27 lydelse
169 1278 34 22 för
222 1278 7 22 i
247 1278 61 27 fråga
322 1278 93 22 varande
431 1279 19 27 &,
466 1279 111 21 hvaremot
590 1278 168 27 Presteständet,
774 1280 49 20 med

70 1313 138 21 förkastande
224 1312 23 21 af
260 1313 116 21 utskottets
390 1312 297 27 sammanjemkningsförslag
698 1312 70 22 sävidt
778 1314 45 20 det-

68 1354 80 15 samma
164 1347 63 21 rörde
243 1347 152 26 smörtionden,
410 1346 108 22 vidblifvit
533 1347 38 20 sitt
584 1346 74 21 härom
672 1346 58 21 förut
740 1346 81 22 fattade

67 1382 77 21 beslut.

135 1416 42 21 Vid
193 1415 76 22 sädant
284 1415 140 26 förhällande,
442 1415 39 21 och
496 1415 27 21 dä
533 1415 81 27 frägan,
625 1414 28 27 pä
663 1416 43 19 sätt
716 1415 105 21 utskottet

68 1451 138 21 härförinnan
222 1449 124 27 frambhällit,
362 1451 24 20 är
400 1449 23 22 af
432 1449 105 27 privilegii
547 1451 70 24 natur,
628 1455 35 15 ser
673 1449 33 27 sig
716 1449 105 22 utskottet

136 1491 62 18 Andra
211 1491 77 22 bihanget
306 1490 28 17 till
345 1490 95 17 Sammans.
454 1490 39 21 Lag
505 1495 14 12 o.
531 1489 170 18 Ekonomiutskottets
712 1490 30 17 bet.
755 1490 35 17 N:o
804 1490 16 17 6.
