1042 1706
239 143 13 19 6
420 145 26 17 U.
467 146 30 16 B.
514 154 22 2 —
554 146 81 20 Prop.
652 144 46 18 N:o
713 145 37 17 20.

278 208 170 24 Bondeständet

414 256 83 26 antagit
520 255 36 21 det
577 256 66 24 förra,
665 255 22 21 af
709 256 108 20 utskottet
843 254 109 22 eventuelt

346 289 136 21 framställda
498 289 143 22 alternativet.

279 324 118 26 Angående
419 330 62 15 mom.
503 324 13 20 2
531 324 23 20 af
567 324 12 27 &
595 324 26 20 38
636 325 55 19 samt
706 324 12 26 $
738 324 25 20 46
779 323 110 22 innehålla
906 329 48 21 pro-

212 358 188 25 tokollsutdragen
415 358 47 20 äter
477 359 33 19 att

281 410 163 27 Ridderskapet
460 410 42 22 och
518 410 69 22 Adeln

416 456 84 26 antagit
522 456 63 21 dessa
607 456 25 27 $$
653 457 7 20 i
683 456 95 27 enlighet
801 456 48 21 med
872 455 81 22 utskot-

349 491 43 19 tets
408 490 68 21 första
491 490 122 23 alternativ,

282 539 176 25 Presteständst

350 587 61 26 gillat
433 587 5 28 $
454 587 26 21 38
495 587 6 21 i
518 588 49 21 dess
583 588 74 21 helhet
672 588 39 21 och
727 588 84 26 antagit
826 587 11 26 $
854 587 33 26 46,

282 637 195 30 Borgareständet

419 691 45 15 som
479 685 6 20 i
502 686 32 20 ett
549 687 66 20 annat
630 685 101 21 afseende
746 686 87 20 stannat
848 685 6 20 i
871 686 31 19 ett
910 684 47 21 från

352 719 25 21 de
400 721 32 19 tre
448 719 70 26 öfriga
533 720 91 21 ständen
640 719 122 26 skiljaktigt
779 719 70 21 beslut
864 719 94 20 rörande

351 753 11 26 8
385 753 33 25 38,
441 755 55 19 samt
511 753 34 20 för
567 753 11 26 &
598 753 25 20 46
639 753 96 26 godkänt
758 753 41 20 den
821 752 88 27 lydelse,
925 754 33 18 ut-

352 786 93 21 skottets
467 787 70 20 första
559 787 115 21 alternativ
692 786 126 26 innehäller,
837 785 72 26 likväl,
926 785 33 21 för

350 821 40 20 den
414 821 103 21 händelse
540 823 32 19 att
588 821 130 21 Ständernas
734 821 73 21 beslut
820 821 8 20 i
843 820 116 27 anledning

352 855 23 21 af
388 855 78 26 nädiga
481 855 161 27 propositionen
658 855 111 26 angäende
784 855 128 21 lösdrifvare
920 854 40 21 och

354 889 62 21 deras
432 889 131 27 behandling
579 889 47 21 icke
642 889 69 21 blefve
726 889 24 21 af
763 889 60 21 Hans
838 888 123 27 Kejserliga

353 923 101 27 Majestät
476 923 138 26 stadfästadt,
634 925 87 19 stannat
738 924 8 20 i
761 923 113 21 enahanda
889 922 71 22 beslut

351 957 92 21 rörande
466 958 63 21 dessa
552 958 23 27 $$
601 963 45 15 som
669 957 63 21 ofvan
754 957 161 27 beträffande
902 953 13 37 &
934 957 25 20 15

354 991 92 26 anförts;
462 993 56 20 samt

286 1040 170 25 Bondeständet

422 1089 79 21 bifallit
516 1090 119 21 utskottets
650 1090 56 20 bäda
721 1089 115 21 alternativ
845 1089 115 24 eventuelt,

356 1122 36 21 det
414 1123 59 21 förra
494 1123 69 21 under
585 1123 162 26 förutsättning,
763 1124 32 20 att
811 1123 36 21 det
861 1122 24 22 af
899 1122 61 21 Stän-

355 1157 66 21 derna
436 1157 36 21 vid
487 1164 29 14 nu
531 1157 112 27 pägäende
658 1157 105 27 landtdag
778 1159 95 25 antagna
880 1156 81 27 förslag

354 1190 34 22 till
410 1191 127 27 förordning
559 1192 112 26 angäende
692 1192 129 21 lösdrifvare
843 1192 39 20 och
898 1191 63 21 deras

355 1224 131 27 behandling
504 1225 71 21 blefve
590 1226 23 20 af
626 1225 60 21 Hans
702 1225 121 27 Kejserliga
838 1225 101 27 Majestät
954 1225 7 20 i

355 1258 67 21 näder
444 1258 118 25 faststäldt,
578 1258 39 21 och
633 1258 36 21 det
684 1264 76 15 senare
775 1258 139 22 alternativet
929 1258 33 21 för

356 1292 40 21 den
412 1292 104 20 händelse
531 1293 35 19 att
581 1292 66 26 sagda
662 1292 82 26 förslag
759 1292 92 21 förfölle.

290 1331 48 22 Som
362 1332 35 20 det
414 1332 7 20 i
437 1332 79 26 nädiga
531 1332 162 26 propositionen
708 1332 111 26 angäende
834 1332 129 21 lösdrifvare

222 1366 39 20 och
291 1366 62 21 deras
382 1366 130 26 behandling
535 1366 90 26 intagna
646 1366 81 27 förslag
749 1366 34 21 till
805 1366 128 27 författning
955 1367 7 20 i

222 1402 72 19 ämnet
308 1400 72 21 blifvit
396 1400 23 21 af
433 1400 120 22 Ständerna
569 1401 76 21 endast
660 1402 48 20 med
723 1401 107 21 särskilda
845 1400 116 28 ändringar

223 1437 88 24 antaget
325 1441 48 14 men
394 1435 37 20 det
453 1436 57 19 ännu
533 1437 23 19 är
578 1435 108 26 oafgjordt
707 1436 106 20 huruvida
835 1436 127 20 ständernas

222 1469 72 21 beslut
310 1470 76 20 varder
402 1469 22 21 af
438 1469 60 22 Hans
514 1469 121 28 Kejserliga
650 1469 101 28 Majestät
759 1470 137 26 stadfästadt,
905 1470 56 21 hem-

291 1515 66 22 Bihang
369 1515 28 18 till
409 1515 173 19 Ekonomiutskottets
595 1516 103 17 betänkande
710 1516 34 17 N:o
757 1515 16 17 8.
