1028 1700
193 149 27 21 22
475 148 53 22 N:o
544 147 54 23 ?0.

166 217 32 20 att
216 215 121 26 klaganden
355 215 80 21 tilltror
451 215 32 27 sig
498 216 73 21 kunna
586 215 51 26 visa,
653 216 33 21 att
700 215 94 22 beslutet
810 215 17 26 ej
843 215 8 20 i
866 215 50 26 laga

166 249 91 26 ordning
279 249 133 26 tillkommit;
436 249 39 21 och
493 249 67 27 gäller
579 249 34 21 för
631 249 67 22 sådan
712 249 79 27 klagan
806 249 109 21 äfvensom

166 283 34 21 för
214 283 71 21 talans
301 283 133 27 fullföljande
450 285 44 20 mot
510 285 64 20 annat
589 283 24 21 af
626 284 64 21 dessa
699 283 149 27 myndigheter
858 283 59 21 med-

168 317 72 21 deladt
255 317 72 21 beslut
342 318 6 20 i
363 317 173 27 fattigvårdsmål
551 318 55 20 hvad
621 318 7 20 i
644 318 112 21 enahanda
771 317 100 22 afseende
881 317 36 21 be-

168 351 104 22 träffande
288 351 218 22 kommunalärenden
521 353 7 20 i
544 352 115 21 allmänhet
674 355 24 18 är
714 353 106 25 stadgadt.

225 386 18 20 3.
267 385 76 21 Ehvad
358 385 78 27 klagan
451 385 70 22 blifvit
537 385 75 22 anförd
628 386 52 21 eller
695 386 53 25 icke,
763 388 23 19 är
798 385 117 26 Guvernör,

168 419 50 20 dess
233 419 139 27 embetspligt
392 420 122 28 likmätiet,j
526 419 137 22 oförhindrad
681 421 33 20 att
730 420 34 21 till
778 419 139 28 fattigvärds-

169 453 108 27 samhälle,
298 459 46 16 som
362 453 68 22 finnes
448 454 62 21 hafva
531 455 32 20 sin
579 451 123 30 skyldighet
716 455 8 20 i
739 456 31 19 ett
786 455 51 20 eller
853 455 66 20 annat

169 488 100 21 afseende
284 488 113 27 äsidosatt,
416 488 64 22 afläta
495 489 149 26 föreställning
659 489 45 26 och,
721 489 37 20 der
774 489 89 21 rättelse
877 488 40 21 lik-

169 522 35 22 väl
223 523 18 26 ej
261 522 70 27 följer,
350 523 36 20 vid
400 523 100 27 lämpligt
514 524 43 20 vite
572 523 91 21 tillhälla
678 523 114 21 samhället
806 525 33 19 att
854 522 64 22 ställa

169 557 33 26 sig
218 557 167 26 anmärkningen
401 557 32 21 till
449 557 149 22 efterrättelse.

514 626 11 27 S
541 628 33 19 46.

242 666 64 25 Öfver
322 671 232 26 fattievärdsstyrelses
571 671 76 26 beslut,
664 677 45 14 som
725 671 47 21 icke
788 671 66 26 enligt
869 671 11 26 $
892 670 26 20 45

171 711 61 15 mom.
251 705 9 20 1
277 705 74 21 tillhör
369 705 45 20 deri
432 705 92 21 nämnda
542 705 134 26 myndighets
697 705 2 20 i
714 705 130 21 kommunen
861 703 58 28 pröf-

171 740 56 25 ning,
243 739 35 20 mä
293 739 77 21 besvär
385 739 38 20 hos
444 739 137 21 Guvernören
597 739 86 21 anföras
700 740 28 26 pä
743 741 44 20 sätt
802 739 39 21 och
856 739 6 21 i
879 739 42 21 den

172 773 96 26 ordning,
289 780 45 14 som
351 779 34 15 om
400 773 76 21 besvär
493 775 56 20 emot
565 780 81 15 samma
660 774 135 27 myndighets
810 773 71 21 beslut
897 775 24 19 är

171 807 144 22 föreskrifvet.

516 842 12 27 8
544 843 32 20 47.

244 887 37 21 Uti
300 887 150 22 Guvernörens
469 889 71 25 utslag
559 888 32 21 fär
610 888 90 26 ändring
716 888 63 21 sökas
794 887 7 22 i
818 887 103 22 Senatens

173 922 269 27 Ekonomiedepartement
464 929 75 20 genom
559 922 83 26 besvär,
670 928 46 15 som
734 922 57 21 inom
807 922 62 21 nittio
886 922 36 21 da-

173 963 38 20 gar
233 957 55 20 efter
311 957 127 24 delfäendet,
462 957 68 26 dagen
550 957 26 20 dä
592 957 36 20 det
643 956 80 21 skedde
738 957 65 20 likväl
820 956 102 25 oräknad,

174 991 53 20 böra
245 991 32 20 till
293 991 92 20 nämnda
400 991 154 26 Departement
569 991 51 21 eller
636 991 139 21 Guvernören
790 990 110 26 inlemnas,
916 990 8 21 i

173 1025 82 21 hvilket
274 1025 133 20 sistnämnda
424 1025 38 20 fall
481 1026 74 25 denne,
574 1025 54 21 efter
644 1025 36 21 det
695 1025 170 21 vederbörandes
881 1025 43 21 för-

174 1059 85 27 klaring
281 1059 70 21 blifvit
373 1059 117 26 infordrad,
509 1059 100 21 insänder
627 1059 154 26 handlingarne
794 1059 66 27 jemte
876 1060 49 25 eget

174 1093 112 21 utlätande
302 1093 32 20 till
350 1093 98 21 bemälda
464 1093 158 27 Departement.
651 1094 45 26 Lag
712 1099 81 15 samma
808 1093 68 27 gäller
891 1092 33 22 för

174 1127 135 27 fullföljande
324 1127 23 21 af
361 1127 78 26 klagan
455 1127 59 21 öfver
529 1127 82 28 åtgärd,
628 1133 45 16 som
686 1127 139 22 Guvernören
836 1126 88 28 enligt
910 1122 17 38 $

174 1163 28 20 45
218 1168 61 15 mom.
296 1162 12 21 3
325 1161 70 21 funnit
409 1161 75 27 nödigt
500 1162 93 25 besluta;
610 1162 54 20 dock
680 1162 54 21 skall
748 1162 7 20 i
766 1162 105 21 hvardera
885 1161 40 20 fal-

176 1197 30 20 let
229 1196 150 21 Guvernörens
403 1197 71 25 utslag
496 1197 26 25 gä
545 1197 7 20 i
576 1196 162 27 verkställighet
760 1198 52 19 utan
835 1195 91 21 afbidan

176 1231 22 21 af
218 1230 161 21 besvärstidens
400 1231 81 25 utgäng
503 1231 52 20 eller
577 1230 99 26 pröfning
694 1230 23 21 af
734 1230 26 20 de
778 1229 148 26 underdäniga

175 1265 110 20 besvären.

521 1297 11 28 $
548 1298 35 21 48.

249 1345 67 21 Sökes
340 1345 90 26 ändring
453 1344 31 21 uti
504 1344 150 21 Guvernörens
669 1343 72 28 utslag
755 1343 8 21 i
778 1343 42 21 mål
835 1342 92 22 rörande

177 1380 78 27 tiggeri
271 1380 53 21 eller
339 1379 81 22 sådana
434 1379 121 26 förseelser,
573 1385 44 15 som
632 1378 7 21 i
655 1378 11 27 $
682 1379 26 20 33
724 1384 62 15 mom.
803 1378 13 21 4
827 1377 40 22 och
877 1377 12 28 $
901 1377 26 21 38

176 1421 63 15 mom.
256 1415 12 20 5
285 1414 127 22 omnämnda
435 1416 43 24 äro,
494 1414 75 21 länder
584 1413 32 22 till
632 1413 145 21 efterrättelse
792 1412 55 21 hvad
862 1413 7 20 i
885 1412 43 21 för-

176 1449 120 27 ordningen
312 1449 109 27 angående
436 1448 129 22 lösdrifvare
581 1448 38 21 och
635 1447 62 22 deras
712 1447 130 26 behandling
856 1446 23 21 af
887 1447 42 21 den

373 1484 39 20 187
444 1483 67 21 finnes
523 1483 7 20 i
542 1482 110 22 enahanda
667 1481 101 21 afseende
783 1480 145 22 föreskrifvet.
