1011 1706
231 150 13 20 2
394 146 79 23 Ständ.
490 146 35 23 Sv.
541 160 27 2 —
583 146 70 28 Prop.
668 146 40 22 N:o
724 146 33 21 17.

270 216 43 22 Vid
328 215 153 28 granskningen
496 214 22 21 af
531 215 38 20 den
585 214 117 27 föreslagna
717 214 116 27 lagtextens
846 214 100 20 särskilda

201 249 155 29 bestämningar
377 249 62 21 hafva
461 248 116 22 Ständerna
598 248 70 21 funnit
692 248 45 21 skäl
755 247 31 21 till
805 247 90 28 följande
914 256 32 12 an-

203 284 141 28 märkningar.

271 318 12 21 I
298 320 84 19 motsats
400 318 33 20 till
452 317 140 28 lagförslagets
611 316 64 21 andra
692 312 73 45 punkt,
781 316 86 21 hvilken
882 307 63 30 hand-

203 354 31 20 lar
251 360 34 13 om
303 352 139 22 bördsrättens
466 351 145 29 upphäfvande
626 350 7 21 i
649 350 50 26 stad,
716 354 22 17 är
753 350 6 21 1
775 350 63 22 första
852 350 95 28 punkten

203 386 164 29 uppenbarligen
387 386 57 28 fråga
459 393 33 13 om
507 385 140 21 bördsrättens
662 384 153 28 inskränkning
829 384 26 28 på
870 385 75 25 landet,

203 424 51 19 utan
269 423 30 19 att
313 420 72 22 sådant
400 420 36 22 der
451 420 65 21 finnes
531 419 98 22 särskildt
646 419 98 21 utmärkt.
774 419 76 21 Denna
858 419 54 29 brist
921 418 26 30 på

203 456 132 21 bestämdhet
348 455 62 21 hafva
426 454 117 22 Ständerna
557 456 50 19 trott
622 453 31 28 sig
668 454 48 21 böra
729 452 94 30 afhjelpa
833 461 74 20 genom
918 456 29 19 att

205 490 93 28 inskjuta
313 489 87 21 orden
391 484 12 38 å
418 488 71 22 landet
504 488 87 22 emellan
607 488 63 20 orden
686 488 51 21 börd
752 488 39 21 och
805 496 43 20 ega.

275 524 42 21 För
332 524 12 20 3
361 525 13 25 &
390 525 12 19 6
418 524 46 27 kap.
480 524 22 20 J.
513 523 25 21 B.
550 527 22 17 är
582 522 8 21 i
600 522 39 21 den
655 521 74 29 nådiga
744 522 153 28 propositionen
913 522 35 21 föl-

204 558 63 28 jande
289 558 79 28 lydelse
390 558 123 27 föreslagen:
547 552 52 26 »Äro
622 556 111 21 bördemän
752 557 55 25 flera,
827 564 43 14 som
886 556 62 22 börda

204 592 56 28 vilja,
278 592 43 21 löse
340 592 73 21 broder
436 591 83 21 broders
537 591 38 21 lott
594 590 37 21 och
651 597 66 21 syster
732 593 76 26 systers
823 591 44 21 lott.
898 591 50 21 Kan

205 626 40 21 den
258 626 47 28 jord
320 625 17 28 ej
354 626 61 24 delas,
433 626 49 20 eller
497 624 40 22 tåla
553 632 44 14 mer
612 628 25 17 än
654 632 24 13 en
696 624 43 26 åbo,
755 625 37 21 och
803 624 88 29 åsämjer
902 624 47 22 dem

205 660 18 27 ej
239 660 135 21 hvilkendera
392 659 64 21 börda
475 659 61 25 skall;
557 660 42 20 löse
615 658 45 26 den,
677 666 45 13 som
737 660 65 20 större
817 658 33 22 del
865 658 82 22 hafver:

206 701 37 20 ega
258 694 25 21 de
298 694 42 21 lika
356 694 40 24 del;
414 692 25 22 dä
454 693 53 21 skall
522 693 76 27 derom
607 692 80 22 lottass.
718 692 77 22 Denna
810 693 108 21 redaktion
928 693 22 21 af

207 728 122 28 paragrafen
344 735 61 21 synes
420 726 109 23 förutsätta
545 728 104 20 fortvaron
664 727 23 21 af
699 727 55 21 olika
769 727 83 22 arfsrätt
865 727 31 21 för
906 728 43 20 bro-

206 763 36 21 der
257 763 38 21 och
310 766 72 24 syster,
399 762 74 22 medan
489 762 42 21 lika
546 761 82 22 arfsrätt
644 761 31 21 för
689 762 102 21 hvardera
801 766 22 17 är
833 762 115 28 föreslagen

206 797 7 21 i
229 797 74 28 nådiga
318 796 159 29 propositionen,
496 796 116 28 »angäende
628 795 87 29 ändring
730 796 22 21 af
766 804 29 12 nu
803 796 94 28 gällande
909 797 40 27 lag-

206 831 41 21 bud
270 839 32 13 om
325 830 93 29 giftorätt
439 831 37 21 och
497 830 32 21 arf
547 830 51 22 efter
618 830 100 22 landsrätt
737 833 54 19 samt
809 839 33 13 om
858 838 91 20 morgon-

205 866 81 28 gäfva<,
303 865 85 21 hvilken
404 864 127 30 proposition
545 864 105 22 allaredan
665 864 69 22 blifvit
749 864 22 22 af
785 864 117 22 Ständerna
916 873 33 13 an-

206 902 62 26 tagen
283 899 26 29 pä
323 901 46 23 sätt,
386 898 116 23 Ständerna
517 899 30 21 uti
565 898 128 31 underdänig
708 898 109 22 skrifvelse
832 899 23 21 af
868 899 40 21 den
923 900 26 21 31

207 934 94 22 sistlidne
318 933 40 29 Maj
376 934 70 21 derom
461 937 83 18 anmält.
577 928 16 26 Ä
609 933 64 21 andra
687 934 59 21 sidan
762 938 23 16 är
800 934 5 20 i
822 934 74 28 nådiga
907 942 43 20 pro-

206 968 122 29 positionen,
353 968 117 28 »angående
492 967 143 29 förändringar
654 967 6 21 i
679 968 70 28 lagens
772 968 126 28 stadganden
917 976 32 13 om

207 1003 60 23 oäkta
286 1002 61 22 barns
366 1002 102 25 arfsrätt«,
484 1002 115 28 föreslaget,
616 1002 62 21 bland
693 1004 69 23 annat,
779 1004 30 20 att
823 1003 62 21 oäkta
899 1003 52 21 barn

207 1036 53 22 skall
282 1036 57 22 ärfva
361 1036 32 21 sin
415 1036 77 26 moder,
515 1044 48 13 men
583 1037 7 20 i
610 1036 35 21 fall
666 1036 47 22 äkta
732 1036 151 29 bröstarfvinge
899 1037 52 21 efter

206 1071 68 21 henne
296 1071 71 24 finnes,
386 1074 47 24 taga
453 1071 51 21 blott
527 1070 48 22 halft
592 1073 44 18 mot
656 1070 47 22 äkta
721 1071 56 21 barn.
808 1071 72 28 Enligt
896 1071 54 21 hvad

207 1105 117 21 Ständerna
342 1104 32 21 uti
392 1105 108 21 skrifvelse
519 1104 23 22 af
555 1105 39 21 den
610 1105 26 20 29
652 1104 101 22 sistvikne
770 1105 42 28 Maj
828 1105 7 21 i
850 1105 101 22 underdå-

207 1139 73 28 nighet
300 1138 170 29 tillkännagifvit,
490 1143 21 16 är
528 1138 78 29 jemväl
626 1139 126 21 sistnämnda
772 1139 75 28 nådiga
862 1140 89 28 proposi-

207 1173 44 21 tion
265 1172 8 21 i
287 1172 119 22 hufvudsak
425 1172 23 21 af
466 1173 116 21 Ständerna
602 1175 93 26 antagen.
726 1173 49 22 Med
790 1173 96 22 afseende
901 1173 51 22 härå

207 1207 38 21 och
261 1207 26 21 då
301 1207 35 21 det
351 1214 61 21 synes
427 1207 49 21 böra
491 1207 109 25 undvikas,
616 1209 30 19 att
659 1207 106 28 samtidigt
776 1208 109 26 tillkomna
895 1208 57 27 lagar

207 1240 71 21 kunde
293 1248 59 13 anses
368 1240 30 21 stå
413 1241 7 20 i
436 1241 121 26 motsägelse
572 1241 33 20 till
620 1241 122 24 hvarandra,
759 1241 62 20 hafva
835 1241 116 21 Ständerna

207 1276 50 19 trott
279 1274 32 27 sig
332 1274 48 21 böra
400 1273 21 22 åt
441 1274 240 27 begynnelsemomentet
699 1274 23 20 af
739 1275 12 20 3
768 1275 13 25 8
797 1275 12 20 6
824 1275 47 28 kap.
887 1275 22 21 J.
925 1275 25 21 B.

207 1307 56 29 gifva
278 1315 26 14 en
319 1307 126 22 allmännare
460 1308 78 28 lydelse
553 1307 23 22 af
588 1307 92 22 innehåll
696 1310 35 23 att,
749 1308 26 21 då
789 1308 113 22 bördemän
917 1313 34 17 äro

207 1342 55 22 flere,
278 1349 44 14 som
342 1342 62 21 börda
425 1341 54 30 vilja,
495 1343 78 21 enhvar
588 1350 48 21 eger
651 1343 42 21 lösa
709 1343 40 21 den
764 1343 45 26 lott,
825 1351 44 14 som
884 1344 67 21 skulle

206 1377 116 21 tillkomma
340 1377 76 21 honom
431 1376 5 22 i
453 1376 36 26 arf,
506 1377 68 22 derest
595 1377 63 28 ingen
673 1385 68 14 annan
757 1382 26 17 än
797 1378 154 22 bördemännen

207 1419 48 14 vore
271 1411 98 28 säljarens
384 1411 100 29 arfvinge.

275 1445 43 23 Vid
339 1445 122 23 affattandet
479 1445 22 22 af
519 1447 40 21 den
581 1446 8 21 i
606 1447 152 28 propositionen
782 1447 114 28 föreslagna
912 1456 41 20 nya

206 1481 105 28 lagtexten
332 1480 32 21 för
378 1481 13 20 4
406 1481 14 25 &
436 1481 12 20 6
463 1481 47 28 kap.
525 1481 22 21 J.
565 1481 24 20 B.
606 1489 62 20 synes
685 1481 61 22 hafva
770 1481 68 22 blifvit
853 1481 101 22 förbisedt
