1045 1706
419 137 52 23 N:o
488 137 25 22 9.

366 336 68 23 Hans
451 336 146 29 Kejserliga
612 336 138 28 Majestäts
765 334 79 32 nådiga

297 370 130 29 proposition
449 370 33 24 till
501 370 102 24 Finlands
621 370 94 29 Ständer,
734 368 109 30 angående

296 404 124 30 inteckning
439 404 6 23 i
464 404 97 24 enskilda
573 404 270 30 jernvägsanläggningar.

161 480 94 21 Emedan
279 481 35 21 det
337 483 82 18 ansetts
439 487 51 14 vara
505 481 110 27 gagneligt
630 481 32 21 till
678 481 165 22 underlättande

91 515 24 20 af
133 515 126 26 jernvägars
282 515 134 26 anläggande
436 515 56 21 inom
508 515 73 22 landet
595 521 77 20 genom
687 515 108 22 enskildes
811 516 32 21 åt-

91 549 59 26 gärd,
166 551 33 20 att
213 550 113 26 möjlighet
340 549 70 22 blefve
426 550 80 21 beredd
520 550 35 21 för
570 550 53 25 dem,
640 550 72 21 hvilka
722 550 120 22 försträcka

91 584 119 27 penningar
229 584 32 21 till
277 584 114 21 utförande
407 583 23 22 af
444 583 71 28 dylika
530 585 89 25 företag,
636 585 33 20 att
683 585 83 26 erhålla
780 587 62 24 pant-

91 619 44 20 rätt
153 618 33 21 för
206 619 47 20 sina
268 618 123 26 fordringar
406 619 32 20 uti
451 619 124 26 jernvägen,
590 619 40 20 har
646 619 59 20 Hans
721 618 121 27 Kejserliga

90 652 104 27 Majestät
215 652 33 21 till
271 652 101 21 Finlands
396 652 24 21 år
444 653 54 20 1872
517 653 130 21 församlade
667 652 91 22 Ständer
773 652 69 22 aflåtit

89 687 65 26 nådig
166 687 135 27 proposition
318 693 34 15 om
367 687 120 26 antagande
503 687 23 20 af
540 693 25 15 en
582 687 132 26 förordning,
730 687 111 26 angående

90 721 121 27 underpant
226 721 7 20 i
246 721 259 27 jernvägsanläggningar
520 721 6 20 i
542 721 73 21 landet
633 721 38 21 och
691 721 35 22 till
741 722 48 21 dem
804 721 38 22 hö-

89 755 67 22 rande
171 755 43 22 fast
229 755 40 21 och
284 756 32 20 lös
332 755 110 26 egendom.

159 789 120 22 Ständerna
297 789 63 22 hafva
378 789 34 21 till
427 795 50 16 svar
492 790 52 21 härå
559 790 7 21 i
582 790 170 27 underdånighet
766 792 74 26 yttrat,

89 825 65 20 bland
177 827 71 22 annat,
272 826 32 19 att
328 824 119 21 Ständerna
469 825 34 20 väl
526 825 46 20 icke
590 824 101 22 förbisett
707 825 36 22 det
758 825 84 27 skäliga

90 859 53 26 deri,
166 860 30 20 att
221 859 46 25 den,
291 865 46 14 som
352 859 117 20 försträckt
485 859 262 26 anläggningskostnaden
761 860 35 21 för
810 861 32 20 ett

89 893 91 26 företag,
203 893 39 21 bör
265 895 41 24 äga
328 893 62 20 bästa
406 894 44 19 rätt
465 896 33 18 att
513 899 25 15 ur
553 893 41 21 den
608 893 7 20 i
632 893 39 22 och
686 893 34 22 för
735 893 106 27 företaget

89 927 123 22 anskaffade
234 927 143 27 egendomens
396 927 66 21 värde
480 927 81 21 erhålla
576 927 110 27 betalning
701 928 34 21 för
750 929 33 20 sin
798 927 45 22 for-

89 962 59 25 dran,
171 967 48 15 men
242 963 31 20 att
297 961 127 25 Ständernä,
447 967 45 15 som
516 962 35 21 vid
573 962 92 21 nämnda
683 962 103 27 landtdag
800 962 40 21 hos

89 996 60 21 Hans
165 995 121 27 Kejserliga
302 996 102 27 Majestät
414 996 138 25 petitionerat
568 998 31 19 att
615 998 32 19 ett
662 996 124 27 lagförslag,
802 1003 38 15 an-

88 1030 83 27 gående
194 1029 166 27 grundvilkoren
382 1030 34 21 för
438 1029 163 22 koncessioners
621 1031 120 26 beviljande
756 1031 34 20 för
805 1037 37 15 en-

89 1065 71 20 skilda
172 1063 195 28 jernvägsföretag,
387 1064 67 21 måtte
470 1065 116 20 utarbetas,
603 1066 72 19 ansett
690 1066 33 19 att
737 1065 55 21 först
808 1071 34 15 se-

89 1099 41 21 dan
145 1104 77 21 genom
237 1105 26 15 en
278 1099 35 26 lag
329 1098 23 21 af
364 1098 163 26 ifrägavarande
538 1100 34 19 art
582 1098 124 22 utförandet
716 1099 23 20 af
747 1099 27 21 de
782 1099 58 26 jern-

88 1133 215 27 väesanläggningar,
320 1138 45 15 som
381 1133 184 26 koncessioneras,
577 1133 70 20 blifvit
658 1133 130 27 betryggadt
797 1139 43 15 me-

89 1167 56 22 delst
160 1167 101 26 lämpliga
277 1166 137 27 stadganden,
427 1166 58 21 tiden
495 1173 51 15 vore
558 1168 47 19 inne
617 1169 32 18 att
659 1167 7 20 i
677 1167 34 26 lag
722 1167 118 21 bestämma

89 1201 40 21 den
151 1201 146 21 förmänsrätt,
320 1207 46 14 som
384 1207 77 18 genom
481 1201 122 25 inteckning
618 1201 67 21 borde
700 1201 140 21 tillerkännas

88 1241 109 21 personer,
221 1235 72 20 hvilka
315 1236 44 19 mot
383 1234 142 26 obligationer
548 1235 51 20 eller
614 1235 68 20 andra
697 1234 143 21 förbindelser

87 1269 119 21 försträckt
221 1268 69 21 medel
305 1268 32 21 till
354 1274 25 14 en
392 1268 241 26 jernvägsanläggning;
651 1268 39 21 och
702 1268 66 21 hafva
778 1268 65 21 Stän-

89 1303 71 26 derna,
177 1302 46 21 dels
238 1302 28 27 pä
281 1302 69 26 grund
366 1302 67 25 häraf,
449 1302 45 20 dels
511 1303 48 20 med
572 1302 47 21 stöd
631 1301 24 22 af
663 1302 111 26 åtskilliga
784 1304 57 19 emot

89 1343 26 14 en
137 1337 34 20 del
194 1336 161 25 bestämningar
376 1335 33 20 uti
432 1336 40 19 den
491 1335 78 26 nädiga
587 1335 162 26 propositionen
764 1335 77 27 gjorda

89 1370 173 25 anmärkningar,
278 1369 81 21 anmält
374 1370 32 19 att
421 1369 161 26 propositionen
597 1369 47 20 icke
654 1369 83 21 kunnat
746 1369 24 20 af
778 1369 64 20 Stän-

89 1405 66 20 derna
170 1403 130 28 godkännas.

157 1439 70 22 Sedan
250 1438 60 21 Hans
332 1437 121 27 Kejserliga
476 1437 103 27 Majestät
600 1437 94 22 derefter
713 1438 41 21 den
773 1438 13 20 3
802 1437 41 21 Fe-

88 1474 74 21 bruari
184 1474 53 21 1876
257 1473 50 20 låtit
327 1472 87 21 utfärda
430 1478 25 15 en
470 1471 133 28 författning,
620 1472 109 27 angående
744 1471 98 22 vilkoren
