1045 1714
434 147 55 22 N:o
504 147 29 21 2.

384 379 68 23 Hans
468 378 147 29 Kejserliga
630 378 134 29 Majestäts
779 376 80 31 nådiga

314 414 132 29 proposition
464 413 32 24 till
511 413 102 24 Finlands
628 413 94 29 Stånder,
738 419 32 17 om
788 412 71 24 förän-

314 448 51 24 drad
383 448 81 30 lydelse
482 448 23 23 af
518 448 12 23 3
546 448 14 30 $
576 448 11 24 7
602 448 49 29 kap.
667 448 22 24 6.
705 447 30 30 B.,
750 445 109 32 angående

312 483 35 28 jäf
361 484 54 22 emot
430 482 125 30 äktenskap.

180 530 97 21 Emedan
292 530 108 21 bestämdt
415 530 119 27 stadgande
549 530 78 21 saknas
642 530 56 21 huru
708 530 50 27 lång
768 529 33 22 tid
811 528 49 23 med

109 565 68 28 vigsel
193 565 55 21 skall
264 565 67 26 anstå,
348 565 28 21 då
388 565 34 27 jäf
435 567 58 19 emot
511 565 118 27 äktenskap
648 565 67 22 under
730 564 129 27 lysningstid

111 600 101 26 anmäles,
228 599 39 21 och
282 600 8 20 i
305 599 142 21 betraktande
462 599 23 21 af
499 599 27 22 de
540 600 144 26 olägenheter,
700 599 73 22 hvilka
788 599 22 20 af
823 599 38 21 be-

109 635 64 20 rörde
188 634 56 21 brist
258 634 8 21 i
281 634 163 27 lagstiftningen
458 634 129 26 föranledas,
602 634 40 21 har
659 634 85 21 landets
759 633 35 22 vid
813 633 47 22 sed-

109 671 63 19 naste
186 669 105 26 landtdag
309 668 129 21 församlade
453 668 140 21 Prestestånd
612 670 71 20 ansett
701 667 138 22 föreskriften
853 667 8 21 i

111 705 12 19 3
139 703 11 27 8
167 704 11 20 7
194 703 48 27 kap.
259 702 25 21 G.
300 702 31 26 B.,
349 703 73 21 derom
441 704 32 19 att
492 703 46 26 den,
560 709 45 15 som
625 703 51 20 slikt
692 702 34 27 jäf
743 703 62 26 gjort,
820 702 41 21 bör

111 739 70 25 yStrax
196 737 40 22 hos
252 737 131 26 Konungens
397 737 239 27 Befallningshafvande
652 737 65 21 ställa
730 737 82 26 borgen
827 736 34 21 för

111 772 29 21 all
156 772 67 21 skada
238 771 39 22 och
292 771 93 22 kostnad
400 773 56 19 samt
472 772 65 21 sedan
556 773 51 26 taga
625 771 107 27 stämning
750 771 33 21 till
798 772 63 20 nästa

110 806 180 27 rättegängstima
305 806 12 21 &
333 805 46 27 den,
395 812 46 15 som
454 805 34 28 jäf
501 808 63 25 göres
580 807 73 26 emot*,
669 805 98 22 erfordra
782 807 31 20 ett
829 805 33 21 sä-

112 841 52 21 dant
179 841 81 26 tillägg,
277 842 38 25 att,
332 840 72 21 säsom
418 841 70 20 vilkor
504 841 33 21 för
551 840 132 27 rättigheten
698 842 33 19 att
745 840 22 21 fä
781 840 80 27 lysnin-

111 881 41 21 gen
166 875 95 26 inställd,
278 875 47 25 den,
341 881 46 14 som
400 874 68 27 jäfvet
483 875 87 26 anmält,
587 874 68 21 skulle
670 881 53 14 vara
734 875 84 26 skyldig
830 875 32 20 att

110 910 58 20 inom
188 909 44 20 viss
251 909 33 20 tid
301 909 55 20 efter
374 908 66 26 sagde
459 909 98 20 anmälan
575 909 33 20 till
624 909 154 26 Kyrkoherden
796 909 7 20 i
818 908 44 21 för-

112 943 118 26 samlingen
244 942 82 26 ingifva
342 942 59 21 bevis
416 941 48 22 frän
479 942 160 21 vederbörande
655 942 208 21 Guvernörsembete

111 977 105 25 deröfver,
232 978 32 19 att
282 976 82 27 borgen
381 976 34 21 för
434 976 93 21 kostnad
547 977 39 20 och
609 976 67 21 skada
698 977 70 20 blifvit
791 976 70 27 ställd,

112 1012 56 20 samt
182 1011 58 21 inom
254 1010 104 22 likaledes
373 1011 99 21 bestämd
487 1011 33 21 tid
536 1010 54 22 efter
604 1012 63 20 nästa
684 1010 179 28 rättegängstima

109 1046 80 26 jemväl
204 1045 39 21 hos
263 1045 156 27 Kyrkoherden
436 1045 69 21 förete
524 1046 60 26 intyg
603 1045 58 21 öfver
681 1045 79 27 jäfvets
782 1045 80 21 fullföl-

109 1080 66 27 jande
198 1079 36 22 vid
256 1080 49 25 laga
323 1080 98 25 domstol,
443 1080 99 21 hvarföre
559 1080 164 21 Presteständet
743 1080 40 20 hos
801 1080 61 20 Hans

112 1114 122 28 Kejserliga
248 1114 103 26 Majestät
368 1114 8 20 i
390 1114 171 27 underdänighet
579 1114 90 22 anhällit
687 1114 36 22 det
737 1115 60 21 Hans
811 1114 52 27 Kej-

112 1149 80 26 serliga
210 1148 102 27 Majestät
330 1148 83 22 täcktes
435 1148 110 28 förelägga
567 1149 84 21 landets
673 1150 190 20 nästsammanträ-

111 1183 69 21 dande
197 1183 91 21 Ständer
302 1183 66 26 nädig
382 1184 135 26 proposition
531 1184 7 20 i
554 1183 92 21 nämnda
661 1184 62 26 syfte.

179 1218 61 20 Hans
255 1217 121 27 Kejserliga
390 1217 108 27 Majestät,
518 1223 45 15 som
584 1217 47 21 icke
649 1217 83 21 kunnat
749 1217 115 27 godkänna

112 1252 40 20 den
175 1251 23 21 af
214 1251 163 21 Presteståndet
399 1251 97 21 uttalade
519 1252 57 26 åsigt
597 1253 32 19 att
651 1252 104 26 påbörjad
776 1251 86 27 lysning

111 1285 67 21 borde
193 1285 8 21 i
216 1285 54 27 följd
286 1284 23 22 af
322 1285 95 21 anmäldt
432 1284 164 28 äktenskapsjäf
609 1286 105 25 afstanna,
731 1288 50 18 enär
796 1286 67 26 något

113 1320 118 27 stadgande
247 1320 7 20 i
270 1319 77 21 sädant
363 1319 55 27 syfte
432 1320 8 20 i
455 1320 36 26 lag
507 1320 18 26 ej
541 1320 142 21 förekommer
699 1320 39 21 och
755 1320 47 21 icke
817 1320 44 21 hel-

112 1354 33 20 ler
160 1356 52 18 vore
226 1353 49 21 med
290 1353 123 26 lysningens
429 1353 98 27 ändamål
542 1353 107 26 förenligt,
661 1353 39 21 har
715 1353 96 21 deremot
826 1359 38 15 an-

112 1388 43 20 sett
178 1386 68 26 öfrige
268 1386 8 21 i
295 1386 141 21 ofvananförd
453 1386 68 21 mätto
541 1386 94 27 antydda
654 1388 98 19 närmare
769 1387 94 21 bestäm-

113 1421 78 21 melser
210 1421 33 21 till
264 1422 12 20 3
295 1421 12 28 $
323 1422 11 20 7
351 1420 48 28 kap.
415 1420 25 22 G.
455 1420 24 22 B.
496 1420 105 28 behöflige
619 1421 40 21 och
676 1421 57 28 förty
747 1422 58 21 velat
822 1421 41 22 hos

114 1456 187 22 Landtständerna
315 1455 80 22 föreslä
410 1457 33 20 att
452 1455 92 22 berörde
555 1456 138 27 lagparagraf
701 1456 70 22 skulle
781 1456 82 23 erhälla

113 1491 94 28 följande
222 1491 128 22 förändrade
365 1491 91 27 lydelse:
