1028 1709
418 135 62 21 Ständ.
497 135 29 21 Sv.
544 148 24 4 —
584 136 53 27 Prop.
653 135 32 22 N:o
701 136 30 21 19.

369 196 133 22 Protokollet
517 197 59 27 öfver
590 198 68 21 sädan
673 200 92 19 stämma
780 199 101 21 insändes
889 198 59 27 oför-

368 230 109 29 dröjligen
496 231 29 27 af
536 232 46 22 dess
597 232 133 27 ordförande
746 232 34 22 till
795 233 153 27 regleringsko-

369 266 71 25 miten,
464 265 37 22 och
526 266 24 21 de
574 266 46 22 med
637 266 180 22 stämmobeslutet
831 267 116 28 missnöjäe

369 301 86 21 anvisas
477 303 33 19 att
526 300 98 28 deröfver
639 300 80 28 anföra
735 301 73 22 besvär
822 301 37 22 hos
874 308 74 21 guver-

369 337 71 19 nören.
471 335 65 22 Föres
560 336 8 20 i
586 335 99 21 besvären
700 336 81 28 klagan
797 336 103 27 deröfver,
916 339 32 18 att

371 370 87 22 beslutet
482 370 44 21 icke
548 371 9 20 i
572 371 50 27 laga
638 370 93 28 ordning
747 370 128 26 tillkommit,
890 370 58 22 skall

368 406 131 25 guvernören
521 407 75 25 genast
617 405 72 21 derom
704 405 129 21 underrätta
849 405 99 27 komitén,

369 439 83 21 hvilken
474 439 52 27 icke,
550 440 67 20 innan
639 440 25 20 så
684 439 121 27 beskaffade
820 439 74 22 besvär
909 442 38 19 äro

369 474 101 27 slutligen
489 474 113 27 pröfvade,
625 474 35 20 må
683 474 33 21 sin
733 474 141 28 förrättning
890 474 58 21 inom

365 511 123 25 pastoratet
502 508 94 28 vidtaga.
625 508 88 27 Besvär,
728 508 74 21 hvilka
817 508 47 27 afse
879 508 69 28 belop-

367 546 36 24 pet
418 543 51 21 eller
486 542 156 28 fördelningen
657 542 29 27 af
697 542 26 22 de
733 542 130 28 föreslagna
878 542 70 29 afgif-

370 580 67 24 terna,
452 577 61 21 skola
528 577 92 21 deremot
635 576 28 27 af
674 578 132 26 guvernören
824 580 76 24 genast
915 576 33 28 öf-

368 612 117 21 verlemnas
508 611 34 21 till
564 611 97 26 komitén,
675 611 42 27 för
731 614 34 18 att
780 614 62 25 tagas
857 612 8 20 i
880 612 68 27 öfver-

369 646 97 28 vägande
487 646 36 20 vid
546 646 148 28 uppgörandet
712 645 29 28 af
753 646 46 20 dess
809 645 89 29 förslag
914 646 35 22 till

369 680 107 28 reglering
498 683 55 18 samt
576 683 32 18 att
631 680 119 21 sedermera
769 680 8 20 i
791 680 157 28 sammanhang

369 714 86 22 dermed
469 714 73 22 vidare
556 714 131 22 skärskådas
703 714 38 22 och
757 714 104 22 bedömas.

629 778 15 27 $
659 778 34 20 16.

425 817 51 22 Med
490 817 88 27 ledning
593 816 28 28 af
633 817 34 21 det
682 817 36 21 vid
729 816 159 29 kyrkostämma
896 824 54 20 upp-

369 852 86 21 rättade
472 850 90 30 förslag
585 851 37 22 och
642 850 54 28 efter
711 850 157 30 öfvervägande
884 851 28 27 af
924 852 25 21 de

363 886 167 28 förhållanden,
552 893 45 15 som
619 886 36 21 vid
677 886 100 21 lönernas
793 886 157 22 bestämmande

370 922 38 22 och
424 921 130 28 fördelning
576 921 67 27 enligt
664 920 172 28 ofvanstadgade
854 921 96 28 grunder

369 956 61 22 skola
458 959 61 25 tagas
547 956 8 20 i
578 954 143 25 betraktande,
744 957 84 25 uppgör
849 955 99 26 komitén,

369 991 63 21 hvars
454 990 175 22 sammanträden
652 989 51 21 böra
718 988 72 22 hållas
805 990 58 20 inom
875 992 75 24 pasto-

369 1028 63 22 ratet,
444 1026 38 20 sitt
492 1024 96 28 förslag.
619 1024 82 20 Finner
715 1023 93 22 komitén
823 1024 75 21 dervid
912 1026 37 18 nö-

370 1060 54 28 digt,
446 1062 33 18 att
501 1059 8 20 i
528 1058 66 22 saken
611 1058 126 28 ytterligare
751 1058 54 21 höra
817 1060 132 25 pastoratets

369 1094 143 24 medlemmar,
537 1092 84 22 utverke
635 1092 151 26 domkapitlets
796 1092 154 26 förordnande

370 1128 35 21 till
426 1126 138 22 anställande
587 1125 29 28 af
632 1132 28 21 ny
675 1125 158 28 kyrkostämma
848 1126 8 20 i
870 1126 81 22 sådant

370 1162 106 27 afseende.

630 1222 15 28 $
660 1224 35 20 17.

426 1264 104 20 Komitén
552 1269 35 21 ege
609 1261 38 22 ock
669 1264 34 18 att
715 1262 55 28 göra
779 1261 172 28 framställning

370 1304 33 15 om
418 1298 22 27 ej
454 1297 84 21 mindre
552 1296 88 27 delning
655 1294 29 28 af
694 1296 69 21 större
779 1296 51 20 eller
844 1302 108 15 samman-

369 1332 87 22 slående
471 1330 29 28 af
511 1330 85 22 mindre
605 1330 164 28 församlingar
778 1332 56 19 samt
843 1330 109 28 reglering

370 1366 30 28 af
408 1368 112 26 pastorats
535 1364 51 22 eller
595 1364 147 28 församlings
763 1364 97 29 omfång,
874 1366 30 20 än
918 1364 34 22 in-

370 1401 110 28 dragning
503 1399 29 29 af
546 1400 135 27 presttjenst,
703 1399 39 21 der
761 1399 83 21 sådant
850 1398 42 28 för
906 1400 46 20 vin-

370 1435 72 22 nande
457 1434 29 28 af
497 1434 35 22 det
546 1434 48 21 med
608 1433 183 28 löneregleringen
805 1433 93 28 afsedda
913 1435 39 19 än-

370 1470 76 22 damål
466 1469 44 22 kan
531 1475 54 15 vara
604 1468 29 27 af
648 1467 209 29 omständigheterna
873 1468 79 28 påkal-
