1025 1698
283 146 26 18 U.
326 146 29 18 B.
372 155 26 5 —
413 147 83 22 Prop.
512 147 46 18 N:o
573 149 37 17 14.
759 145 26 21 11

418 211 47 27 $4

205 244 144 27 Entreprenör
364 251 46 20 eger
423 245 32 27 på
470 248 42 25 eget
527 252 76 14 ansvar
609 252 73 21 genom
690 253 70 13 annan
766 253 48 20 per-

169 284 38 13 son
225 277 45 20 låta
289 277 107 28 framföra
411 281 85 24 posten;
515 285 43 14 men
574 279 81 27 åligger
670 279 74 20 honom
758 279 9 20 i
781 279 32 20 sä-

170 311 52 20 dant
243 311 43 27 fall
308 311 55 27 förse
386 311 63 21 denne
472 312 45 20 med
539 311 107 28 fullmakt,
663 311 105 22 bevittnad
790 312 26 27 af

170 343 67 21 kände
253 344 36 21 och
305 345 119 26 trovärdige
437 351 106 21 personer,
559 348 30 18 att
602 348 72 25 posten
690 348 109 25 emottaga.

416 412 14 27 $
446 411 20 22 5.

170 445 11 19 1
197 452 59 13 mom.
273 445 148 28 oförändradt.

169 479 16 21 2
200 486 59 14 mom.

204 513 155 21 Kommunerna
378 514 37 20 äro
435 514 135 28 ovilkorligen
587 514 92 28 pligtige
700 516 30 18 att
748 515 66 20 innan

168 546 39 21 den
227 547 11 19 1
258 546 54 22 Juni
334 547 37 20 och
386 548 37 19 den
441 547 10 20 1
467 548 110 20 December
592 547 71 27 hvarje
680 548 24 20 år
719 548 34 20 till
769 547 44 21 kro-

168 580 103 28 nofogden
285 580 90 21 insända
390 580 57 28 fulla
463 580 94 28 beloppet
571 581 28 27 af
611 581 60 21 deras
687 581 61 20 andel
764 582 6 18 i
782 588 32 14 en-

168 614 211 27 treprenadsumman
401 614 36 27 för
456 614 29 20 dä
504 614 88 26 löpande
612 614 84 28 halfär;
713 614 37 20 och
769 620 45 22 eger

169 648 132 26 entreprenör
316 654 23 14 en
355 648 79 20 mänad
450 648 88 28 derefter
553 648 35 20 hos
604 647 140 28 kronofogden
760 654 54 21 upp-

170 680 52 21 bära
237 680 38 21 den
289 681 36 27 för
340 682 78 19 nämna
434 681 73 27 halfär
523 682 74 20 honom
611 680 157 22 tillkommande
784 688 29 14 er-

168 715 98 27 sättning.

416 743 14 26 $
446 742 20 22 6.

202 776 50 20 Med
267 776 125 28 häradspost
406 777 36 20 mä
457 777 25 21 de
497 778 31 20 uti
544 777 13 27 $
573 777 9 20 1
598 776 122 22 omnämnde
730 776 83 28 tjenste-

167 811 50 20 män
233 810 36 21 och
285 810 143 28 myndigheter
438 811 81 28 jemväl
533 811 68 21 sända
615 810 126 28 emdetsbref,
757 811 56 19 inne-

170 844 99 21 hållande
288 844 126 28 penningar.
453 844 126 21 Förkomma
602 844 59 21 dessa
681 851 74 21 genom
769 844 43 28 för-

169 878 106 21 summelse
290 878 49 21 eller
354 878 126 28 tillgörande
495 879 27 28 af
531 878 120 28 postförare
667 878 49 21 eller
724 879 38 20 den
772 877 41 21 han

168 913 9 20 i
195 913 35 20 sitt
249 912 59 22 ställe
327 915 51 22 satt;
398 914 74 20 ersätte
484 913 135 28 postföraren
638 912 49 22 eller
702 913 52 20 hans
769 911 45 22 bor-

166 947 85 27 gesmän
275 947 87 24 medlen,
388 946 160 28 Dborgesmännen
571 946 50 21 dock
639 946 72 20 endast
729 946 34 20 till
781 946 33 20 det

169 980 81 28 belopp,
270 980 35 28 för
323 980 76 20 hvilket
418 980 25 21 de
463 980 79 28 borgat.
577 980 48 20 Kan
644 980 115 27 ersättning
782 980 32 20 sä-

169 1014 66 20 lunda
251 1015 19 27 ej
284 1014 51 28 fullt
351 1014 65 28 utfäs,
431 1014 72 21 stände
519 1014 41 21 han
575 1013 87 25 skadan,
677 1020 40 14 som
726 1009 88 37 pennin-

167 1055 66 21 garne
256 1048 96 28 afsände.
389 1048 76 28 Hafva
484 1048 171 28 penningemedel
669 1048 35 27 för
717 1048 49 25 flere
781 1047 33 27 af-

167 1082 90 21 sändare
274 1082 127 28 förkommit,
417 1082 56 28 njute
488 1082 78 21 enhvar
581 1082 115 27 ersättning
712 1082 7 20 i
732 1081 82 28 förhäl-

168 1115 62 21 lande
248 1116 35 20 till
298 1116 33 20 det
347 1115 74 29 belopp
436 1122 43 14 som
492 1116 48 27 gått
553 1115 113 28 förloradi.

203 1149 14 20 2
232 1157 60 13 mom.
308 1149 146 27 oförändradt.

168 1200 139 27 Helsingfors
323 1201 41 21 den
379 1201 24 21 21
421 1201 106 21 Februari
542 1200 61 22 1877.
