1045 1706
316 144 24 22 U.
355 144 23 22 B.
394 156 27 3 —
436 143 63 29 Prop.
513 142 36 24 N:o
564 142 21 23 4.

313 366 198 32 Lagutskottets
531 366 164 25 betänkande
716 365 46 25 N:o
780 366 16 24 9
814 366 10 24 i

246 406 140 31 anledning
402 406 29 24 af
446 406 73 24 Hans
533 406 144 32 Kejserliga
689 406 135 31 Majestäts

247 445 93 32 nådiga
368 446 166 31 proposition,
560 446 131 31 angående
717 445 108 32 upphäf-

247 486 85 24 vande
353 486 29 23 af
396 486 32 24 de
445 493 92 24 genom
557 486 70 23 10:de
649 485 119 31 punkten
785 485 41 24 uti

247 526 93 31 Kongl.
366 525 185 32 Privilegierna
581 526 48 23 den
655 525 30 24 16
713 525 112 24 Oktober

247 566 61 24 1723
343 566 206 31 presterskapets
579 565 47 24 och
655 565 171 24 läroståndets

247 605 167 25 medlemmar
430 605 189 24 tillförsäkrade
632 604 194 31 undantagsför-

247 646 90 24 måner
354 645 38 24 för
410 646 73 24 deras
500 646 93 30 gårdar
609 645 48 25 och
675 645 150 31 lägenheter

248 686 9 24 i
275 686 65 24 stad.

146 754 69 21 Bland
229 752 225 29 lagstiftningsfrågor,
470 759 45 16 som
528 753 123 28 sysselsatte
662 752 119 23 Ständerna
790 753 36 22 vid

79 789 56 22 1872
150 789 36 21 års
200 787 108 28 landtdag,
323 793 39 16 var
377 787 41 22 den
428 793 34 16 om
472 787 279 28 kommunalförvaltningen
760 788 8 21 i
778 789 47 20 stad

78 830 27 15 en
120 823 24 22 af
156 823 28 21 de
197 822 121 27 vigtigaste.
348 822 48 21 Den
410 822 77 27 nådiga
501 822 137 27 proposition,
654 827 44 16 som
714 821 69 28 ligger
792 823 34 21 till

78 858 70 27 grund
166 857 34 21 för
218 857 41 21 den
277 855 24 22 af
318 856 121 21 Ständerna
456 856 29 21 då
501 858 93 25 antagna
611 856 40 21 och
665 855 24 23 af
701 856 61 22 Hans
776 857 51 27 Kej-

77 892 82 27 serliga
172 891 103 27 Majestät
289 891 122 21 sedermera
425 890 131 23 stadfästade
570 891 55 21 samt
634 891 41 21 den
685 891 13 21 8
708 891 119 22 December

80 927 56 21 1873
150 925 120 27 kungjorda
284 925 133 26 Förordning
432 926 7 20 i
454 930 80 16 samma
550 927 67 24 ämne,
633 931 38 15 var
685 925 36 21 vid
735 926 91 21 nämnda

78 960 104 26 landtdag
199 958 147 23 öfverlemnad
363 958 34 22 till
415 958 154 22 förberedande
587 958 158 28 handläggning
760 959 24 21 af
796 961 31 19 ett

78 994 104 22 särskildt
195 993 94 21 Utskott.
318 992 35 22 Då
368 993 58 21 detta
440 992 87 22 Utskott
541 993 24 21 af
577 993 159 26 propositionen
746 993 80 22 inhem-

78 1029 58 25 tade,
151 1029 33 20 att
197 1027 104 27 förslaget
314 1026 34 22 till
361 1026 246 28 kommunalförfattning
617 1027 34 21 för
661 1028 100 21 städerna
771 1028 7 20 i
788 1028 39 21 all-

78 1062 88 22 mänhet
180 1062 113 21 förutsatte
306 1060 297 23 kommunalmedlemmarnes
616 1060 158 28 likställighet
763 1056 12 37 i
784 1062 43 21 för-

79 1096 75 22 måner
171 1096 40 22 och
228 1095 152 27 förpligtelser,
398 1101 48 15 men
464 1096 32 20 att
514 1096 107 26 undantag
635 1101 38 15 var
687 1095 73 27 gjordt
773 1096 7 20 i
795 1096 31 22 af-

79 1130 80 22 seende
174 1130 13 21 å
200 1129 128 27 rättigheter
345 1129 39 21 och
402 1128 151 28 förpligtelser,
571 1129 72 21 hvilka
661 1129 67 27 enligt
742 1130 85 27 privile-

79 1164 48 27 gier
143 1163 124 22 tillkommit
284 1163 58 21 vissa
355 1163 138 21 medlemmar
507 1163 24 21 af
543 1163 165 27 stadskommun,
723 1163 51 22 fann
789 1164 37 22 Ut-

80 1198 86 26 skottet,
182 1204 46 15 som
241 1197 48 22 häri
304 1197 38 27 såg
357 1203 26 15 en
397 1197 120 27 väsendtlig
531 1197 55 22 brist
599 1197 7 21 i
621 1197 109 27 förslaget,
741 1198 33 26 sig
784 1204 43 16 ma-

79 1233 54 21 nadt
147 1234 31 20 att
192 1232 7 21 i
214 1231 124 22 skrifvelser
352 1231 34 22 till
400 1231 155 27 Ridderskapet
569 1231 39 22 och
622 1232 70 21 Adeln
706 1233 56 20 samt
776 1232 50 22 Pre-

79 1265 121 21 steståndet
213 1264 120 22 framställa
346 1264 117 27 förfrågan,
477 1264 104 22 huruvida
594 1264 47 21 icke
651 1264 98 22 bemälda
760 1264 66 22 Stånd

80 1298 66 22 funne
164 1298 47 21 skäl
228 1298 132 21 förekomma
378 1299 32 19 att
427 1298 34 20 till
477 1297 59 21 Hans
553 1298 102 26 Majestät
668 1298 105 26 Kejsaren
788 1299 39 21 och

81 1332 133 23 Storfursten
231 1332 50 27 ingå
298 1332 50 22 med
365 1332 145 26 underdäniga
523 1332 113 27 petitioner
651 1338 33 16 om
699 1332 74 28 nådigt
787 1333 39 21 mi-

80 1367 63 22 tiativ
156 1367 66 22 redan
237 1366 36 22 vid
287 1372 81 16 samma
385 1366 102 27 landtdag
501 1366 34 22 till
549 1366 148 27 upphäfvande
712 1366 24 22 af
748 1367 27 21 de
790 1373 37 15 un-

80 1401 200 27 dantagsförmäner
294 1401 7 21 i
316 1401 55 27 stad,
386 1406 45 16 som
446 1406 76 21 genom
538 1400 55 22 12:te
607 1400 95 28 punkten
715 1401 8 21 i
737 1401 90 23 Ridder-

81 1436 87 27 skapets
184 1436 39 21 och
236 1436 82 21 Adelns
332 1435 127 27 Privilegier
472 1434 24 22 af
509 1435 40 21 den
566 1436 26 22 16
603 1434 94 23 Oktober
707 1436 55 22 1723
772 1438 56 19 samt

150 1475 123 22 Lagutskottets
283 1475 103 18 betänkande
398 1475 34 17 N:o
446 1475 16 16 9.
