1700 1850
624 208 26 18 U.
666 208 28 17 B.
713 218 22 2 —
754 209 81 22 Prop.
851 209 47 17 N:o
913 210 29 17 2...
1112 208 13 20 9

631 407 295 21 Reservationer.

472 474 75 20 Ehuru
562 474 64 21 äfven
646 474 161 21 undertecknad
828 475 134 21 beträffande
981 476 134 20 tillkomsten
1131 475 22 20 af

407 507 85 26 Nådiga
506 507 156 27 förordningen
678 508 41 21 den
734 509 13 19 3
761 508 105 21 Februari
886 509 55 20 1876
957 509 111 26 angående
1083 509 69 20 vilko-

404 547 38 14 ren
458 541 34 21 för
507 542 122 26 beviljande
641 542 23 20 af
672 542 128 21 koncession
816 543 23 20 åt
854 543 97 20 enskilde
966 549 109 20 personer,
1087 543 65 26 bolag

405 575 53 20 eller
480 575 136 26 menigheter
640 575 34 21 till
697 575 134 26 anläggande
851 576 24 21 af
885 577 91 26 jernväg
992 577 6 20 i
1013 577 92 20 Finland
1128 576 24 21 så

405 608 34 20 till
454 608 50 21 vida
519 609 96 21 biträder
645 609 164 26 Lagutskottets
826 610 145 26 uppfattning,
991 612 32 19 att
1035 611 38 26 jag
1088 616 64 14 anser

405 642 57 21 vissa
477 642 162 27 bestämningar
655 643 46 20 deri
716 649 52 14 vara
783 644 23 20 af
819 643 149 21 beskaffenhet
983 646 32 18 att
1031 644 26 20 de
1072 644 80 26 grund-

405 676 117 25 lagsenligt
544 676 47 20 icke
615 676 65 20 bordt
695 676 7 20 i
718 677 158 20 administrativ
895 679 40 24 väg
950 678 103 25 utfärdas,
1070 677 24 20 så
1109 678 43 19 kan

403 709 38 26 jag
456 709 24 20 af
494 709 60 21 detta
576 709 137 21 förhållande
736 709 67 22 likväl
827 710 48 21 icke
897 711 67 28 draga
979 711 27 20 de
1022 710 129 27 slutföljder,

405 743 33 20 till
454 743 74 20 hvilka
543 743 165 26 Lagutskottets
724 744 113 25 pluralitet
853 745 96 25 kommit,
965 745 41 20 och
1021 745 46 20 icke
1083 744 69 21 heller

404 776 125 26 godkänner
555 777 38 26 jag
623 777 197 26 anmärkningarna
841 778 94 20 rörande
957 778 42 20 den
1028 778 123 26 stridighet,

404 816 45 15 som
479 810 69 21 skulle
579 817 39 20 ega
647 817 48 14 rum
727 811 92 21 emellan
849 818 26 14 en
899 812 35 20 del
959 812 162 26 bestämningar
1144 812 8 20 i

404 845 93 20 nämnde
518 844 130 26 författning
671 845 39 20 och
735 845 137 26 stadganden
890 845 7 20 i
917 845 25 21 K.
959 845 24 20 F.
999 846 42 20 den
1057 846 27 20 12
1099 846 51 20 Dec.

403 878 55 20 1864
482 878 111 26 angående
617 878 124 27 skyldighet
760 879 34 20 för
827 885 63 20 egare
911 879 52 20 eller
977 879 140 21 innehafvare
1132 879 24 21 af

401 911 50 26 jord
466 913 32 19 att
514 914 57 19 emot
586 912 121 27 ersättning
722 912 90 27 upplåta
827 913 61 20 mark
903 912 33 21 för
952 913 89 20 allmänt
1059 913 72 20 behof.

472 945 34 21 Då
528 945 296 28 konsessionsförordningen
839 947 121 20 innehåller
975 949 32 18 att
1028 947 124 26 expropria-

405 980 103 21 tionsrätt
526 979 34 22 för
579 981 236 26 jernvägsanläggning
831 981 33 20 får
879 981 142 20 tillerkännas
1037 981 63 20 äfven
1115 987 37 14 en-

405 1014 57 20 skild
485 1020 78 20 person
586 1014 53 21 eller
661 1015 70 26 bolag,
752 1015 23 20 sä
795 1015 43 20 kan
861 1015 70 20 denna
953 1015 137 26 bestämning
1106 1015 46 26 just

403 1048 49 20 med
474 1048 82 27 hänsyn
584 1048 33 21 till
639 1049 248 26 expropriationslagens
908 1049 19 25 1,
948 1049 13 20 6
979 1049 40 20 och
1037 1049 12 20 7
1065 1048 24 27 $$
1105 1049 47 20 icke

404 1081 22 20 fä
440 1081 71 21 tolkas
535 1082 136 20 annorlunda
691 1084 26 18 än
737 1084 33 18 att
789 1083 41 20 den
845 1082 69 27 gäller
936 1083 77 20 endast
1028 1083 7 20 i
1050 1082 102 21 afseende

402 1115 122 26 jernvägar,
540 1121 52 20 som,
609 1115 92 21 änskönt
717 1116 26 20 de
759 1122 75 20 genom
849 1116 72 26 privat
936 1115 168 27 företagsamhet
1119 1119 33 17 ut-

407 1148 64 26 föras,
486 1148 68 20 likväl
570 1149 46 20 afse
633 1151 32 18 ett
679 1149 90 20 allmänt
784 1149 73 25 behof,
874 1155 48 14 men
937 1149 119 26 ingalunda
1071 1149 33 20 för
1115 1150 37 26 dy-

405 1182 45 20 lika
471 1182 84 26 företag
577 1182 35 20 till
635 1182 60 20 blott
715 1182 85 20 enskild
816 1185 67 24 nytta,
899 1182 68 21 hvarä
982 1183 170 26 uppenbarligen

404 1215 96 21 hvarken
516 1215 299 27 koncessionsförordningen
831 1216 53 21 eller
899 1216 37 21 det
951 1216 148 27 föreliggande
1109 1216 43 21 för-

405 1249 213 27 fattningsförslaget
642 1256 51 20 eger
715 1249 144 27 tillämpning.
890 1250 131 20 Pästäendet
1037 1252 32 19 att
1084 1251 13 19 8
1113 1251 39 20 och

403 1283 27 20 10
446 1282 24 27 $$
486 1282 23 21 af
523 1283 54 20 1876
593 1283 35 20 års
643 1283 127 26 förordning
791 1283 70 20 skulle
876 1283 7 20 i
898 1283 175 26 bestämningare
1088 1283 65 26 angä-

405 1316 55 21 ende
475 1316 135 21 förfarandet
625 1317 48 20 med
694 1317 41 20 den
758 1316 166 27 exproprierade
946 1317 95 25 marken,
1058 1317 27 20 dä
1100 1317 52 20 kon-

406 1350 82 20 cession
504 1352 107 24 uppsäges
627 1350 53 21 eller
688 1349 107 21 förklaras
813 1349 123 26 förverkad,
947 1350 104 21 innebära
1061 1357 27 14 en
1098 1353 54 18 mot-

383 1399 3 2 +
405 1383 83 26 sägelse
507 1385 46 18 mot
572 1383 131 26 stadgandet
718 1383 7 20 i
741 1383 27 20 28
783 1383 11 26 $
811 1383 23 21 af
847 1383 26 21 K.
889 1383 23 20 F.
929 1384 27 19 12
971 1383 51 21 Dec.
1038 1384 55 20 1864
1108 1384 44 20 mä-

404 1419 32 18 ste
452 1417 38 25 jag
511 1423 51 13 anse
585 1423 52 13 vara
658 1417 127 19 förhastadt.
823 1417 33 19 Då
871 1417 7 19 i
893 1417 151 20 förstnämnda
1063 1417 10 26 $
1089 1419 63 24 säges

403 1451 38 24 att,
457 1449 7 20 i
480 1449 54 26 följd
549 1449 23 20 af
588 1449 167 20 koncessionens
782 1449 145 26 uppsägande,
947 1449 205 26 expropriationsvis

403 1482 67 20 inlöst
486 1482 61 20 mark
562 1481 99 22 tillfaller
677 1482 92 25 Kronan,
787 1482 24 21 så
827 1482 82 27 åsyftas
925 1483 87 20 dermed
1028 1483 76 20 endast
1120 1485 32 18 att

408 1517 56 19 sätta
479 1514 89 22 Kronan
575 1510 12 37 i
606 1515 87 21 tillfälle
708 1518 33 18 att
756 1515 83 21 ändock
859 1515 103 27 antingen
983 1515 50 27 sjelf
1048 1516 52 21 eller
1116 1523 36 20 ge-

472 1560 127 22 Lagutskottets
611 1560 111 17 Betänkande
734 1560 34 17 N:o
781 1561 16 17 2.
