1042 1703
327 134 62 24 Ständ,
406 135 31 21 Sv.
451 145 29 5 —
494 135 54 27 Prop.
562 135 33 21 N:o
609 134 33 22 20.

535 182 14 13 v

314 419 128 25 Finlands
459 419 130 25 Ständers
606 417 182 33 underdäniga
800 425 63 19 svar

246 459 7 25 i
274 459 113 31 anledning
407 459 25 25 af
451 459 66 25 Hans
538 458 162 33 Kejserliga
719 458 144 33 Majestäts

246 498 79 32 nådiga
353 499 141 32 proposition,
521 497 111 34 angående
657 499 105 25 allmänna
787 499 76 32 fattig-

247 539 89 25 vården.

167 617 226 27 Stormäktigste,
414 616 201 28 Allernådigste
632 617 113 27 Kejsare
761 618 47 22 och

409 656 159 22 Storfurste!

180 708 97 21 Emedan
296 707 97 28 gällande
411 707 130 28 lagstiftning
556 714 34 15 om
606 708 105 22 allmänna
725 709 142 28 fattigvården

111 744 81 21 ansetts
206 742 107 21 innehålla
327 741 164 28 bestämningar,
506 742 73 21 hvilka
593 742 46 21 dels
654 742 17 27 ej
686 743 128 28 tillbörligen
824 743 43 23 afse

111 776 124 23 samhällets
249 778 49 25 rätt,
320 777 32 20 att
368 776 40 21 hos
429 775 79 22 enhvar
525 776 23 22 af
562 776 45 22 sina
623 777 137 22 medlemmar
773 778 95 27 påräkna

112 811 64 27 nödig
191 811 100 21 omtanke
305 810 33 22 för
352 809 99 23 framtida
466 809 108 28 bergning,
590 811 45 21 dels
649 811 132 22 beträffande
793 811 76 23 fördel-

112 845 78 27 ningen
209 845 22 21 af
247 844 205 27 fattigvårdstungan
474 844 50 27 följa
542 845 143 26 grundsatser,
706 852 46 15 som
769 846 100 22 stundom

112 879 47 22 icke
180 878 185 23 öfverensstämma
383 878 49 21 med
451 879 88 21 rättvisa
558 879 40 21 och
612 879 102 27 billighet,
729 880 41 21 bar
784 880 85 22 Eders

113 913 155 27 Kejserliga
285 912 129 27 Majestät
432 912 48 21 låtit
495 913 100 21 utarbeta
608 912 79 28 förslag
701 913 33 22 till
747 920 29 21 ny
789 914 82 22 förord-

114 947 50 27 ning
178 947 8 21 i
201 948 81 23 ämnet;
299 947 40 20 och
354 947 26 20 då
395 946 85 21 Eders
496 946 140 27 Majestät,
651 947 50 21 med
712 947 98 23 afseende
821 948 50 22 derå

114 982 33 21 att
168 980 142 27 fattigvården
331 986 88 16 numera
434 980 83 26 jemlikt
535 981 297 27 kommunalförfattningarna
850 982 23 22 af

115 1016 42 21 den
177 1016 13 20 6
210 1014 102 21 Februari
335 1014 54 21 1865
412 1014 40 21 och
472 1014 41 21 den
533 1016 12 20 8
565 1014 117 22 December
697 1016 56 21 1873
767 1018 64 25 utgör
845 1022 27 15 en

114 1050 44 21 den
172 1048 120 28 borgerliga
305 1049 128 21 kommunen
449 1049 110 26 åliggande
577 1049 152 27 angelägenhet
745 1049 39 22 och
798 1050 8 21 i
820 1049 52 28 följd

116 1083 62 22 deraf
195 1085 52 20 nära
261 1082 175 28 sammanhänger
450 1083 49 21 med
514 1083 41 21 den
568 1083 137 22 kommunala
719 1083 154 28 förvaltningen

115 1118 8 21 i
139 1117 69 28 öfrigt,
224 1119 70 20 ansett
308 1117 130 22 Ständernas
454 1117 126 22 medverkan
590 1117 32 22 uti
632 1117 157 28 lagstiftningen
799 1119 75 21 härom

117 1151 130 28 erforderlig,
263 1154 24 19 är
302 1151 65 27 sagda
381 1150 79 27 förslag
474 1151 7 21 i
496 1151 63 27 nådig
574 1151 133 27 proposition
722 1152 151 22 öfverlemnadt

117 1186 33 21 till
166 1192 28 14 nu
208 1185 128 22 församlade
351 1185 101 22 Ständers
469 1185 123 26 antagande.

187 1219 41 22 Vid
240 1219 155 27 granskningen
405 1219 23 21 af
437 1219 68 21 denna
515 1219 76 27 nådiga
601 1201 131 50 proposition
742 1219 62 22 hafva
814 1221 61 21 Stän-

118 1255 73 25 derna,
206 1259 47 16 som
268 1253 48 22 dela
329 1253 85 22 Eders
429 1253 152 27 Kejserliga
591 1253 142 27 Majestäts
743 1254 134 28 uppfattning

119 1295 35 14 om
168 1287 156 27 behöfligheten
342 1287 22 21 af
382 1287 129 22 Ständernas
525 1287 129 22 medverkan
670 1287 34 22 till
718 1287 159 28 lagstiftningen

120 1322 109 27 angäende
243 1321 138 22 förevarande
396 1321 84 26 ärende,
495 1321 68 21 funnit
578 1321 31 26 sig
624 1321 51 21 böra
689 1321 8 21 i
713 1321 41 22 allo
765 1322 112 26 godkänna

121 1355 26 21 de
157 1355 142 27 grundsatser,
310 1354 70 21 hvilka
390 1355 104 25 genomgä
506 1353 138 22 omförmälda
653 1353 224 28 författningsförslag
869 1349 10 37 ;

121 1389 40 21 och
175 1388 63 22 hafva
252 1388 120 21 Ständerna
386 1387 80 27 jemväl
479 1389 50 20 utan
539 1388 140 26 anmärkning
690 1388 82 27 antagit
783 1388 25 22 de
817 1388 61 22 flesta

122 1422 22 22 af
158 1423 26 22 de
199 1423 45 21 deri
258 1422 172 22 förekommande
444 1422 158 27 bestämningar
616 1423 55 21 samt
686 1424 69 20 ansett
765 1422 114 28 ändringar

122 1458 76 22 endast
212 1457 8 21 i
234 1457 93 27 följande
342 1456 58 22 delar
414 1462 51 16 vara
480 1456 23 21 af
516 1456 98 22 behofvet
629 1456 116 28 päkallade.
