1023 1709
342 137 20 22 U.
376 138 21 21 B.
411 151 30 2 —
455 138 51 28 Prop.
521 138 29 21 N:o
565 138 31 22 20.
790 140 26 21 15

161 200 62 22 Hvad
237 200 55 22 först
307 201 102 22 beträffar
424 202 40 21 den
479 202 154 22 kommunerna
644 209 29 15 nu
683 202 162 23 tillkommande

92 234 131 27 rättigheten
241 236 31 20 att
287 235 8 21 i
309 236 58 21 vissa
381 235 38 21 fall
435 238 66 25 vägra
516 236 126 28 inflyttning,
658 236 68 22 finner
740 238 107 21 utskottet

93 269 123 21 densamma
234 269 105 22 innebära
359 276 26 15 en
400 272 45 19 stor
460 270 111 27 obillighet
586 271 40 21 och
641 271 103 21 orättvisa
759 274 44 19 mot
818 278 26 14 en

92 303 36 22 del
143 303 23 21 af
180 303 125 22 samhällets
323 304 139 21 medlemmar
481 307 56 19 samt
552 305 109 21 dessutom
677 305 69 26 egnad
761 307 33 20 att
808 305 37 22 be-

91 337 62 22 röfva
171 338 62 21 desse
251 337 86 23 tillfälle
356 340 32 20 att
407 339 67 21 skaffa
493 339 33 28 sig
545 339 40 22 den
603 339 180 28 arbetsförtjenst,
799 346 46 15 som

91 372 71 22 kunde
177 373 68 21 rädda
259 373 49 22 dem
323 372 47 22 från
381 375 32 20 att
424 373 52 22 falla
487 373 145 28 fattigvården
643 374 33 21 till
688 374 53 26 last;
753 374 39 21 och
802 374 43 21 kan

91 407 105 21 utskottet
207 407 85 22 derföre
303 407 19 27 ej
334 409 65 20 annat
410 410 26 19 än
444 408 7 21 i
460 408 42 22 allo
513 408 113 27 godkänna
637 408 104 27 förslaget
751 415 33 15 om
795 409 50 21 dess

91 441 156 28 upphäfvande.
277 442 38 21 Att
330 448 27 15 en
371 442 53 21 hvar
439 443 55 21 skall
505 443 49 22 med
565 442 158 28 ofvanantydda
732 443 113 21 inskränk-

91 476 77 27 ningar
185 475 65 22 hafva
264 476 140 22 hemortsrätt
419 477 38 22 der
470 477 43 21 han
528 479 24 20 är
567 477 194 26 mantalsskrifven,
777 477 69 22 finner

91 511 112 26 utskottet,
217 511 50 21 med
282 511 101 21 afseende
396 511 80 27 jemväl
492 512 12 21 å
519 512 57 21 hvad
590 512 8 21 i
613 512 37 21 det
664 511 130 28 föregående
808 518 37 15 an-

91 545 61 27 förts,
167 551 52 15 vara
234 545 37 22 det
285 545 142 28 lämpligaste,
444 552 45 15 som
504 547 69 21 under
585 547 134 21 närvarande
729 546 116 21 förhållan-

92 579 41 22 den
148 579 61 22 torde
224 579 73 22 kunna
311 580 86 21 komma
412 580 7 21 i
435 581 66 26 fråga,
518 581 39 21 och
573 581 24 21 så
612 581 84 26 mycket
711 580 83 22 mindre
809 587 37 20 eg-

91 615 53 21 nadt
158 616 32 20 att
203 614 68 21 väcka
285 614 177 28 betänkligheter,
479 621 46 16 som
539 615 155 22 kommunerna
708 615 8 21 i
732 615 7 21 3
749 621 63 15 mom.
824 615 25 21 af

92 649 12 27 $
120 649 27 21 19
162 649 91 21 lemnats
273 650 64 26 öppet
355 650 38 25 att,
413 649 38 22 der
470 650 26 21 de
515 649 53 27 vilja
586 649 49 22 leda
651 649 148 28 skyldigheten
814 651 33 20 att

92 683 99 22 meddela
205 683 118 26 fattigvård
339 682 48 22 från
403 683 32 26 sig
450 684 28 27 på
493 689 70 16 annan
577 683 108 27 kommun,
695 683 8 21 i
713 683 39 22 fall
767 683 24 21 af
802 683 43 27 fog,

91 717 47 22 visa
156 719 32 20 att
205 723 106 22 personen
327 718 8 21 i
349 717 62 27 fråga
425 717 49 22 bort
488 724 53 15 vara
555 718 8 21 i
579 718 42 21 den
636 718 67 21 andra
717 717 129 22 kommunen

92 751 194 23 mantalsskrifven.
324 752 45 22 Och
388 758 46 15 som
457 753 26 22 de
502 752 159 22 inskränkande
683 752 164 21 bestämmelser

91 787 136 26 härutinnan,
239 786 73 22 hvilka
327 787 8 21 i
350 786 24 29 $$
395 787 28 21 20
442 787 40 22 och
497 787 28 22 22
540 786 130 27 föreslagits,
685 793 64 21 synas
764 787 83 20 utskot-

92 823 32 20 tet
138 821 33 21 till
185 821 54 22 fullo
258 821 157 28 rättfärdigade
431 821 24 22 af
467 821 132 27 nödvändigt
614 821 101 21 afseende
729 821 28 26 pä
771 821 75 26 hvarje

91 856 113 21 kommuns
219 856 75 27 billiga
309 855 93 28 anspräk
417 857 31 20 att
462 856 47 22 icke
524 856 105 27 betungas
644 855 49 22 med
709 855 67 22 andra
785 854 60 22 kom-

93 896 86 16 muners
193 890 121 28 fattighjon,
329 890 40 22 har
383 890 106 22 utskottet
504 892 70 20 ansett
589 890 63 22 äfven
668 890 48 21 dem
731 889 53 22 böra
794 889 52 27 god-

92 925 88 22 kännas.

161 960 133 27 Visserligen
308 960 40 21 har
362 961 45 20 mot
421 960 146 22 förstnämnde
583 959 11 28 $
611 959 108 22 anmärkts
735 961 38 25 att,
790 965 56 16 eme-

94 995 42 22 dan
150 995 91 26 mången
256 995 73 27 flyttar
343 997 56 19 ännu
415 995 54 21 efter
483 995 68 27 fyllda
566 994 73 22 femtio
656 995 29 26 år,
699 994 147 27 stadgandet
834 990 15 36 i

94 1029 62 28 fråga
170 1029 71 22 kunde
256 1029 50 22 leda
322 1029 81 22 derhän
418 1031 31 20 att
464 1036 26 15 en
505 1035 84 22 person,
605 1035 53 21 som,
675 1029 55 22 efter
740 1030 32 20 att
781 1029 66 21 hafva

93 1064 91 27 uppnått
201 1065 92 21 nämnda
316 1064 66 26 ålder,
401 1064 63 21 råkat
481 1065 9 20 i
507 1063 66 23 behof
590 1063 23 22 af
631 1063 122 28 fattigvård,
777 1063 70 22 skulle

93 1099 72 21 kunna
183 1099 86 21 komma
287 1100 33 21 att
333 1099 137 21 underhållas
484 1099 29 27 på
527 1099 119 22 bekostnad
661 1098 24 21 af
698 1104 26 15 en
739 1098 107 25 kommun,

93 1134 87 21 hvilken
198 1133 42 21 han
258 1134 29 27 på
304 1133 64 27 långa
386 1133 56 22 tider
460 1133 47 22 icke
522 1134 88 21 tillhört.
640 1133 51 21 Men
706 1133 90 21 emedan
811 1133 37 21 det

94 1168 62 21 torde
174 1169 58 20 möta
251 1167 132 28 svårigheter
402 1169 32 20 att
451 1168 63 21 träffa
533 1175 26 14 en
577 1167 67 22 sådan
662 1167 184 27 tidsbestämning,

95 1208 53 21 som,
166 1203 51 20 utan
236 1204 32 19 att
285 1202 105 27 någonsin
408 1202 57 27 gifva
484 1202 115 26 anledning
613 1202 34 20 till
662 1202 73 27 dylikt,
752 1201 53 21 dock
819 1201 28 26 på

95 1238 32 21 ett
148 1236 109 23 verksamt
279 1237 42 21 sätt
343 1237 102 27 tryggade
464 1237 113 21 samhället
595 1238 44 19 mot
656 1237 66 26 tunga
741 1235 23 22 af
781 1235 67 22 andra

96 1271 129 22 samhällens
240 1271 92 26 orklösa,
347 1270 40 22 har
401 1271 110 26 utskottet,
523 1277 45 15 som
577 1271 68 21 under
654 1271 55 21 intet
718 1269 69 23 vilkor
797 1269 51 22 ville

96 1312 24 15 se
136 1306 39 21 den
191 1305 41 22 fria
246 1305 205 26 bosättningsrätten
465 1305 116 22 framdeles
591 1305 118 26 inskränkt,
720 1304 46 22 icke
777 1305 71 20 ansett

96 1340 33 25 sig
152 1340 52 20 böra
226 1339 80 20 föreslå
328 1339 70 26 någon
420 1346 69 14 annan
510 1339 135 25 bestämning
666 1339 134 19 härutinnan.
819 1349 30 2 —

97 1373 151 27 Stadgandena
261 1373 8 20 i
285 1373 12 27 &
313 1373 25 21 21
355 1374 36 19 äro
407 1373 47 20 åter
468 1373 76 21 endast
558 1374 104 23 närmare,
673 1371 24 21 af
706 1371 77 22 sakens
794 1377 54 20 egen

96 1409 63 20 natur
181 1407 131 21 härrörande
334 1407 158 27 bestämningar
513 1407 35 21 till
564 1405 143 28 grundsatsen
725 1407 33 20 att
774 1404 75 27 hvarje

165 1448 168 16 Ekonomiutskottets
345 1446 103 18 betänkande
459 1447 34 17 N:o
507 1447 15 15 8.
