1036 1709
241 137 33 36 30
437 142 29 24 Vv.
481 144 29 21 B:
527 154 26 6 —
565 144 75 26 Prop.
654 143 46 22 N:o
715 143 30 23 11.

216 204 52 24 vore
289 206 79 22 farbar.
405 207 37 21 Att
464 207 96 21 deremot
580 206 136 28 fortfarande,
738 205 30 29 pä
782 208 41 20 sätt
837 206 8 20 i
860 206 102 21 utskottet

216 241 118 28 föreslagits
356 242 40 20 och
418 242 6 20 i
448 241 93 28 enlighet
563 241 50 21 med
636 242 12 24 $
670 242 13 20 5
697 241 8 21 i
719 241 148 27 förklaringen
883 240 24 21 af
919 240 41 22 den

215 275 14 21 1
250 276 54 21 Dec.
324 275 64 27 1766,
405 276 92 22 utosluta
511 276 56 21 vissa
581 275 186 22 samhällsklasser
781 274 47 22 från
844 276 115 20 förmonen

216 311 29 21 att
267 308 81 23 erhålla
370 311 75 27 skjuts,
465 311 40 21 har
519 310 100 22 utskottet
633 310 48 21 icke
696 312 70 20 ansett
780 310 33 28 sig
828 310 75 20 kunna
917 310 41 20 för-

215 344 60 22 orda.
313 344 65 22 Utom
400 345 37 21 det
459 342 63 24 minst
543 344 62 28 sagdt
620 344 113 27 förhatliga
748 344 30 22 uti
795 350 27 16 en
839 344 61 26 dylik
916 346 44 19 sär-

217 379 102 27 skiljning
344 380 25 20 af
392 379 279 26 samhällsmedlemmarne,
696 379 70 21 skulle
789 380 29 20 ett
841 378 119 27 stadgande

215 413 75 21 derom
311 413 76 21 endast
408 414 50 20 leda
480 414 75 26 dertill,
581 415 29 19 att
632 414 75 26 hvarje
729 413 100 26 resande,
847 419 50 15 som
912 413 49 21 icke

214 448 54 21 bure
288 446 28 29 på
330 448 70 21 fickan
417 450 29 19 ett
460 448 67 27 intyg,
545 450 28 18 att
589 448 42 20 han
648 447 98 22 tillhörde
762 447 28 21 de
805 447 154 27 skjutsberätti-

215 482 57 28 gade
293 482 221 27 samhällsklasserna,
540 482 52 22 eller
614 482 41 21 ock
675 482 64 21 skildt
761 482 83 27 ”pass”,
861 488 46 17 som
923 482 35 20 be-

214 517 88 27 rättigar
315 518 31 19 att
361 516 81 22 erhålla
457 517 74 27 skjuts,
549 518 74 20 kunna
637 519 77 25 vägras
730 523 26 15 en
772 515 76 23 sådan.

282 551 11 21 I
313 550 61 28 fråga
395 558 36 14 om
453 551 42 21 den
518 551 74 28 tyngd,
616 558 47 14 som
681 551 58 27 finge
753 551 75 27 läggas
843 550 29 28 på
887 550 71 22 åkdon

215 585 35 21 vid
272 586 152 27 begagnandet
446 586 24 21 af
488 586 67 27 skjuts
577 586 40 20 har
636 586 153 27 lämpligheten
804 586 24 21 af
840 586 27 21 de
882 586 6 20 i
905 586 12 24 $
932 585 27 21 23

215 620 122 28 föreslagna
352 620 149 27 stadgandena
515 620 66 21 blifvit
595 621 7 19 i
617 619 61 28 fråga
692 622 42 19 satt
748 620 58 21 inom
822 620 107 21 utskottet.

282 654 11 22 I
314 653 80 29 nådiga
409 655 157 27 propositionen
582 655 6 20 i
603 656 74 19 ämnet
691 654 30 21 till
735 655 57 20 1867
807 654 35 22 års
856 654 104 27 landtdag

215 689 103 27 föreslogs
339 689 8 21 i
369 689 57 21 detta
448 689 114 21 afseende:
587 690 30 20 att
631 689 54 21 efter
699 695 28 15 en
742 690 48 20 häst
805 690 19 26 ej
842 689 58 27 finge
915 687 43 23 åka

215 723 54 21 flere
291 726 27 18 än
339 722 42 27 två,
402 724 53 20 efter
470 722 36 22 två
519 724 72 20 hästar
606 724 48 26 fyra
670 730 110 20 personer,
798 724 39 21 och
852 724 8 20 i
874 729 84 15 samma

214 756 134 24 förhållande
364 758 54 20 efter
431 758 53 21 flere
498 758 79 25 hästar,
591 757 143 27 skjutskarlen
744 757 59 22 alltid
810 758 148 26 inberäknad
947 752 15 37 ;

215 794 30 19 att
264 792 42 21 den
321 792 93 21 resande
428 792 48 21 icke
492 792 69 21 skulle
575 790 23 23 få
612 792 98 22 medföra
724 794 68 20 större
807 792 109 28 packning
931 794 27 19 än

214 827 43 21 fem
277 827 85 28 lispund
384 827 33 21 för
438 827 75 28 hvarje
535 827 24 21 af
573 827 80 21 honom
668 826 116 29 begagnad
798 827 59 24 häst;
875 827 40 21 och
930 828 30 20 att

214 868 36 16 om
265 862 43 21 han
323 862 33 22 för
370 862 47 20 sina
432 861 90 22 effekter
536 861 57 22 hade
609 861 63 21 skildt
687 860 79 28 äkdon,
784 862 72 27 viglen
873 862 23 21 af
909 861 50 23 dem

214 898 20 26 ej
248 897 60 27 finge
322 896 115 28 öfverstiga
451 897 79 21 femton
546 896 85 28 lispund
646 895 29 28 pä
689 896 75 28 hvarje
779 896 54 21 häst.

280 932 69 21 Dessa
370 932 161 26 bestämningar
553 932 66 20 funno
643 931 121 30 Ständerna
782 931 56 21 dock
853 932 48 20 icke
918 933 41 19 rätt

214 964 192 28 ändamålsenliga.
437 966 10 20 I
462 968 71 18 svaret
545 964 28 28 på
585 965 43 21 den
640 964 79 28 nådiga
728 966 157 26 prepositionen
894 966 64 20 fram-

214 998 54 23 hålls
290 1001 29 20 att
342 1000 128 26 Ständerna,
495 1002 58 19 utom
573 1000 36 21 det
624 1001 30 19 att
669 1006 25 15 en
711 1006 78 21 person
805 1000 49 21 icke
869 1000 67 21 sällan
952 1000 7 20 i

213 1035 44 27 vigt
272 1034 135 22 motsvarade
422 1033 36 22 två
472 1035 75 27 andra,
564 1034 103 22 befarade
682 1036 29 19 att
726 1034 36 21 det
778 1034 113 22 anmärkta
902 1034 55 22 stad:

213 1068 81 28 gandet
308 1068 76 26 skulle,
401 1067 128 23 åtminstone
543 1070 7 20 i
563 1069 84 27 början,
662 1068 91 22 sålunda
760 1069 113 21 motverka
881 1069 77 27 skjuts-

213 1103 91 27 ningens
326 1103 154 27 öfvertagande
502 1104 25 20 af
545 1105 160 25 entrepenörer,
723 1105 30 19 att
767 1104 87 20 mindre
868 1104 89 21 bemed-

213 1137 49 22 lade
284 1137 92 21 resande
397 1138 69 21 hellre
480 1138 87 22 komme
582 1140 30 19 att
626 1138 70 21 skaffa
710 1138 32 28 sig
757 1139 55 21 fram
828 1138 51 22 med
894 1138 64 28 legda

213 1172 73 21 hästar
308 1174 27 18 än
356 1172 82 21 medels
454 1173 186 27 gästgifveriernas
655 1173 117 27 anlitande,
789 1172 90 22 hvarvid
895 1173 64 21 desse

213 1208 153 25 entrepenörer
380 1206 85 22 således
480 1208 64 26 ginge
559 1208 61 20 miste
635 1214 36 14 om
683 1214 27 14 en
724 1207 36 21 del
774 1208 24 20 af
802 1207 42 21 den
853 1208 103 27 förtjenst,

213 1240 29 22 de
262 1240 69 22 borde
345 1241 24 21 af
381 1241 89 21 trafiken
487 1242 74 20 kunna
575 1240 108 28 påräkna;
700 1243 30 19 att
745 1240 138 28 klagomålen
899 1242 60 21 öfver

212 1273 232 28 skjutsningsbesväret
460 1274 48 21 icke
523 1274 67 21 heller
604 1275 55 20 varit
673 1273 25 23 så
712 1275 89 25 mycket
815 1275 84 21 riktade
914 1277 44 19 mot

213 1309 67 26 tunga
300 1308 50 27 lass,
374 1314 46 16 som
443 1309 19 26 ej
482 1314 46 16 mer
543 1310 44 20 mot
602 1308 36 22 det
653 1310 46 26 sätt,
716 1308 83 28 hvarpå
814 1308 101 22 hästarne
927 1310 30 21 to-

213 1349 38 21 gas
272 1342 8 21 i
302 1341 94 29 anspråk
417 1343 33 21 för
472 1345 29 19 att
521 1343 150 21 tillfredsställa
693 1344 104 22 resandes
812 1342 102 29 otålighet
928 1345 30 20 att

214 1377 86 21 komma
315 1378 54 20 fram
384 1378 30 20 till
429 1377 212 23 bestämmelseorten
658 1377 29 29 på
701 1377 25 23 så
739 1379 49 21 kort
803 1379 29 21 tid
848 1385 47 15 som
903 1380 54 26 möj-

213 1412 48 28 ligt;
282 1412 39 22 och
336 1412 117 28 godkände
469 1412 120 22 Ständerna
604 1411 29 29 på
648 1412 65 22 sådan
730 1413 70 27 grund
817 1413 94 28 följande
926 1413 31 27 ly-

214 1447 60 21 delse
295 1447 24 21 af
334 1446 128 28 stadgandet
476 1448 7 20 i
498 1446 71 30 fråga:
600 1446 43 22 ”Pä
659 1448 64 21 kärra
738 1448 54 21 eller
806 1448 59 21 släde
880 1446 34 23 får
928 1448 29 22 ef-

282 1491 138 19 Sammansatta
432 1492 50 23 Lag-
495 1493 31 17 och
539 1492 182 19 Ekonomiutskottets
732 1492 114 19 betänkande
857 1493 36 17 N:o
908 1492 18 18 4.
