1011 1703
391 143 80 22 Ständ.
486 143 37 23 Sv.
539 157 26 2 —
580 145 70 26 Prop.
666 145 39 21 N:o
720 145 33 21 17.

550 213 46 26 18.

412 245 69 22 Också
496 246 64 28 enligt
575 247 159 28 propositionen.

548 293 48 25 28

514 325 116 22 Likaledes.

527 378 14 20 4
555 378 61 27 Kap.

548 418 48 25 28

448 450 71 29 Enligt
534 450 159 29 propositionen.

526 503 13 20 5
554 503 61 28 Kap.

490 532 162 32 Öfverskriften.

448 571 73 29 Enligt
536 571 159 28 propositionen.

549 619 46 26 18

512 652 118 21 Likaledes.

547 694 48 25 TS

410 726 68 23 Också
494 726 63 28 enligt
573 726 159 29 propositionen.

527 779 12 21 6
555 778 62 28 Kap.

550 820 5 18 1
575 819 19 25 8.

401 852 85 22 Jemväl
502 852 63 28 enligt
579 852 159 28 propositionen.

544 899 13 20 3
573 899 19 25 8.

334 930 44 24 Aro
400 932 112 21 bördemän
527 932 62 28 flere,
604 939 44 14 som
664 932 66 21 börda
746 933 65 26 vilja;
830 933 42 20 löse
888 932 53 21 hvar

266 968 24 20 sä
305 969 45 19 stor
366 967 43 24 lott,
425 973 43 14 som
484 966 42 21 han
542 966 64 27 ärfva
626 966 74 25 skulle,
717 972 32 14 om
765 966 25 21 de
805 966 72 20 allena
892 973 48 13 vore

266 1002 108 26 säljarens
389 1000 122 27 arfvingar.
542 1000 50 21 Kan
609 1000 39 20 den
658 1000 55 27 jord
727 1000 20 27 ej
758 1000 65 23 delas,
833 1000 51 20 eller
895 1000 46 20 täla

266 1041 45 14 mer
325 1037 28 18 än
368 1041 25 14 en
408 1033 45 25 äbo,
470 1034 37 20 och
523 1034 93 26 äsämjer
631 1034 44 20 dem
692 1034 21 26 ej
727 1033 136 21 hvilkendera
874 1033 66 22 börda

266 1069 69 24 skall;
350 1069 42 20 löse
407 1068 47 24 den,
469 1075 44 13 som
527 1069 69 19 större
610 1067 34 21 del
655 1067 85 27 hafver:
755 1074 39 21 ega
805 1068 25 20 de
841 1067 45 21 lika
897 1068 45 24 del;

267 1103 28 20 dä
311 1102 56 21 skall
383 1101 71 21 derom
470 1101 70 21 lottas.

545 1142 14 20 4
574 1142 19 25 &.

334 1171 33 25 Är
382 1178 60 18 näste
458 1175 112 21 bördeman
585 1175 106 28 omyndig,
703 1176 52 20 eller
766 1176 112 27 vanvettig,
890 1175 50 21 eller

266 1210 80 21 utrikes
365 1210 75 26 faren,
461 1210 51 20 eller
526 1210 98 27 fången;
646 1210 42 20 löse
706 1210 105 21 målsman
831 1210 52 20 eller
899 1216 41 14 om-

268 1244 102 20 budsman
386 1245 12 18 å
415 1243 63 20 deras
500 1246 88 24 vägnar,
608 1244 56 19 inom
683 1245 50 25 laga
753 1244 71 24 stånd,
844 1244 38 20 der
897 1244 43 20 han

267 1278 65 26 gitter
347 1276 37 21 och
402 1277 34 20 det
454 1278 79 26 nyttigt
546 1277 98 27 pröfvar.
677 1277 70 20 Sedan
764 1277 61 27 hafve
840 1278 101 26 omyndig

266 1312 28 20 dä
317 1311 42 21 han
382 1311 88 27 myndig
491 1311 82 25 varder,
596 1310 51 22 eller
670 1312 106 26 vanvettig
796 1311 27 21 dä
842 1310 42 22 han
906 1311 34 21 till

266 1346 69 21 bättre
344 1345 107 27 förstånd
466 1345 97 26 kommer,
579 1346 51 19 eller
644 1345 82 21 utrikes
737 1346 74 25 faren,
823 1346 51 20 eller
885 1345 55 26 fän-

265 1387 40 21 gen
325 1380 28 21 dä
371 1379 41 22 han
436 1379 143 25 äterkommer,
603 1380 62 27 ingen
685 1379 58 22 makt
767 1379 52 21 derä
837 1382 33 18 att
886 1381 52 20 tala.

267 1415 35 20 Nu
318 1414 67 27 hafva
400 1415 26 20 de
438 1415 18 27 ej
466 1415 105 20 målsman
581 1414 52 21 eller
643 1414 149 26 ombudsman;
807 1414 76 21 stände
893 1415 46 20 dem

266 1450 57 21 ändå
339 1451 19 26 ej
368 1449 55 27 fritt
432 1449 55 28 jord
501 1450 8 20 i
523 1449 52 22 börd
592 1450 118 25 återvinna,
728 1449 52 22 derä
795 1450 8 20 i
817 1451 73 19 rättan
908 1449 32 21 tid

266 1484 21 27 ej
303 1484 40 21 talt
357 1485 31 25 är,
403 1486 53 19 utan
473 1483 80 22 behålle
562 1484 54 27 jord
632 1484 40 21 den
687 1483 50 28 köpt
753 1483 81 27 hafver.
