1045 1706
228 148 13 21 4
400 147 81 22 Ständ.
496 148 37 22 Sv.
549 159 26 3 —
591 148 70 26 Prop.
676 147 40 22 N:o
732 148 22 20 6.

205 215 137 22 sammanstär
361 223 36 13 ens
415 215 48 21 med
483 223 25 13 en
526 214 124 29 provisionel]
665 214 109 28 afvittring
789 214 23 21 af
824 214 124 29 öfverlopps-

208 249 177 28 skogsmarkerna,
400 248 92 27 hvilken,
504 249 65 28 enligt
580 248 126 22 Ständernas
717 248 59 28 äsigt,
787 248 115 22 emellertid
912 249 36 21 bör

208 284 43 25 ske,
269 291 61 21 synes
352 284 36 21 det
410 291 44 13 som
472 284 62 20 borde
550 282 61 22 äfven
627 290 26 13 en
668 282 64 21 sådan
747 282 71 28 åtgärd
833 282 80 29 föregås
928 282 23 22 af

206 318 135 22 kontraktens
355 317 133 29 fullständiga
504 317 152 29 upphäfvande,
672 316 55 22 hvad
743 316 58 22 dessa
815 316 87 22 friheter
915 325 33 13 an-

205 352 42 28 går,
263 352 38 21 och
315 352 63 22 hafva
392 352 117 22 Ständerna
523 352 55 28 förty
592 351 47 21 icke
654 351 72 21 tvekat
741 353 30 19 att
786 351 70 21 dertill
870 351 77 22 bifalla.

271 386 43 22 För
334 386 129 22 bedömande
484 386 24 21 af
527 386 94 28 frågorna
637 393 34 13 om
687 384 18 29 ej
722 385 81 21 mindre
818 385 130 29 lämpligaste

205 420 58 22 tiden
285 420 31 22 för
338 420 111 28 intagande
468 420 23 21 af
507 420 120 22 storskiften
641 420 8 20 i
663 419 136 22 förenämnda
814 420 92 26 socknar,
922 425 26 16 än

207 454 39 22 ock
263 455 35 21 det
314 454 133 22 tunnlandtal
461 454 59 21 mark
538 454 28 28 på
580 454 106 25 mantalet,
703 461 44 14 som
761 454 33 21 till
809 454 140 28 betryggande

208 488 23 21 af
243 488 126 22 dervarande
384 488 108 22 hemmans
507 488 86 22 bestånd
607 487 69 22 blefve
691 487 24 21 af
727 488 69 21 nöden
807 488 37 21 och
855 488 37 21 bör
902 488 47 21 dem

207 522 95 26 tilldelas,
318 522 101 22 erfordras
442 530 26 13 en
488 530 105 20 noggrann
615 522 119 21 kännedom
752 530 33 13 om
800 522 150 28 inbyggarenes

208 557 32 21 uti
261 556 155 28 ifrågavarande
439 556 86 22 socknar
547 556 147 28 egoförmoner,
716 556 121 22 lefnadssätt
856 557 38 21 och
911 556 39 22 för-

207 591 122 21 värfskällor
338 599 27 13 m.
377 591 20 21 fi.
408 590 12 22 å
431 591 63 21 saken
509 590 104 22 verkande
629 590 181 28 omständigheter.
835 591 49 21 Den
894 591 56 21 kom-

208 625 91 27 mission,
316 633 43 14 som
374 625 8 21 i
397 625 56 21 förut
468 625 72 21 anförd
554 624 65 22 måtto
638 624 26 29 på
679 625 55 21 1872
749 624 32 22 års
797 624 99 23 Ständers
912 625 38 21 för-

207 660 43 28 slag
264 660 96 22 tillsattes
374 659 32 22 för
424 662 31 19 att
469 659 120 22 införskaffa
604 659 40 21 den
659 658 26 22 då
699 659 64 28 nödig
776 659 92 21 befunna
883 660 67 21 utred-

207 694 82 28 ningen,
305 694 38 22 har
358 694 116 21 emellertid
489 694 95 21 förbisett
603 695 31 20 att
649 693 77 29 afgifva
742 693 172 23 ofvanomordade
930 694 23 22 af

207 728 116 22 Ständerna
338 728 76 22 äskade
428 729 158 28 upplysningar;
602 728 38 21 och
655 728 8 21 i
677 728 79 21 saknad
771 728 22 21 af
804 728 63 22 sådan
881 729 69 21 utred-

207 762 50 28 ning
271 763 62 21 borde
348 762 60 22 alltså
422 762 49 22 med
486 762 104 22 storskifte
605 762 39 21 och
655 762 154 28 skattläggning
818 763 65 26 anstå,
895 763 56 21 intill

207 796 46 22 dess
268 804 25 14 en
308 796 121 31 fullständig
443 797 112 28 utredning
569 796 87 22 rörande
669 796 155 29 ofvanantydda
834 797 117 22 ortsförhål-

207 830 76 22 landen
297 838 49 14 vore
361 830 108 22 inhemtad
486 832 38 20 och
540 831 116 22 Ständerna
671 831 114 21 meddelad.
819 832 12 20 TI
847 832 103 21 anseende

209 865 71 21 härtill
299 865 63 21 hafva
377 865 117 22 Ständerna
514 868 50 19 trott
578 865 31 29 sig
622 866 50 20 böra
685 865 37 22 vid
736 865 215 23 knektekontraktens

210 900 146 28 upphäfvande
370 900 9 20 i
393 900 40 21 den
448 900 39 26 del,
503 901 87 20 hvarom
603 908 30 12 nu
648 904 22 17 är
684 899 63 29 fråga,
759 899 52 23 fästa
825 908 44 14 som
883 900 68 22 vilkor

209 936 36 23 att,
261 934 63 22 sedan
341 942 75 20 genom
431 934 117 28 Styrelsens
568 934 78 28 försorg
660 934 121 28 fullständig
795 934 111 29 utredning
921 935 29 21 in-

209 968 89 22 hemtats
308 968 106 28 angäende
425 968 97 22 markens
532 969 104 21 allmänna
645 968 143 22 beskaffenhet
802 969 8 21 i
825 969 59 21 dessa
894 970 54 20 sock-

208 1010 43 18 nar,
266 1002 159 29 befolkningens
441 1003 104 21 derstädes
560 1002 139 28 hushällning,
715 1002 127 27 lefnadssätt,
856 1003 96 22 förvärfs-

208 1037 67 21 källor
289 1037 38 21 och
341 1037 64 22 behof
422 1039 54 20 samt
490 1038 64 21 andra
573 1036 71 29 dylika
658 1037 27 28 pä
699 1036 83 29 frägans
797 1037 111 28 afgörande
922 1038 30 22 in-

210 1071 104 22 verkande
329 1071 181 28 omständigheter,
528 1071 116 22 Ständerna
658 1071 78 21 tillätas
751 1071 80 28 deltaga
843 1071 8 21 i
865 1072 86 21 bestäm-

211 1105 74 21 mande
308 1105 18 28 ej
348 1105 88 22 allenast
458 1105 22 21 af
501 1105 63 26 tiden,
580 1109 37 17 när
637 1105 25 21 de
680 1105 119 28 ifrägasatta
819 1106 132 21 storskiftena

211 1139 58 21 skola
286 1139 84 28 vidtaga
391 1141 54 20 samt
460 1139 34 22 det
516 1139 131 22 tunnlandta!
661 1139 66 26 mark,
743 1147 44 14 som
802 1139 72 22 dervid
888 1140 63 21 borde

211 1173 147 28 lägenheterna
372 1173 95 26 tilldelas,
483 1176 51 19 utan
549 1174 39 21 ock
601 1173 104 22 huruvida
720 1174 38 21 och
772 1174 33 21 till
819 1174 86 21 hvilken
920 1177 31 19 ut-

210 1207 119 28 sträckning
347 1207 152 22 sockneboerne
518 1208 34 21 mä
566 1207 61 22 äfven
642 1207 52 22 efter
709 1208 114 21 storskiftet
838 1208 113 21 bibehållas

211 1241 35 21 vid
260 1241 126 28 rättigheten
400 1241 33 21 till
447 1243 85 20 renbete
546 1244 53 19 samt
611 1242 51 27 jagt,
677 1241 97 28 djurfång
784 1243 39 20 och
832 1243 52 20 fiske
895 1243 56 20 inom

211 1274 26 21 de
251 1274 173 28 öfverloppsjords
439 1275 103 26 områden,
558 1283 44 13 som
616 1275 32 21 för
661 1275 91 22 kronans
766 1276 89 27 räkning
865 1276 87 21 sålunda

213 1307 63 22 varda
291 1308 103 23 definitivt
408 1308 98 22 afrösade.

278 1342 64 22 Hvad
356 1342 117 22 sedermera
488 1343 97 22 beträffar
604 1342 114 29 detaljerna
733 1343 22 22 af
767 1343 35 22 det
817 1343 31 22 uti
862 1344 90 29 proposi-

211 1376 71 22 tionen
297 1376 101 29 ingående
412 1377 98 29 förslaget
524 1378 33 22 till
571 1377 144 28 stadganden
710 1372 13 38 i
730 1381 69 19 ämnet
814 1379 63 21 hafva
892 1379 59 22 Stän-

214 1411 63 22 derna
291 1411 45 22 deri
354 1412 88 29 vidtagit
456 1412 63 29 några
536 1413 148 28 förändringar,
699 1413 33 22 för
746 1413 73 22 hvilka
833 1413 117 23 Ständerna

213 1446 48 22 utbe
275 1446 31 29 sig
320 1448 31 20 att
365 1446 8 22 i
388 1447 34 22 det
436 1447 90 29 följande
540 1447 148 30 underdånigst
702 1447 22 22 få
739 1448 104 29 redogöra.

277 1481 13 21 I
304 1480 58 29 fråga
376 1489 34 14 om
425 1482 25 21 de
464 1483 96 27 grunder,
576 1481 53 23 efter
643 1482 72 22 hvilka
724 1483 226 28 lägenhetsinnehafva-
