1020 1706
270 142 82 24 Ständ.
367 144 38 23 Sv.
420 156 26 4 —
462 145 70 27 Prop.
547 144 41 23 N:o
602 144 14 22 3
760 143 28 21 15

143 206 227 28 förhandlingar
330 202 41 37 vid
385 207 138 28 landtdagar,
541 207 79 27 kyrko-
635 206 37 21 och
683 207 137 25 prestmöten,

145 240 231 26 kommunalstämönror,
391 242 192 26 valförsamlingar
594 242 56 20 samt
660 240 71 20 andra
742 240 77 26 offent-

146 274 44 28 liga
205 274 192 21 sammankomster
410 276 59 26 gälle
485 275 56 21 hvad
555 275 9 20 i
579 276 27 19 10
620 274 16 27 $
650 276 27 18 är
691 274 109 27 stadgadt.

441 351 13 21 2
468 350 55 28 Kap.

145 408 38 20 Om
200 408 41 20 rätt
257 408 29 21 till
301 408 102 26 offentligt
418 408 130 27 uppförande
563 408 23 20 af
602 407 110 27 skädespel
730 407 38 20 och
787 407 33 20 för

342 460 76 15 scenen
434 455 101 20 författad
551 453 70 25 musik.

447 505 16 27 $
478 506 33 20 12.

214 543 120 28 Skädespel,
350 551 45 14 som
409 545 46 20 icke
475 544 71 28 blifvit
561 545 9 20 i
584 544 61 28 tryck
665 544 98 28 utgifvet,
785 545 35 20 mä

145 579 25 26 ej,
185 580 53 19 utan
254 578 106 28 samtycke
376 579 30 27 af
411 578 138 28 författaren
568 579 53 20 eller
638 579 48 25 den,
709 585 44 14 som
771 579 50 27 för-

141 613 114 26 fattarens
270 615 45 18 rätt
330 613 67 28 enligt
412 615 12 19 1
439 613 15 27 $
469 613 98 26 innehar,
587 613 108 28 offentligt
715 613 13 20 ä
746 613 76 21 skäde-

142 647 60 27 plats
221 649 113 26 uppföras.
369 647 50 21 Har
434 647 110 28 skådespel
559 648 8 20 i
582 647 60 28 tryck
657 647 111 21 utkommit
783 647 38 22 och

145 683 26 19 är
184 681 139 28 författaren
342 681 113 28 behörigen
477 681 139 28 namngifven
638 684 55 19 samt
711 681 111 28 förbehåll

145 716 74 27 gjordt
235 723 33 13 om
282 716 137 21 uteslutande
434 717 45 20 rätt
494 717 36 20 till
547 717 47 20 dess
612 716 111 28 offentliga
742 717 80 27 uppför

145 751 74 23 rande,
236 750 114 21 tillkomme
366 751 69 21 sådan
454 753 45 19 rätt
517 750 138 27 författaren
676 751 70 21 under
767 751 55 20 hans

146 784 72 27 lifstid
233 785 37 20 och
285 784 54 21 hans
354 785 199 27 rättsinnehafvare
567 785 8 20 i
585 785 79 27 femtio
679 785 26 20 är
721 785 100 27 derefter,

145 825 46 14 men
206 819 20 27 ej
240 819 35 20 mä
290 819 8 20 i
314 819 58 21 detta
386 819 47 26 fall
448 819 35 21 till
497 819 107 27 offentligt
619 818 138 29 uppförande
772 819 48 21 räk-

145 859 40 14 nas
201 855 33 19 att
249 853 81 21 arbetet
345 855 53 19 utan
412 853 83 22 scenisk
509 853 101 28 utstyrsel
625 853 125 28 offentligen
764 847 58 32 före-

146 888 85 27 drages.

214 922 50 21 Har
280 923 69 27 nägon
364 922 47 20 med
426 922 68 27 laglig
508 924 45 18 rätt
565 922 41 26 för
620 922 124 26 skädeplats
755 922 68 27 öfver-

145 959 44 18 satt
204 957 52 20 eller
272 955 108 22 bearbetat
395 956 130 22 dramatiskt
540 956 77 26 arbete,
632 963 35 21 ege
683 956 38 21 ock
736 956 43 21 han
795 956 28 20 el-

147 992 31 19 ler
193 990 54 21 häns
262 989 197 28 rätisinnehafvare
475 990 114 21 enahanda
599 990 172 28 författarerätt
788 990 36 21 till

146 1026 54 20 hans
215 1024 168 28 öfversättnings
398 1025 52 20 eller
465 1024 149 28 bearbetnings
636 1024 114 28 offentliga
769 1031 53 21 upp-

141 1060 104 25 förande.
276 1059 56 21 Lika
346 1060 46 19 rätt
407 1059 94 27 ätnjutes
511 1059 82 27 jemväl
604 1058 35 21 till
652 1059 107 27 offentligt
769 1066 53 20 upp-

141 1093 97 27 förande
260 1093 29 25 af
306 1092 76 26 musik,
406 1100 43 13 som
459 1092 120 28 författats
590 1092 42 27 för
646 1095 33 18 att
694 1094 9 18 i
717 1100 106 14 samman-

146 1128 58 27 hang
218 1128 47 20 med
280 1126 83 22 scenisk
374 1127 170 27 framställning
558 1126 94 28 utföras.

451 1196 16 27 $
483 1196 33 20 13.

216 1236 53 21 Sker
279 1236 75 26 första
369 1235 146 28 uppförandet
530 1236 14 20 ä
559 1235 123 27 skådeplats
697 1236 31 27 af
740 1237 84 27 otryckt

146 1272 75 25 alster,
235 1278 45 14 som
298 1270 8 20 i
322 1272 27 20 12
363 1271 15 27 $
393 1270 97 25 omtalas,
505 1270 57 27 efter
580 1270 140 28 namngifven
736 1270 88 28 förfat-

147 1310 57 17 tares
220 1306 49 24 död,
286 1306 51 20 eller
352 1305 38 21 ock
404 1304 69 21 under
491 1304 54 21 hans
563 1303 73 28 lifstid
652 1307 54 18 utan
727 1307 33 19 att
774 1305 49 27 för-

143 1341 102 26 fattaren
267 1340 30 20 dä
319 1339 52 20 eller
390 1339 119 19 sedermera
527 1339 25 19 sä
572 1339 136 26 namngifves
728 1345 44 14 som
787 1340 8 18 i
810 1341 14 18 3

146 1376 15 24 $
176 1376 67 26 säges,
259 1374 52 20 eller
326 1374 26 19 är
367 1372 81 21 arbetet
463 1372 68 28 tryckt
546 1371 47 21 med
600 1371 114 25 förbehäll
723 1375 44 18 mot
776 1373 48 21 dess

146 1408 145 28 uppförande,
306 1414 47 14 men
368 1409 54 18 utan
437 1408 32 19 att
481 1405 150 28 författarens
650 1412 65 14 namn
730 1408 31 26 pä
780 1409 44 19 sätt

147 1450 45 14 som
206 1450 29 13 nu
251 1444 26 19 är
296 1442 63 27 sagdt
377 1440 120 28 uppgifves,
517 1440 56 21 skall
593 1440 39 21 den
647 1439 176 29 författarerätt,

147 1478 88 21 hvarom
250 1477 9 20 i
274 1477 28 21 12
315 1477 15 26 $
341 1476 71 25 ordas,
423 1476 60 27 gälla
493 1475 8 20 i
507 1474 77 28 femtio
594 1475 28 20 är
626 1474 57 27 frän
695 1475 35 21 det
740 1476 84 29 otryck-
