<?xml version="1.0" encoding="UTF-8"?>
<alto xmlns="http://www.loc.gov/standards/alto/ns-v3#" xmlns:xlink="http://www.w3.org/1999/xlink" xmlns:xsi="http://www.w3.org/2001/XMLSchema-instance" xsi:schemaLocation="http://www.loc.gov/standards/alto/ns-v3# http://www.loc.gov/alto/v3/alto-3-0.xsd">
	<Description>
		<MeasurementUnit>pixel</MeasurementUnit>
		<sourceImageInformation>
			<fileName>/tmp/tess_sqfgpztb_input.PNG</fileName>
		</sourceImageInformation>
		<OCRProcessing ID="OCR_0">
			<ocrProcessingStep>
				<processingSoftware>
					<softwareName>tesseract 5.3.4</softwareName>
				</processingSoftware>
			</ocrProcessingStep>
		</OCRProcessing>
	</Description>
	<Layout>
		<Page WIDTH="1017" HEIGHT="1720" PHYSICAL_IMG_NR="0" ID="page_0">
			<PrintSpace HPOS="0" VPOS="0" WIDTH="1017" HEIGHT="1720">
				<ComposedBlock ID="cblock_0" HPOS="236" VPOS="153" WIDTH="404" HEIGHT="24">
					<TextBlock ID="block_0" HPOS="236" VPOS="153" WIDTH="404" HEIGHT="24">
						<TextLine ID="line_0" HPOS="236" VPOS="153" WIDTH="404" HEIGHT="24">
							<String ID="string_0" HPOS="236" VPOS="159" WIDTH="11" HEIGHT="18" WC="0.60" CONTENT="a"/><SP WIDTH="274" VPOS="159" HPOS="247"/>
							<String ID="string_1" HPOS="521" VPOS="154" WIDTH="53" HEIGHT="22" WC="0.96" CONTENT="N:o"/><SP WIDTH="17" VPOS="154" HPOS="574"/>
							<String ID="string_2" HPOS="591" VPOS="153" WIDTH="49" HEIGHT="22" WC="0.47" CONTENT="18,"/>
						</TextLine>
					</TextBlock>
				</ComposedBlock>
				<ComposedBlock ID="cblock_1" HPOS="206" VPOS="221" WIDTH="750" HEIGHT="1294">
					<TextBlock ID="block_1" HPOS="206" VPOS="221" WIDTH="750" HEIGHT="1055">
						<TextLine ID="line_1" HPOS="277" VPOS="221" WIDTH="677" HEIGHT="28">
							<String ID="string_3" HPOS="277" VPOS="224" WIDTH="44" HEIGHT="21" WC="0.93" CONTENT="Det"/><SP WIDTH="20" VPOS="224" HPOS="321"/>
							<String ID="string_4" HPOS="341" VPOS="223" WIDTH="126" HEIGHT="26" WC="0.91" CONTENT="blodsband,"/><SP WIDTH="17" VPOS="223" HPOS="467"/>
							<String ID="string_5" HPOS="484" VPOS="228" WIDTH="45" HEIGHT="15" WC="0.93" CONTENT="som"/><SP WIDTH="15" VPOS="228" HPOS="529"/>
							<String ID="string_6" HPOS="544" VPOS="222" WIDTH="86" HEIGHT="21" WC="0.92" CONTENT="förenar"/><SP WIDTH="17" VPOS="222" HPOS="630"/>
							<String ID="string_7" HPOS="647" VPOS="221" WIDTH="74" HEIGHT="21" WC="0.92" CONTENT="fadern"/><SP WIDTH="15" VPOS="221" HPOS="721"/>
							<String ID="string_8" HPOS="736" VPOS="221" WIDTH="49" HEIGHT="21" WC="0.96" CONTENT="med"/><SP WIDTH="16" VPOS="221" HPOS="785"/>
							<String ID="string_9" HPOS="801" VPOS="221" WIDTH="38" HEIGHT="21" WC="0.95" CONTENT="sitt"/><SP WIDTH="14" VPOS="221" HPOS="839"/>
							<String ID="string_10" HPOS="853" VPOS="221" WIDTH="59" HEIGHT="26" WC="0.96" CONTENT="barn,"/><SP WIDTH="17" VPOS="221" HPOS="912"/>
							<String ID="string_11" HPOS="929" VPOS="221" WIDTH="25" HEIGHT="20" WC="0.96" CONTENT="är"/>
						</TextLine>
						<TextLine ID="line_2" HPOS="207" VPOS="255" WIDTH="746" HEIGHT="30">
							<String ID="string_12" HPOS="207" VPOS="258" WIDTH="126" HEIGHT="27" WC="0.93" CONTENT="visserligen"/><SP WIDTH="14" VPOS="258" HPOS="333"/>
							<String ID="string_13" HPOS="347" VPOS="257" WIDTH="47" HEIGHT="22" WC="0.91" CONTENT="icke"/><SP WIDTH="14" VPOS="257" HPOS="394"/>
							<String ID="string_14" HPOS="408" VPOS="257" WIDTH="83" HEIGHT="21" WC="0.93" CONTENT="mindre"/><SP WIDTH="14" VPOS="257" HPOS="491"/>
							<String ID="string_15" HPOS="505" VPOS="256" WIDTH="160" HEIGHT="27" WC="0.91" CONTENT="betydelsefullt"/><SP WIDTH="15" VPOS="256" HPOS="665"/>
							<String ID="string_16" HPOS="680" VPOS="258" WIDTH="27" HEIGHT="19" WC="0.97" CONTENT="än"/><SP WIDTH="11" VPOS="258" HPOS="707"/>
							<String ID="string_17" HPOS="718" VPOS="256" WIDTH="37" HEIGHT="21" WC="0.93" CONTENT="det"/><SP WIDTH="10" VPOS="256" HPOS="755"/>
							<String ID="string_18" HPOS="765" VPOS="256" WIDTH="90" HEIGHT="21" WC="0.92" CONTENT="emellan"/><SP WIDTH="9" VPOS="256" HPOS="855"/>
							<String ID="string_19" HPOS="864" VPOS="255" WIDTH="89" HEIGHT="22" WC="0.96" CONTENT="modern"/>
						</TextLine>
						<TextLine ID="line_3" HPOS="207" VPOS="290" WIDTH="746" HEIGHT="28">
							<String ID="string_20" HPOS="207" VPOS="293" WIDTH="40" HEIGHT="21" WC="0.93" CONTENT="och"/><SP WIDTH="18" VPOS="293" HPOS="247"/>
							<String ID="string_21" HPOS="265" VPOS="293" WIDTH="85" HEIGHT="24" WC="0.92" CONTENT="barnet;"/><SP WIDTH="19" VPOS="293" HPOS="350"/>
							<String ID="string_22" HPOS="369" VPOS="298" WIDTH="47" HEIGHT="15" WC="0.96" CONTENT="men"/><SP WIDTH="18" VPOS="298" HPOS="416"/>
							<String ID="string_23" HPOS="434" VPOS="292" WIDTH="77" HEIGHT="20" WC="0.93" CONTENT="medan"/><SP WIDTH="15" VPOS="292" HPOS="511"/>
							<String ID="string_24" HPOS="526" VPOS="291" WIDTH="75" HEIGHT="27" WC="0.90" CONTENT="sjelfva"/><SP WIDTH="15" VPOS="291" HPOS="601"/>
							<String ID="string_25" HPOS="616" VPOS="291" WIDTH="191" HEIGHT="20" WC="0.89" CONTENT="natursambandet"/><SP WIDTH="16" VPOS="291" HPOS="807"/>
							<String ID="string_26" HPOS="823" VPOS="290" WIDTH="67" HEIGHT="21" WC="0.92" CONTENT="sluter"/><SP WIDTH="14" VPOS="290" HPOS="890"/>
							<String ID="string_27" HPOS="904" VPOS="290" WIDTH="49" HEIGHT="21" WC="0.93" CONTENT="bar-"/>
						</TextLine>
						<TextLine ID="line_4" HPOS="207" VPOS="320" WIDTH="747" HEIGHT="31">
							<String ID="string_28" HPOS="207" VPOS="328" WIDTH="37" HEIGHT="21" WC="0.93" CONTENT="net"/><SP WIDTH="13" VPOS="328" HPOS="244"/>
							<String ID="string_29" HPOS="257" VPOS="329" WIDTH="99" HEIGHT="18" WC="0.96" CONTENT="närmare"/><SP WIDTH="15" VPOS="329" HPOS="356"/>
							<String ID="string_30" HPOS="371" VPOS="326" WIDTH="32" HEIGHT="21" WC="0.96" CONTENT="till"/><SP WIDTH="11" VPOS="326" HPOS="403"/>
							<String ID="string_31" HPOS="414" VPOS="326" WIDTH="49" HEIGHT="21" WC="0.93" CONTENT="dess"/><SP WIDTH="14" VPOS="326" HPOS="463"/>
							<String ID="string_32" HPOS="477" VPOS="325" WIDTH="80" HEIGHT="26" WC="0.96" CONTENT="moder,"/><SP WIDTH="14" VPOS="325" HPOS="557"/>
							<String ID="string_33" HPOS="571" VPOS="325" WIDTH="140" HEIGHT="26" WC="0.96" CONTENT="uppkommer"/><SP WIDTH="14" VPOS="325" HPOS="711"/>
							<String ID="string_34" HPOS="725" VPOS="325" WIDTH="90" HEIGHT="21" WC="0.96" CONTENT="emellan"/><SP WIDTH="14" VPOS="325" HPOS="815"/>
							<String ID="string_35" HPOS="829" VPOS="320" WIDTH="75" HEIGHT="26" WC="0.96" CONTENT="fadern"/><SP WIDTH="10" VPOS="320" HPOS="904"/>
							<String ID="string_36" HPOS="914" VPOS="324" WIDTH="40" HEIGHT="21" WC="0.96" CONTENT="och"/>
						</TextLine>
						<TextLine ID="line_5" HPOS="207" VPOS="359" WIDTH="747" HEIGHT="26">
							<String ID="string_37" HPOS="207" VPOS="361" WIDTH="53" HEIGHT="21" WC="0.96" CONTENT="hans"/><SP WIDTH="15" VPOS="361" HPOS="260"/>
							<String ID="string_38" HPOS="275" VPOS="361" WIDTH="54" HEIGHT="20" WC="0.96" CONTENT="barn"/><SP WIDTH="16" VPOS="361" HPOS="329"/>
							<String ID="string_39" HPOS="345" VPOS="361" WIDTH="31" HEIGHT="20" WC="0.97" CONTENT="ett"/><SP WIDTH="15" VPOS="361" HPOS="376"/>
							<String ID="string_40" HPOS="391" VPOS="360" WIDTH="103" HEIGHT="21" WC="0.93" CONTENT="samband"/><SP WIDTH="15" VPOS="360" HPOS="494"/>
							<String ID="string_41" HPOS="509" VPOS="359" WIDTH="148" HEIGHT="26" WC="0.91" CONTENT="förnämligast"/><SP WIDTH="15" VPOS="359" HPOS="657"/>
							<String ID="string_42" HPOS="672" VPOS="365" WIDTH="76" HEIGHT="20" WC="0.91" CONTENT="genom"/><SP WIDTH="15" VPOS="365" HPOS="748"/>
							<String ID="string_43" HPOS="763" VPOS="365" WIDTH="139" HEIGHT="20" WC="0.91" CONTENT="omsorgerna"/><SP WIDTH="13" VPOS="365" HPOS="902"/>
							<String ID="string_44" HPOS="915" VPOS="359" WIDTH="39" HEIGHT="20" WC="0.96" CONTENT="och"/>
						</TextLine>
						<TextLine ID="line_6" HPOS="207" VPOS="393" WIDTH="747" HEIGHT="30">
							<String ID="string_45" HPOS="207" VPOS="395" WIDTH="175" HEIGHT="28" WC="0.91" CONTENT="uppoffringarna"/><SP WIDTH="16" VPOS="395" HPOS="382"/>
							<String ID="string_46" HPOS="398" VPOS="394" WIDTH="35" HEIGHT="22" WC="0.96" CONTENT="för"/><SP WIDTH="17" VPOS="394" HPOS="433"/>
							<String ID="string_47" HPOS="450" VPOS="395" WIDTH="87" HEIGHT="21" WC="0.96" CONTENT="barnets"/><SP WIDTH="20" VPOS="395" HPOS="537"/>
							<String ID="string_48" HPOS="557" VPOS="393" WIDTH="102" HEIGHT="22" WC="0.96" CONTENT="framtida"/><SP WIDTH="17" VPOS="393" HPOS="659"/>
							<String ID="string_49" HPOS="676" VPOS="393" WIDTH="41" HEIGHT="27" WC="0.96" CONTENT="väl,"/><SP WIDTH="18" VPOS="393" HPOS="717"/>
							<String ID="string_50" HPOS="735" VPOS="400" WIDTH="76" HEIGHT="20" WC="0.96" CONTENT="genom"/><SP WIDTH="15" VPOS="400" HPOS="811"/>
							<String ID="string_51" HPOS="826" VPOS="393" WIDTH="128" HEIGHT="28" WC="0.96" CONTENT="uppfostran"/>
						</TextLine>
						<TextLine ID="line_7" HPOS="207" VPOS="428" WIDTH="747" HEIGHT="26">
							<String ID="string_52" HPOS="207" VPOS="431" WIDTH="40" HEIGHT="21" WC="0.93" CONTENT="och"/><SP WIDTH="22" VPOS="431" HPOS="247"/>
							<String ID="string_53" HPOS="269" VPOS="429" WIDTH="195" HEIGHT="22" WC="0.91" CONTENT="sammanlefnaden"/><SP WIDTH="15" VPOS="429" HPOS="464"/>
							<String ID="string_54" HPOS="479" VPOS="429" WIDTH="7" HEIGHT="21" WC="0.96" CONTENT="i"/><SP WIDTH="15" VPOS="429" HPOS="486"/>
							<String ID="string_55" HPOS="501" VPOS="429" WIDTH="98" HEIGHT="25" WC="0.96" CONTENT="hemmet,"/><SP WIDTH="23" VPOS="429" HPOS="599"/>
							<String ID="string_56" HPOS="622" VPOS="428" WIDTH="155" HEIGHT="26" WC="0.96" CONTENT="förhållanden,"/><SP WIDTH="23" VPOS="428" HPOS="777"/>
							<String ID="string_57" HPOS="800" VPOS="428" WIDTH="72" HEIGHT="21" WC="0.91" CONTENT="hvilka"/><SP WIDTH="18" VPOS="428" HPOS="872"/>
							<String ID="string_58" HPOS="890" VPOS="428" WIDTH="64" HEIGHT="21" WC="0.90" CONTENT="emel-"/>
						</TextLine>
						<TextLine ID="line_8" HPOS="207" VPOS="462" WIDTH="746" HEIGHT="26">
							<String ID="string_59" HPOS="207" VPOS="464" WIDTH="35" HEIGHT="21" WC="0.95" CONTENT="lan"/><SP WIDTH="15" VPOS="464" HPOS="242"/>
							<String ID="string_60" HPOS="257" VPOS="464" WIDTH="37" HEIGHT="21" WC="0.96" CONTENT="det"/><SP WIDTH="15" VPOS="464" HPOS="294"/>
							<String ID="string_61" HPOS="309" VPOS="464" WIDTH="65" HEIGHT="20" WC="0.96" CONTENT="oäkta"/><SP WIDTH="14" VPOS="464" HPOS="374"/>
							<String ID="string_62" HPOS="388" VPOS="463" WIDTH="77" HEIGHT="21" WC="0.96" CONTENT="barnet"/><SP WIDTH="15" VPOS="463" HPOS="465"/>
							<String ID="string_63" HPOS="480" VPOS="463" WIDTH="39" HEIGHT="21" WC="0.96" CONTENT="och"/><SP WIDTH="15" VPOS="463" HPOS="519"/>
							<String ID="string_64" HPOS="534" VPOS="463" WIDTH="49" HEIGHT="21" WC="0.96" CONTENT="dess"/><SP WIDTH="15" VPOS="463" HPOS="583"/>
							<String ID="string_65" HPOS="598" VPOS="462" WIDTH="77" HEIGHT="22" WC="0.80" CONTENT="fader"/><SP WIDTH="-11" VPOS="462" HPOS="675"/>
							<String ID="string_66" HPOS="664" VPOS="458" WIDTH="12" HEIGHT="36" WC="0.80" CONTENT="i"/><SP WIDTH="10" VPOS="458" HPOS="676"/>
							<String ID="string_67" HPOS="686" VPOS="462" WIDTH="26" HEIGHT="22" WC="0.96" CONTENT="de"/><SP WIDTH="15" VPOS="462" HPOS="712"/>
							<String ID="string_68" HPOS="727" VPOS="462" WIDTH="62" HEIGHT="21" WC="0.96" CONTENT="flesta"/><SP WIDTH="15" VPOS="462" HPOS="789"/>
							<String ID="string_69" HPOS="804" VPOS="462" WIDTH="38" HEIGHT="21" WC="0.96" CONTENT="fall"/><SP WIDTH="11" VPOS="462" HPOS="842"/>
							<String ID="string_70" HPOS="853" VPOS="462" WIDTH="100" HEIGHT="26" WC="0.96" CONTENT="antingen"/>
						</TextLine>
						<TextLine ID="line_9" HPOS="207" VPOS="496" WIDTH="747" HEIGHT="27">
							<String ID="string_71" HPOS="207" VPOS="498" WIDTH="40" HEIGHT="21" WC="0.96" CONTENT="alls"/><SP WIDTH="18" VPOS="498" HPOS="247"/>
							<String ID="string_72" HPOS="265" VPOS="498" WIDTH="47" HEIGHT="21" WC="0.95" CONTENT="icke"/><SP WIDTH="23" VPOS="498" HPOS="312"/>
							<String ID="string_73" HPOS="335" VPOS="498" WIDTH="51" HEIGHT="20" WC="0.96" CONTENT="eller"/><SP WIDTH="16" VPOS="498" HPOS="386"/>
							<String ID="string_74" HPOS="402" VPOS="498" WIDTH="76" HEIGHT="20" WC="0.96" CONTENT="endast"/><SP WIDTH="14" VPOS="498" HPOS="478"/>
							<String ID="string_75" HPOS="492" VPOS="498" WIDTH="67" HEIGHT="20" WC="0.96" CONTENT="delvis"/><SP WIDTH="16" VPOS="498" HPOS="559"/>
							<String ID="string_76" HPOS="575" VPOS="499" WIDTH="41" HEIGHT="24" WC="0.96" CONTENT="äga"/><SP WIDTH="17" VPOS="499" HPOS="616"/>
							<String ID="string_77" HPOS="633" VPOS="503" WIDTH="53" HEIGHT="15" WC="0.93" CONTENT="rum."/><SP WIDTH="30" VPOS="503" HPOS="686"/>
							<String ID="string_78" HPOS="716" VPOS="497" WIDTH="80" HEIGHT="21" WC="0.73" CONTENT="Härtill"/><SP WIDTH="15" VPOS="497" HPOS="796"/>
							<String ID="string_79" HPOS="811" VPOS="496" WIDTH="95" HEIGHT="22" WC="0.96" CONTENT="kommer"/><SP WIDTH="16" VPOS="496" HPOS="906"/>
							<String ID="string_80" HPOS="922" VPOS="497" WIDTH="32" HEIGHT="20" WC="0.96" CONTENT="att"/>
						</TextLine>
						<TextLine ID="line_10" HPOS="207" VPOS="530" WIDTH="748" HEIGHT="28">
							<String ID="string_81" HPOS="207" VPOS="532" WIDTH="98" HEIGHT="26" WC="0.96" CONTENT="gällande"/><SP WIDTH="18" VPOS="532" HPOS="305"/>
							<String ID="string_82" HPOS="323" VPOS="532" WIDTH="42" HEIGHT="26" WC="0.95" CONTENT="lag,"/><SP WIDTH="17" VPOS="532" HPOS="365"/>
							<String ID="string_83" HPOS="382" VPOS="531" WIDTH="23" HEIGHT="21" WC="0.96" CONTENT="så"/><SP WIDTH="14" VPOS="531" HPOS="405"/>
							<String ID="string_84" HPOS="419" VPOS="531" WIDTH="61" HEIGHT="27" WC="0.96" CONTENT="långt"/><SP WIDTH="14" VPOS="531" HPOS="480"/>
							<String ID="string_85" HPOS="494" VPOS="532" WIDTH="84" HEIGHT="26" WC="0.96" CONTENT="möjligt"/><SP WIDTH="15" VPOS="532" HPOS="578"/>
							<String ID="string_86" HPOS="593" VPOS="533" WIDTH="30" HEIGHT="23" WC="0.93" CONTENT="är,"/><SP WIDTH="15" VPOS="533" HPOS="623"/>
							<String ID="string_87" HPOS="638" VPOS="531" WIDTH="81" HEIGHT="21" WC="0.92" CONTENT="lemnar"/><SP WIDTH="15" VPOS="531" HPOS="719"/>
							<String ID="string_88" HPOS="734" VPOS="531" WIDTH="163" HEIGHT="26" WC="0.92" CONTENT="lägersmannen"/><SP WIDTH="15" VPOS="531" HPOS="897"/>
							<String ID="string_89" HPOS="912" VPOS="530" WIDTH="43" HEIGHT="22" WC="0.91" CONTENT="till-"/>
						</TextLine>
						<TextLine ID="line_11" HPOS="207" VPOS="565" WIDTH="747" HEIGHT="27">
							<String ID="string_90" HPOS="207" VPOS="566" WIDTH="50" HEIGHT="21" WC="0.92" CONTENT="fälle"/><SP WIDTH="15" VPOS="566" HPOS="257"/>
							<String ID="string_91" HPOS="272" VPOS="568" WIDTH="33" HEIGHT="19" WC="0.96" CONTENT="att"/><SP WIDTH="14" VPOS="568" HPOS="305"/>
							<String ID="string_92" HPOS="319" VPOS="572" WIDTH="75" HEIGHT="20" WC="0.96" CONTENT="genom"/><SP WIDTH="16" VPOS="572" HPOS="394"/>
							<String ID="string_93" HPOS="410" VPOS="566" WIDTH="122" HEIGHT="26" WC="0.96" CONTENT="påföljande"/><SP WIDTH="16" VPOS="566" HPOS="532"/>
							<String ID="string_94" HPOS="548" VPOS="565" WIDTH="125" HEIGHT="27" WC="0.96" CONTENT="äktenskap,"/><SP WIDTH="12" VPOS="565" HPOS="673"/>
							<String ID="string_95" HPOS="685" VPOS="565" WIDTH="100" HEIGHT="27" WC="0.93" CONTENT="fästning,"/><SP WIDTH="11" VPOS="565" HPOS="785"/>
							<String ID="string_96" HPOS="796" VPOS="565" WIDTH="158" HEIGHT="27" WC="0.91" CONTENT="kyrkotagning"/>
						</TextLine>
						<TextLine ID="line_12" HPOS="207" VPOS="600" WIDTH="747" HEIGHT="26">
							<String ID="string_97" HPOS="207" VPOS="600" WIDTH="52" HEIGHT="22" WC="0.96" CONTENT="eller"/><SP WIDTH="18" VPOS="600" HPOS="259"/>
							<String ID="string_98" HPOS="277" VPOS="600" WIDTH="34" HEIGHT="21" WC="0.96" CONTENT="till"/><SP WIDTH="15" VPOS="600" HPOS="311"/>
							<String ID="string_99" HPOS="326" VPOS="600" WIDTH="39" HEIGHT="21" WC="0.96" CONTENT="och"/><SP WIDTH="15" VPOS="600" HPOS="365"/>
							<String ID="string_100" HPOS="380" VPOS="600" WIDTH="48" HEIGHT="21" WC="0.96" CONTENT="med"/><SP WIDTH="17" VPOS="600" HPOS="428"/>
							<String ID="string_101" HPOS="445" VPOS="606" WIDTH="25" HEIGHT="15" WC="0.93" CONTENT="en"/><SP WIDTH="15" VPOS="606" HPOS="470"/>
							<String ID="string_102" HPOS="485" VPOS="600" WIDTH="89" HEIGHT="21" WC="0.92" CONTENT="formlös"/><SP WIDTH="16" VPOS="600" HPOS="574"/>
							<String ID="string_103" HPOS="590" VPOS="600" WIDTH="249" HEIGHT="26" WC="0.91" CONTENT="äktenskapstillsägelse"/><SP WIDTH="16" VPOS="600" HPOS="839"/>
							<String ID="string_104" HPOS="855" VPOS="602" WIDTH="57" HEIGHT="19" WC="0.96" CONTENT="ännu"/><SP WIDTH="14" VPOS="602" HPOS="912"/>
							<String ID="string_105" HPOS="926" VPOS="600" WIDTH="28" HEIGHT="26" WC="0.96" CONTENT="på"/>
						</TextLine>
						<TextLine ID="line_13" HPOS="208" VPOS="634" WIDTH="747" HEIGHT="27">
							<String ID="string_106" HPOS="208" VPOS="635" WIDTH="32" HEIGHT="21" WC="0.92" CONTENT="sin"/><SP WIDTH="16" VPOS="635" HPOS="240"/>
							<String ID="string_107" HPOS="256" VPOS="635" WIDTH="108" HEIGHT="26" WC="0.92" CONTENT="dödssäng"/><SP WIDTH="15" VPOS="635" HPOS="364"/>
							<String ID="string_108" HPOS="379" VPOS="636" WIDTH="53" HEIGHT="25" WC="0.96" CONTENT="göra"/><SP WIDTH="15" VPOS="636" HPOS="432"/>
							<String ID="string_109" HPOS="447" VPOS="635" WIDTH="40" HEIGHT="20" WC="0.96" CONTENT="den"/><SP WIDTH="17" VPOS="635" HPOS="487"/>
							<String ID="string_110" HPOS="504" VPOS="634" WIDTH="22" HEIGHT="21" WC="0.96" CONTENT="af"/><SP WIDTH="13" VPOS="634" HPOS="526"/>
							<String ID="string_111" HPOS="539" VPOS="634" WIDTH="78" HEIGHT="21" WC="0.92" CONTENT="honom"/><SP WIDTH="15" VPOS="634" HPOS="617"/>
							<String ID="string_112" HPOS="632" VPOS="634" WIDTH="96" HEIGHT="21" WC="0.91" CONTENT="förförda"/><SP WIDTH="15" VPOS="634" HPOS="728"/>
							<String ID="string_113" HPOS="743" VPOS="634" WIDTH="104" HEIGHT="26" WC="0.92" CONTENT="qvinnans"/><SP WIDTH="10" VPOS="634" HPOS="847"/>
							<String ID="string_114" HPOS="857" VPOS="635" WIDTH="54" HEIGHT="20" WC="0.96" CONTENT="barn"/><SP WIDTH="10" VPOS="635" HPOS="911"/>
							<String ID="string_115" HPOS="921" VPOS="634" WIDTH="34" HEIGHT="22" WC="0.96" CONTENT="till"/>
						</TextLine>
						<TextLine ID="line_14" HPOS="207" VPOS="668" WIDTH="748" HEIGHT="28">
							<String ID="string_116" HPOS="207" VPOS="669" WIDTH="51" HEIGHT="21" WC="0.96" CONTENT="äkta"/><SP WIDTH="15" VPOS="669" HPOS="258"/>
							<String ID="string_117" HPOS="273" VPOS="669" WIDTH="39" HEIGHT="21" WC="0.90" CONTENT="och"/><SP WIDTH="15" VPOS="669" HPOS="312"/>
							<String ID="string_118" HPOS="327" VPOS="669" WIDTH="123" HEIGHT="27" WC="0.90" CONTENT="derigenom"/><SP WIDTH="15" VPOS="669" HPOS="450"/>
							<String ID="string_119" HPOS="465" VPOS="668" WIDTH="49" HEIGHT="21" WC="0.93" CONTENT="fullt"/><SP WIDTH="15" VPOS="668" HPOS="514"/>
							<String ID="string_120" HPOS="529" VPOS="668" WIDTH="182" HEIGHT="27" WC="0.92" CONTENT="arfsberättigadt."/><SP WIDTH="24" VPOS="668" HPOS="711"/>
							<String ID="string_121" HPOS="735" VPOS="669" WIDTH="44" HEIGHT="20" WC="0.96" CONTENT="Der"/><SP WIDTH="16" VPOS="669" HPOS="779"/>
							<String ID="string_122" HPOS="795" VPOS="668" WIDTH="46" HEIGHT="22" WC="0.96" CONTENT="åter"/><SP WIDTH="10" VPOS="668" HPOS="841"/>
							<String ID="string_123" HPOS="851" VPOS="675" WIDTH="26" HEIGHT="15" WC="0.96" CONTENT="en"/><SP WIDTH="12" VPOS="675" HPOS="877"/>
							<String ID="string_124" HPOS="889" VPOS="669" WIDTH="66" HEIGHT="21" WC="0.95" CONTENT="sådan"/>
						</TextLine>
						<TextLine ID="line_15" HPOS="207" VPOS="703" WIDTH="748" HEIGHT="27">
							<String ID="string_125" HPOS="207" VPOS="703" WIDTH="136" HEIGHT="27" WC="0.91" CONTENT="godtgörelse"/><SP WIDTH="16" VPOS="703" HPOS="343"/>
							<String ID="string_126" HPOS="359" VPOS="709" WIDTH="75" HEIGHT="21" WC="0.96" CONTENT="genom"/><SP WIDTH="15" VPOS="709" HPOS="434"/>
							<String ID="string_127" HPOS="449" VPOS="703" WIDTH="86" HEIGHT="21" WC="0.96" CONTENT="faderns"/><SP WIDTH="16" VPOS="703" HPOS="535"/>
							<String ID="string_128" HPOS="551" VPOS="704" WIDTH="52" HEIGHT="20" WC="0.96" CONTENT="eller"/><SP WIDTH="14" VPOS="704" HPOS="603"/>
							<String ID="string_129" HPOS="617" VPOS="703" WIDTH="100" HEIGHT="21" WC="0.96" CONTENT="moderns"/><SP WIDTH="14" VPOS="703" HPOS="717"/>
							<String ID="string_130" HPOS="731" VPOS="703" WIDTH="118" HEIGHT="27" WC="0.96" CONTENT="äktenskap"/><SP WIDTH="10" VPOS="703" HPOS="849"/>
							<String ID="string_131" HPOS="859" VPOS="704" WIDTH="49" HEIGHT="20" WC="0.89" CONTENT="med"/><SP WIDTH="10" VPOS="704" HPOS="908"/>
							<String ID="string_132" HPOS="918" VPOS="709" WIDTH="37" HEIGHT="15" WC="0.89" CONTENT="an-"/>
						</TextLine>
						<TextLine ID="line_16" HPOS="207" VPOS="737" WIDTH="748" HEIGHT="28">
							<String ID="string_133" HPOS="207" VPOS="744" WIDTH="42" HEIGHT="16" WC="0.95" CONTENT="nan"/><SP WIDTH="21" VPOS="744" HPOS="249"/>
							<String ID="string_134" HPOS="270" VPOS="744" WIDTH="79" HEIGHT="21" WC="0.95" CONTENT="person"/><SP WIDTH="22" VPOS="744" HPOS="349"/>
							<String ID="string_135" HPOS="371" VPOS="737" WIDTH="71" HEIGHT="21" WC="0.95" CONTENT="blifvit"/><SP WIDTH="19" VPOS="737" HPOS="442"/>
							<String ID="string_136" HPOS="461" VPOS="738" WIDTH="93" HEIGHT="26" WC="0.96" CONTENT="omöjlig,"/><SP WIDTH="19" VPOS="738" HPOS="554"/>
							<String ID="string_137" HPOS="573" VPOS="738" WIDTH="61" HEIGHT="21" WC="0.93" CONTENT="torde"/><SP WIDTH="14" VPOS="738" HPOS="634"/>
							<String ID="string_138" HPOS="648" VPOS="738" WIDTH="121" HEIGHT="21" WC="0.92" CONTENT="merändels"/><SP WIDTH="16" VPOS="738" HPOS="769"/>
							<String ID="string_139" HPOS="785" VPOS="739" WIDTH="31" HEIGHT="20" WC="0.93" CONTENT="ett"/><SP WIDTH="14" VPOS="739" HPOS="816"/>
							<String ID="string_140" HPOS="830" VPOS="738" WIDTH="125" HEIGHT="27" WC="0.92" CONTENT="uppdagadt"/>
						</TextLine>
						<TextLine ID="line_17" HPOS="207" VPOS="772" WIDTH="747" HEIGHT="28">
							<String ID="string_141" HPOS="207" VPOS="772" WIDTH="115" HEIGHT="28" WC="0.96" CONTENT="faderskap"/><SP WIDTH="16" VPOS="772" HPOS="322"/>
							<String ID="string_142" HPOS="338" VPOS="772" WIDTH="96" HEIGHT="22" WC="0.96" CONTENT="medföra"/><SP WIDTH="16" VPOS="772" HPOS="434"/>
							<String ID="string_143" HPOS="450" VPOS="772" WIDTH="24" HEIGHT="21" WC="0.96" CONTENT="så"/><SP WIDTH="15" VPOS="772" HPOS="474"/>
							<String ID="string_144" HPOS="489" VPOS="772" WIDTH="63" HEIGHT="22" WC="0.93" CONTENT="svåra"/><SP WIDTH="15" VPOS="772" HPOS="552"/>
							<String ID="string_145" HPOS="567" VPOS="772" WIDTH="108" HEIGHT="26" WC="0.91" CONTENT="störingar"/><SP WIDTH="13" VPOS="772" HPOS="675"/>
							<String ID="string_146" HPOS="688" VPOS="772" WIDTH="7" HEIGHT="21" WC="0.93" CONTENT="i"/><SP WIDTH="10" VPOS="772" HPOS="695"/>
							<String ID="string_147" HPOS="705" VPOS="772" WIDTH="249" HEIGHT="28" WC="0.91" CONTENT="familjeförhållandena,"/>
						</TextLine>
						<TextLine ID="line_18" HPOS="207" VPOS="807" WIDTH="748" HEIGHT="27">
							<String ID="string_148" HPOS="207" VPOS="808" WIDTH="32" HEIGHT="20" WC="0.96" CONTENT="att"/><SP WIDTH="14" VPOS="808" HPOS="239"/>
							<String ID="string_149" HPOS="253" VPOS="807" WIDTH="142" HEIGHT="27" WC="0.96" CONTENT="lagstiftaren,"/><SP WIDTH="16" VPOS="807" HPOS="395"/>
							<String ID="string_150" HPOS="411" VPOS="807" WIDTH="67" HEIGHT="21" WC="0.96" CONTENT="hellre"/><SP WIDTH="16" VPOS="807" HPOS="478"/>
							<String ID="string_151" HPOS="494" VPOS="809" WIDTH="26" HEIGHT="19" WC="0.96" CONTENT="än"/><SP WIDTH="16" VPOS="809" HPOS="520"/>
							<String ID="string_152" HPOS="536" VPOS="809" WIDTH="32" HEIGHT="19" WC="0.96" CONTENT="att"/><SP WIDTH="15" VPOS="809" HPOS="568"/>
							<String ID="string_153" HPOS="583" VPOS="807" WIDTH="33" HEIGHT="21" WC="0.96" CONTENT="till"/><SP WIDTH="16" VPOS="807" HPOS="616"/>
							<String ID="string_154" HPOS="632" VPOS="807" WIDTH="80" HEIGHT="21" WC="0.96" CONTENT="sådana"/><SP WIDTH="10" VPOS="807" HPOS="712"/>
							<String ID="string_155" HPOS="722" VPOS="807" WIDTH="58" HEIGHT="27" WC="0.96" CONTENT="gifva"/><SP WIDTH="10" VPOS="807" HPOS="780"/>
							<String ID="string_156" HPOS="790" VPOS="808" WIDTH="120" HEIGHT="26" WC="0.93" CONTENT="anledning,"/><SP WIDTH="12" VPOS="808" HPOS="910"/>
							<String ID="string_157" HPOS="922" VPOS="814" WIDTH="33" HEIGHT="20" WC="0.91" CONTENT="sy-"/>
						</TextLine>
						<TextLine ID="line_19" HPOS="207" VPOS="841" WIDTH="747" HEIGHT="26">
							<String ID="string_158" HPOS="207" VPOS="848" WIDTH="37" HEIGHT="14" WC="0.96" CONTENT="nes"/><SP WIDTH="15" VPOS="848" HPOS="244"/>
							<String ID="string_159" HPOS="259" VPOS="842" WIDTH="54" HEIGHT="20" WC="0.96" CONTENT="böra"/><SP WIDTH="14" VPOS="842" HPOS="313"/>
							<String ID="string_160" HPOS="327" VPOS="841" WIDTH="40" HEIGHT="20" WC="0.96" CONTENT="lita"/><SP WIDTH="13" VPOS="841" HPOS="367"/>
							<String ID="string_161" HPOS="380" VPOS="841" WIDTH="58" HEIGHT="26" WC="0.96" CONTENT="uppå"/><SP WIDTH="15" VPOS="841" HPOS="438"/>
							<String ID="string_162" HPOS="453" VPOS="841" WIDTH="85" HEIGHT="21" WC="0.96" CONTENT="faderns"/><SP WIDTH="16" VPOS="841" HPOS="538"/>
							<String ID="string_163" HPOS="554" VPOS="841" WIDTH="56" HEIGHT="26" WC="0.96" CONTENT="goda"/><SP WIDTH="14" VPOS="841" HPOS="610"/>
							<String ID="string_164" HPOS="624" VPOS="841" WIDTH="51" HEIGHT="26" WC="0.95" CONTENT="vilja"/><SP WIDTH="15" VPOS="841" HPOS="675"/>
							<String ID="string_165" HPOS="690" VPOS="843" WIDTH="38" HEIGHT="24" WC="0.93" CONTENT="att,"/><SP WIDTH="16" VPOS="843" HPOS="728"/>
							<String ID="string_166" HPOS="744" VPOS="842" WIDTH="72" HEIGHT="21" WC="0.91" CONTENT="derest"/><SP WIDTH="14" VPOS="842" HPOS="816"/>
							<String ID="string_167" HPOS="830" VPOS="842" WIDTH="43" HEIGHT="21" WC="0.96" CONTENT="han"/><SP WIDTH="13" VPOS="842" HPOS="873"/>
							<String ID="string_168" HPOS="886" VPOS="844" WIDTH="24" HEIGHT="18" WC="0.96" CONTENT="är"/><SP WIDTH="10" VPOS="844" HPOS="910"/>
							<String ID="string_169" HPOS="920" VPOS="848" WIDTH="34" HEIGHT="15" WC="0.96" CONTENT="om"/>
						</TextLine>
						<TextLine ID="line_20" HPOS="207" VPOS="875" WIDTH="749" HEIGHT="28">
							<String ID="string_170" HPOS="207" VPOS="875" WIDTH="39" HEIGHT="21" WC="0.95" CONTENT="sitt"/><SP WIDTH="21" VPOS="875" HPOS="246"/>
							<String ID="string_171" HPOS="267" VPOS="875" WIDTH="114" HEIGHT="26" WC="0.93" CONTENT="faderskap"/><SP WIDTH="24" VPOS="875" HPOS="381"/>
							<String ID="string_172" HPOS="405" VPOS="875" WIDTH="113" HEIGHT="26" WC="0.92" CONTENT="förvissad,"/><SP WIDTH="23" VPOS="875" HPOS="518"/>
							<String ID="string_173" HPOS="541" VPOS="881" WIDTH="76" HEIGHT="21" WC="0.96" CONTENT="genom"/><SP WIDTH="22" VPOS="881" HPOS="617"/>
							<String ID="string_174" HPOS="639" VPOS="877" WIDTH="128" HEIGHT="20" WC="0.96" CONTENT="testamente"/><SP WIDTH="24" VPOS="877" HPOS="767"/>
							<String ID="string_175" HPOS="791" VPOS="876" WIDTH="58" HEIGHT="27" WC="0.96" CONTENT="sörja"/><SP WIDTH="18" VPOS="876" HPOS="849"/>
							<String ID="string_176" HPOS="867" VPOS="876" WIDTH="34" HEIGHT="21" WC="0.96" CONTENT="för"/><SP WIDTH="15" VPOS="876" HPOS="901"/>
							<String ID="string_177" HPOS="916" VPOS="877" WIDTH="40" HEIGHT="20" WC="0.96" CONTENT="sitt"/>
						</TextLine>
						<TextLine ID="line_21" HPOS="207" VPOS="909" WIDTH="747" HEIGHT="29">
							<String ID="string_178" HPOS="207" VPOS="910" WIDTH="64" HEIGHT="21" WC="0.96" CONTENT="oäkta"/><SP WIDTH="22" VPOS="910" HPOS="271"/>
							<String ID="string_179" HPOS="293" VPOS="909" WIDTH="60" HEIGHT="21" WC="0.94" CONTENT="barn."/><SP WIDTH="29" VPOS="909" HPOS="353"/>
							<String ID="string_180" HPOS="382" VPOS="909" WIDTH="33" HEIGHT="21" WC="0.96" CONTENT="En"/><SP WIDTH="23" VPOS="909" HPOS="415"/>
							<String ID="string_181" HPOS="438" VPOS="916" WIDTH="69" HEIGHT="15" WC="0.96" CONTENT="annan"/><SP WIDTH="18" VPOS="916" HPOS="507"/>
							<String ID="string_182" HPOS="525" VPOS="910" WIDTH="75" HEIGHT="21" WC="0.96" CONTENT="härvid"/><SP WIDTH="18" VPOS="910" HPOS="600"/>
							<String ID="string_183" HPOS="618" VPOS="910" WIDTH="180" HEIGHT="27" WC="0.95" CONTENT="förekommande,"/><SP WIDTH="20" VPOS="910" HPOS="798"/>
							<String ID="string_184" HPOS="818" VPOS="913" WIDTH="57" HEIGHT="19" WC="0.93" CONTENT="ännu"/><SP WIDTH="17" VPOS="913" HPOS="875"/>
							<String ID="string_185" HPOS="892" VPOS="911" WIDTH="62" HEIGHT="27" WC="0.92" CONTENT="vigti-"/>
						</TextLine>
						<TextLine ID="line_22" HPOS="206" VPOS="944" WIDTH="748" HEIGHT="29">
							<String ID="string_186" HPOS="206" VPOS="950" WIDTH="51" HEIGHT="21" WC="0.95" CONTENT="gare"/><SP WIDTH="16" VPOS="950" HPOS="257"/>
							<String ID="string_187" HPOS="273" VPOS="944" WIDTH="158" HEIGHT="26" WC="0.96" CONTENT="omständighet"/><SP WIDTH="15" VPOS="944" HPOS="431"/>
							<String ID="string_188" HPOS="446" VPOS="946" WIDTH="24" HEIGHT="19" WC="0.96" CONTENT="är"/><SP WIDTH="16" VPOS="946" HPOS="470"/>
							<String ID="string_189" HPOS="486" VPOS="944" WIDTH="40" HEIGHT="21" WC="0.96" CONTENT="den"/><SP WIDTH="16" VPOS="944" HPOS="526"/>
							<String ID="string_190" HPOS="542" VPOS="946" WIDTH="32" HEIGHT="19" WC="0.96" CONTENT="att"/><SP WIDTH="13" VPOS="946" HPOS="574"/>
							<String ID="string_191" HPOS="587" VPOS="944" WIDTH="141" HEIGHT="27" WC="0.96" CONTENT="utredningen"/><SP WIDTH="11" VPOS="944" HPOS="728"/>
							<String ID="string_192" HPOS="739" VPOS="951" WIDTH="34" HEIGHT="15" WC="0.96" CONTENT="om"/><SP WIDTH="10" VPOS="951" HPOS="773"/>
							<String ID="string_193" HPOS="783" VPOS="945" WIDTH="121" HEIGHT="28" WC="0.96" CONTENT="faderskap,"/><SP WIDTH="12" VPOS="945" HPOS="904"/>
							<String ID="string_194" HPOS="916" VPOS="946" WIDTH="38" HEIGHT="21" WC="0.96" CONTENT="der"/>
						</TextLine>
						<TextLine ID="line_23" HPOS="207" VPOS="979" WIDTH="747" HEIGHT="27">
							<String ID="string_195" HPOS="207" VPOS="979" WIDTH="150" HEIGHT="26" WC="0.91" CONTENT="äktenskaplig"/><SP WIDTH="22" VPOS="979" HPOS="357"/>
							<String ID="string_196" HPOS="379" VPOS="979" WIDTH="168" HEIGHT="21" WC="0.90" CONTENT="sammanlefnad"/><SP WIDTH="23" VPOS="979" HPOS="547"/>
							<String ID="string_197" HPOS="570" VPOS="979" WIDTH="18" HEIGHT="27" WC="0.93" CONTENT="ej"/><SP WIDTH="20" VPOS="979" HPOS="588"/>
							<String ID="string_198" HPOS="608" VPOS="981" WIDTH="37" HEIGHT="25" WC="0.96" CONTENT="ägt"/><SP WIDTH="14" VPOS="981" HPOS="645"/>
							<String ID="string_199" HPOS="659" VPOS="985" WIDTH="53" HEIGHT="20" WC="0.96" CONTENT="rum,"/><SP WIDTH="17" VPOS="985" HPOS="712"/>
							<String ID="string_200" HPOS="729" VPOS="982" WIDTH="24" HEIGHT="19" WC="0.97" CONTENT="är"/><SP WIDTH="15" VPOS="982" HPOS="753"/>
							<String ID="string_201" HPOS="768" VPOS="980" WIDTH="146" HEIGHT="21" WC="0.96" CONTENT="underkastad"/><SP WIDTH="16" VPOS="980" HPOS="914"/>
							<String ID="string_202" HPOS="930" VPOS="980" WIDTH="24" HEIGHT="21" WC="0.96" CONTENT="så"/>
						</TextLine>
						<TextLine ID="line_24" HPOS="207" VPOS="1013" WIDTH="747" HEIGHT="29">
							<String ID="string_203" HPOS="207" VPOS="1015" WIDTH="46" HEIGHT="19" WC="0.96" CONTENT="stor"/><SP WIDTH="22" VPOS="1015" HPOS="253"/>
							<String ID="string_204" HPOS="275" VPOS="1013" WIDTH="114" HEIGHT="21" WC="0.96" CONTENT="osäkerhet"/><SP WIDTH="22" VPOS="1013" HPOS="389"/>
							<String ID="string_205" HPOS="411" VPOS="1015" WIDTH="32" HEIGHT="19" WC="0.96" CONTENT="att"/><SP WIDTH="23" VPOS="1015" HPOS="443"/>
							<String ID="string_206" HPOS="466" VPOS="1013" WIDTH="35" HEIGHT="22" WC="0.96" CONTENT="det"/><SP WIDTH="19" VPOS="1013" HPOS="501"/>
							<String ID="string_207" HPOS="520" VPOS="1014" WIDTH="69" HEIGHT="21" WC="0.96" CONTENT="måste"/><SP WIDTH="16" VPOS="1014" HPOS="589"/>
							<String ID="string_208" HPOS="605" VPOS="1013" WIDTH="65" HEIGHT="22" WC="0.96" CONTENT="blifva"/><SP WIDTH="15" VPOS="1013" HPOS="670"/>
							<String ID="string_209" HPOS="685" VPOS="1014" WIDTH="7" HEIGHT="21" WC="0.96" CONTENT="i"/><SP WIDTH="15" VPOS="1014" HPOS="692"/>
							<String ID="string_210" HPOS="707" VPOS="1014" WIDTH="43" HEIGHT="27" WC="0.96" CONTENT="hög"/><SP WIDTH="15" VPOS="1014" HPOS="750"/>
							<String ID="string_211" HPOS="765" VPOS="1015" WIDTH="53" HEIGHT="26" WC="0.96" CONTENT="grad"/><SP WIDTH="15" VPOS="1015" HPOS="818"/>
							<String ID="string_212" HPOS="833" VPOS="1015" WIDTH="121" HEIGHT="27" WC="0.95" CONTENT="betänkligt"/>
						</TextLine>
						<TextLine ID="line_25" HPOS="207" VPOS="1047" WIDTH="747" HEIGHT="30">
							<String ID="string_213" HPOS="207" VPOS="1049" WIDTH="32" HEIGHT="20" WC="0.96" CONTENT="att"/><SP WIDTH="18" VPOS="1049" HPOS="239"/>
							<String ID="string_214" HPOS="257" VPOS="1048" WIDTH="27" HEIGHT="27" WC="0.96" CONTENT="på"/><SP WIDTH="19" VPOS="1048" HPOS="284"/>
							<String ID="string_215" HPOS="303" VPOS="1047" WIDTH="58" HEIGHT="27" WC="0.96" CONTENT="dylik"/><SP WIDTH="15" VPOS="1047" HPOS="361"/>
							<String ID="string_216" HPOS="376" VPOS="1048" WIDTH="116" HEIGHT="27" WC="0.96" CONTENT="utredning"/><SP WIDTH="15" VPOS="1048" HPOS="492"/>
							<String ID="string_217" HPOS="507" VPOS="1049" WIDTH="83" HEIGHT="26" WC="0.96" CONTENT="grunda"/><SP WIDTH="15" VPOS="1049" HPOS="590"/>
							<String ID="string_218" HPOS="605" VPOS="1055" WIDTH="26" HEIGHT="14" WC="0.96" CONTENT="en"/><SP WIDTH="16" VPOS="1055" HPOS="631"/>
							<String ID="string_219" HPOS="647" VPOS="1048" WIDTH="23" HEIGHT="21" WC="0.96" CONTENT="så"/><SP WIDTH="16" VPOS="1048" HPOS="670"/>
							<String ID="string_220" HPOS="686" VPOS="1049" WIDTH="131" HEIGHT="22" WC="0.96" CONTENT="omfattande"/><SP WIDTH="16" VPOS="1049" HPOS="817"/>
							<String ID="string_221" HPOS="833" VPOS="1049" WIDTH="38" HEIGHT="22" WC="0.93" CONTENT="och"/><SP WIDTH="16" VPOS="1049" HPOS="871"/>
							<String ID="string_222" HPOS="887" VPOS="1050" WIDTH="67" HEIGHT="27" WC="0.93" CONTENT="vigtig"/>
						</TextLine>
						<TextLine ID="line_26" HPOS="206" VPOS="1082" WIDTH="749" HEIGHT="29">
							<String ID="string_223" HPOS="206" VPOS="1082" WIDTH="183" HEIGHT="26" WC="0.92" CONTENT="familjerättighet"/><SP WIDTH="17" VPOS="1082" HPOS="389"/>
							<String ID="string_224" HPOS="406" VPOS="1089" WIDTH="46" HEIGHT="14" WC="0.96" CONTENT="som"/><SP WIDTH="15" VPOS="1089" HPOS="452"/>
							<String ID="string_225" HPOS="467" VPOS="1083" WIDTH="41" HEIGHT="20" WC="0.96" CONTENT="den"/><SP WIDTH="14" VPOS="1083" HPOS="508"/>
							<String ID="string_226" HPOS="522" VPOS="1083" WIDTH="34" HEIGHT="21" WC="0.93" CONTENT="till"/><SP WIDTH="15" VPOS="1083" HPOS="556"/>
							<String ID="string_227" HPOS="571" VPOS="1083" WIDTH="39" HEIGHT="21" WC="0.92" CONTENT="arf."/><SP WIDTH="23" VPOS="1083" HPOS="610"/>
							<String ID="string_228" HPOS="633" VPOS="1083" WIDTH="102" HEIGHT="21" WC="0.92" CONTENT="Deremot"/><SP WIDTH="14" VPOS="1083" HPOS="735"/>
							<String ID="string_229" HPOS="749" VPOS="1084" WIDTH="40" HEIGHT="20" WC="0.96" CONTENT="har"/><SP WIDTH="14" VPOS="1084" HPOS="789"/>
							<String ID="string_230" HPOS="803" VPOS="1086" WIDTH="91" HEIGHT="19" WC="0.96" CONTENT="naturen"/><SP WIDTH="11" VPOS="1086" HPOS="894"/>
							<String ID="string_231" HPOS="905" VPOS="1084" WIDTH="50" HEIGHT="27" WC="0.96" CONTENT="sjelf"/>
						</TextLine>
						<TextLine ID="line_27" HPOS="207" VPOS="1115" WIDTH="746" HEIGHT="30">
							<String ID="string_232" HPOS="207" VPOS="1116" WIDTH="54" HEIGHT="26" WC="0.91" CONTENT="sörjt"/><SP WIDTH="17" VPOS="1116" HPOS="261"/>
							<String ID="string_233" HPOS="278" VPOS="1115" WIDTH="34" HEIGHT="21" WC="0.96" CONTENT="för"/><SP WIDTH="18" VPOS="1115" HPOS="312"/>
							<String ID="string_234" HPOS="330" VPOS="1118" WIDTH="38" HEIGHT="24" WC="0.93" CONTENT="att,"/><SP WIDTH="18" VPOS="1118" HPOS="368"/>
							<String ID="string_235" HPOS="386" VPOS="1118" WIDTH="59" HEIGHT="19" WC="0.91" CONTENT="utom"/><SP WIDTH="15" VPOS="1118" HPOS="445"/>
							<String ID="string_236" HPOS="460" VPOS="1117" WIDTH="7" HEIGHT="19" WC="0.96" CONTENT="i"/><SP WIDTH="17" VPOS="1117" HPOS="467"/>
							<String ID="string_237" HPOS="484" VPOS="1117" WIDTH="102" HEIGHT="26" WC="0.80" CONTENT="sällsynta"/><SP WIDTH="19" VPOS="1117" HPOS="586"/>
							<String ID="string_238" HPOS="605" VPOS="1117" WIDTH="165" HEIGHT="26" WC="0.92" CONTENT="undantagsfall,"/><SP WIDTH="19" VPOS="1117" HPOS="770"/>
							<String ID="string_239" HPOS="789" VPOS="1119" WIDTH="114" HEIGHT="26" WC="0.96" CONTENT="utredning"/><SP WIDTH="16" VPOS="1119" HPOS="903"/>
							<String ID="string_240" HPOS="919" VPOS="1125" WIDTH="34" HEIGHT="14" WC="0.96" CONTENT="om"/>
						</TextLine>
						<TextLine ID="line_28" HPOS="206" VPOS="1149" WIDTH="748" HEIGHT="24">
							<String ID="string_241" HPOS="206" VPOS="1149" WIDTH="151" HEIGHT="21" WC="0.93" CONTENT="materniteten"/><SP WIDTH="18" VPOS="1149" HPOS="357"/>
							<String ID="string_242" HPOS="375" VPOS="1151" WIDTH="24" HEIGHT="20" WC="0.96" CONTENT="är"/><SP WIDTH="15" VPOS="1151" HPOS="399"/>
							<String ID="string_243" HPOS="414" VPOS="1150" WIDTH="41" HEIGHT="20" WC="0.96" CONTENT="lätt"/><SP WIDTH="15" VPOS="1150" HPOS="455"/>
							<String ID="string_244" HPOS="470" VPOS="1152" WIDTH="32" HEIGHT="19" WC="0.93" CONTENT="att"/><SP WIDTH="15" VPOS="1152" HPOS="502"/>
							<String ID="string_245" HPOS="517" VPOS="1151" WIDTH="147" HEIGHT="20" WC="0.96" CONTENT="åstadkomma"/><SP WIDTH="16" VPOS="1151" HPOS="664"/>
							<String ID="string_246" HPOS="680" VPOS="1151" WIDTH="38" HEIGHT="21" WC="0.93" CONTENT="och"/><SP WIDTH="16" VPOS="1151" HPOS="718"/>
							<String ID="string_247" HPOS="734" VPOS="1152" WIDTH="82" HEIGHT="21" WC="0.92" CONTENT="lemnar"/><SP WIDTH="15" VPOS="1152" HPOS="816"/>
							<String ID="string_248" HPOS="831" VPOS="1158" WIDTH="25" HEIGHT="15" WC="0.93" CONTENT="en"/><SP WIDTH="16" VPOS="1158" HPOS="856"/>
							<String ID="string_249" HPOS="872" VPOS="1153" WIDTH="82" HEIGHT="20" WC="0.96" CONTENT="visshet"/>
						</TextLine>
						<TextLine ID="line_29" HPOS="207" VPOS="1183" WIDTH="747" HEIGHT="30">
							<String ID="string_250" HPOS="207" VPOS="1183" WIDTH="24" HEIGHT="21" WC="0.96" CONTENT="sä"/><SP WIDTH="18" VPOS="1183" HPOS="231"/>
							<String ID="string_251" HPOS="249" VPOS="1183" WIDTH="126" HEIGHT="27" WC="0.96" CONTENT="fullständig"/><SP WIDTH="19" VPOS="1183" HPOS="375"/>
							<String ID="string_252" HPOS="394" VPOS="1185" WIDTH="32" HEIGHT="19" WC="0.96" CONTENT="att"/><SP WIDTH="18" VPOS="1185" HPOS="426"/>
							<String ID="string_253" HPOS="444" VPOS="1184" WIDTH="26" HEIGHT="21" WC="0.93" CONTENT="de"/><SP WIDTH="18" VPOS="1184" HPOS="470"/>
							<String ID="string_254" HPOS="488" VPOS="1185" WIDTH="156" HEIGHT="26" WC="0.93" CONTENT="rättsanspräk,"/><SP WIDTH="21" VPOS="1185" HPOS="644"/>
							<String ID="string_255" HPOS="665" VPOS="1191" WIDTH="45" HEIGHT="15" WC="0.93" CONTENT="som"/><SP WIDTH="19" VPOS="1191" HPOS="710"/>
							<String ID="string_256" HPOS="729" VPOS="1185" WIDTH="66" HEIGHT="27" WC="0.92" CONTENT="derpä"/><SP WIDTH="15" VPOS="1185" HPOS="795"/>
							<String ID="string_257" HPOS="810" VPOS="1186" WIDTH="87" HEIGHT="27" WC="0.96" CONTENT="byggas,"/><SP WIDTH="17" VPOS="1186" HPOS="897"/>
							<String ID="string_258" HPOS="914" VPOS="1188" WIDTH="40" HEIGHT="25" WC="0.95" CONTENT="äga"/>
						</TextLine>
						<TextLine ID="line_30" HPOS="207" VPOS="1217" WIDTH="746" HEIGHT="28">
							<String ID="string_259" HPOS="207" VPOS="1217" WIDTH="40" HEIGHT="20" WC="0.95" CONTENT="den"/><SP WIDTH="16" VPOS="1217" HPOS="247"/>
							<String ID="string_260" HPOS="263" VPOS="1217" WIDTH="64" HEIGHT="20" WC="0.93" CONTENT="säkra"/><SP WIDTH="14" VPOS="1217" HPOS="327"/>
							<String ID="string_261" HPOS="341" VPOS="1217" WIDTH="94" HEIGHT="21" WC="0.92" CONTENT="faktiska"/><SP WIDTH="15" VPOS="1217" HPOS="435"/>
							<String ID="string_262" HPOS="450" VPOS="1219" WIDTH="110" HEIGHT="26" WC="0.96" CONTENT="grundval,"/><SP WIDTH="17" VPOS="1219" HPOS="560"/>
							<String ID="string_263" HPOS="577" VPOS="1225" WIDTH="45" HEIGHT="14" WC="0.96" CONTENT="som"/><SP WIDTH="15" VPOS="1225" HPOS="622"/>
							<String ID="string_264" HPOS="637" VPOS="1219" WIDTH="7" HEIGHT="20" WC="0.96" CONTENT="i"/><SP WIDTH="16" VPOS="1219" HPOS="644"/>
							<String ID="string_265" HPOS="660" VPOS="1220" WIDTH="42" HEIGHT="20" WC="0.93" CONTENT="alla"/><SP WIDTH="12" VPOS="1220" HPOS="702"/>
							<String ID="string_266" HPOS="714" VPOS="1220" WIDTH="204" HEIGHT="21" WC="0.92" CONTENT="rättsförhällanden"/><SP WIDTH="10" VPOS="1220" HPOS="918"/>
							<String ID="string_267" HPOS="928" VPOS="1223" WIDTH="25" HEIGHT="18" WC="0.96" CONTENT="är"/>
						</TextLine>
						<TextLine ID="line_31" HPOS="206" VPOS="1250" WIDTH="183" HEIGHT="26">
							<String ID="string_268" HPOS="206" VPOS="1250" WIDTH="23" HEIGHT="21" WC="0.96" CONTENT="af"/><SP WIDTH="14" VPOS="1250" HPOS="229"/>
							<String ID="string_269" HPOS="243" VPOS="1252" WIDTH="80" HEIGHT="19" WC="0.93" CONTENT="största"/><SP WIDTH="14" VPOS="1252" HPOS="323"/>
							<String ID="string_270" HPOS="337" VPOS="1251" WIDTH="52" HEIGHT="25" WC="0.93" CONTENT="vigt."/>
						</TextLine>
					</TextBlock>
					<TextBlock ID="block_2" HPOS="206" VPOS="1283" WIDTH="747" HEIGHT="232">
						<TextLine ID="line_32" HPOS="277" VPOS="1283" WIDTH="676" HEIGHT="27">
							<String ID="string_271" HPOS="277" VPOS="1283" WIDTH="50" HEIGHT="20" WC="0.92" CONTENT="Men"/><SP WIDTH="22" VPOS="1283" HPOS="327"/>
							<String ID="string_272" HPOS="349" VPOS="1283" WIDTH="61" HEIGHT="21" WC="0.92" CONTENT="äfven"/><SP WIDTH="23" VPOS="1283" HPOS="410"/>
							<String ID="string_273" HPOS="433" VPOS="1284" WIDTH="48" HEIGHT="20" WC="0.95" CONTENT="med"/><SP WIDTH="15" VPOS="1284" HPOS="481"/>
							<String ID="string_274" HPOS="496" VPOS="1284" WIDTH="81" HEIGHT="26" WC="0.96" CONTENT="hänsyn"/><SP WIDTH="15" VPOS="1284" HPOS="577"/>
							<String ID="string_275" HPOS="592" VPOS="1285" WIDTH="33" HEIGHT="20" WC="0.93" CONTENT="till"/><SP WIDTH="15" VPOS="1285" HPOS="625"/>
							<String ID="string_276" HPOS="640" VPOS="1285" WIDTH="137" HEIGHT="21" WC="0.91" CONTENT="mödernearf"/><SP WIDTH="14" VPOS="1285" HPOS="777"/>
							<String ID="string_277" HPOS="791" VPOS="1287" WIDTH="39" HEIGHT="20" WC="0.93" CONTENT="bör"/><SP WIDTH="15" VPOS="1287" HPOS="830"/>
							<String ID="string_278" HPOS="845" VPOS="1287" WIDTH="108" HEIGHT="21" WC="0.92" CONTENT="ätskilnad"/>
						</TextLine>
						<TextLine ID="line_33" HPOS="206" VPOS="1316" WIDTH="746" HEIGHT="30">
							<String ID="string_279" HPOS="206" VPOS="1317" WIDTH="63" HEIGHT="25" WC="0.92" CONTENT="göras"/><SP WIDTH="16" VPOS="1317" HPOS="269"/>
							<String ID="string_280" HPOS="285" VPOS="1316" WIDTH="90" HEIGHT="21" WC="0.92" CONTENT="emellan"/><SP WIDTH="15" VPOS="1316" HPOS="375"/>
							<String ID="string_281" HPOS="390" VPOS="1317" WIDTH="50" HEIGHT="21" WC="0.93" CONTENT="äkta"/><SP WIDTH="16" VPOS="1317" HPOS="440"/>
							<String ID="string_282" HPOS="456" VPOS="1318" WIDTH="38" HEIGHT="20" WC="0.93" CONTENT="och"/><SP WIDTH="16" VPOS="1318" HPOS="494"/>
							<String ID="string_283" HPOS="510" VPOS="1318" WIDTH="64" HEIGHT="21" WC="0.92" CONTENT="oäkta"/><SP WIDTH="15" VPOS="1318" HPOS="574"/>
							<String ID="string_284" HPOS="589" VPOS="1319" WIDTH="60" HEIGHT="25" WC="0.92" CONTENT="börd,"/><SP WIDTH="16" VPOS="1319" HPOS="649"/>
							<String ID="string_285" HPOS="665" VPOS="1319" WIDTH="7" HEIGHT="20" WC="0.96" CONTENT="i"/><SP WIDTH="16" VPOS="1319" HPOS="672"/>
							<String ID="string_286" HPOS="688" VPOS="1319" WIDTH="55" HEIGHT="27" WC="0.96" CONTENT="syfte"/><SP WIDTH="16" VPOS="1319" HPOS="743"/>
							<String ID="string_287" HPOS="759" VPOS="1321" WIDTH="32" HEIGHT="20" WC="0.96" CONTENT="att"/><SP WIDTH="14" VPOS="1321" HPOS="791"/>
							<String ID="string_288" HPOS="805" VPOS="1320" WIDTH="23" HEIGHT="21" WC="0.95" CONTENT="ät"/><SP WIDTH="15" VPOS="1320" HPOS="828"/>
							<String ID="string_289" HPOS="843" VPOS="1321" WIDTH="41" HEIGHT="21" WC="0.93" CONTENT="den"/><SP WIDTH="10" VPOS="1321" HPOS="884"/>
							<String ID="string_290" HPOS="894" VPOS="1321" WIDTH="58" HEIGHT="21" WC="0.91" CONTENT="förra"/>
						</TextLine>
						<TextLine ID="line_34" HPOS="206" VPOS="1349" WIDTH="747" HEIGHT="33">
							<String ID="string_291" HPOS="206" VPOS="1349" WIDTH="57" HEIGHT="27" WC="0.89" CONTENT="gifva"/><SP WIDTH="19" VPOS="1349" HPOS="263"/>
							<String ID="string_292" HPOS="282" VPOS="1350" WIDTH="114" HEIGHT="27" WC="0.88" CONTENT="tillbörligt"/><SP WIDTH="17" VPOS="1350" HPOS="396"/>
							<String ID="string_293" HPOS="413" VPOS="1350" WIDTH="115" HEIGHT="23" WC="0.88" CONTENT="företräde."/><SP WIDTH="30" VPOS="1350" HPOS="528"/>
							<String ID="string_294" HPOS="558" VPOS="1352" WIDTH="66" HEIGHT="21" WC="0.93" CONTENT="Detta"/><SP WIDTH="15" VPOS="1352" HPOS="624"/>
							<String ID="string_295" HPOS="639" VPOS="1352" WIDTH="108" HEIGHT="22" WC="0.91" CONTENT="företräde"/><SP WIDTH="20" VPOS="1352" HPOS="747"/>
							<String ID="string_296" HPOS="767" VPOS="1360" WIDTH="62" HEIGHT="21" WC="0.93" CONTENT="synes"/><SP WIDTH="15" VPOS="1360" HPOS="829"/>
							<String ID="string_297" HPOS="844" VPOS="1355" WIDTH="53" HEIGHT="21" WC="0.92" CONTENT="böra"/><SP WIDTH="15" VPOS="1355" HPOS="897"/>
							<String ID="string_298" HPOS="912" VPOS="1357" WIDTH="41" HEIGHT="25" WC="0.93" CONTENT="äga"/>
						</TextLine>
						<TextLine ID="line_35" HPOS="206" VPOS="1384" WIDTH="746" HEIGHT="32">
							<String ID="string_299" HPOS="206" VPOS="1390" WIDTH="47" HEIGHT="14" WC="0.96" CONTENT="rum"/><SP WIDTH="18" VPOS="1390" HPOS="253"/>
							<String ID="string_300" HPOS="271" VPOS="1384" WIDTH="33" HEIGHT="20" WC="0.93" CONTENT="till"/><SP WIDTH="15" VPOS="1384" HPOS="304"/>
							<String ID="string_301" HPOS="319" VPOS="1384" WIDTH="83" HEIGHT="22" WC="0.92" CONTENT="förmän"/><SP WIDTH="14" VPOS="1384" HPOS="402"/>
							<String ID="string_302" HPOS="416" VPOS="1385" WIDTH="34" HEIGHT="21" WC="0.93" CONTENT="för"/><SP WIDTH="15" VPOS="1385" HPOS="450"/>
							<String ID="string_303" HPOS="465" VPOS="1385" WIDTH="125" HEIGHT="22" WC="0.91" CONTENT="arflätarens"/><SP WIDTH="16" VPOS="1385" HPOS="590"/>
							<String ID="string_304" HPOS="606" VPOS="1386" WIDTH="50" HEIGHT="22" WC="0.93" CONTENT="äkta"/><SP WIDTH="15" VPOS="1386" HPOS="656"/>
							<String ID="string_305" HPOS="671" VPOS="1387" WIDTH="170" HEIGHT="29" WC="0.92" CONTENT="bröstarfvingar"/><SP WIDTH="16" VPOS="1387" HPOS="841"/>
							<String ID="string_306" HPOS="857" VPOS="1390" WIDTH="95" HEIGHT="26" WC="0.93" CONTENT="sälunda,"/>
						</TextLine>
						<TextLine ID="line_36" HPOS="206" VPOS="1418" WIDTH="747" HEIGHT="27">
							<String ID="string_307" HPOS="206" VPOS="1419" WIDTH="32" HEIGHT="19" WC="0.96" CONTENT="att"/><SP WIDTH="15" VPOS="1419" HPOS="238"/>
							<String ID="string_308" HPOS="253" VPOS="1418" WIDTH="22" HEIGHT="20" WC="0.96" CONTENT="ät"/><SP WIDTH="16" VPOS="1418" HPOS="275"/>
							<String ID="string_309" HPOS="291" VPOS="1418" WIDTH="25" HEIGHT="20" WC="0.93" CONTENT="de"/><SP WIDTH="16" VPOS="1418" HPOS="316"/>
							<String ID="string_310" HPOS="332" VPOS="1418" WIDTH="64" HEIGHT="23" WC="0.90" CONTENT="oäkta"/><SP WIDTH="14" VPOS="1418" HPOS="396"/>
							<String ID="string_311" HPOS="410" VPOS="1419" WIDTH="81" HEIGHT="21" WC="0.92" CONTENT="barnen"/><SP WIDTH="15" VPOS="1419" HPOS="491"/>
							<String ID="string_312" HPOS="506" VPOS="1420" WIDTH="138" HEIGHT="21" WC="0.92" CONTENT="tillerkännes"/><SP WIDTH="15" VPOS="1420" HPOS="644"/>
							<String ID="string_313" HPOS="659" VPOS="1421" WIDTH="46" HEIGHT="21" WC="0.93" CONTENT="half"/><SP WIDTH="14" VPOS="1421" HPOS="705"/>
							<String ID="string_314" HPOS="719" VPOS="1422" WIDTH="40" HEIGHT="21" WC="0.93" CONTENT="lott"/><SP WIDTH="16" VPOS="1422" HPOS="759"/>
							<String ID="string_315" HPOS="775" VPOS="1425" WIDTH="56" HEIGHT="19" WC="0.93" CONTENT="emot"/><SP WIDTH="16" VPOS="1425" HPOS="831"/>
							<String ID="string_316" HPOS="847" VPOS="1424" WIDTH="106" HEIGHT="21" WC="0.92" CONTENT="samarfva"/>
						</TextLine>
						<TextLine ID="line_37" HPOS="206" VPOS="1451" WIDTH="746" HEIGHT="33">
							<String ID="string_317" HPOS="206" VPOS="1451" WIDTH="51" HEIGHT="21" WC="0.88" CONTENT="äkta"/><SP WIDTH="18" VPOS="1451" HPOS="257"/>
							<String ID="string_318" HPOS="275" VPOS="1452" WIDTH="176" HEIGHT="28" WC="0.92" CONTENT="bröstarfvingar,"/><SP WIDTH="19" VPOS="1452" HPOS="451"/>
							<String ID="string_319" HPOS="470" VPOS="1454" WIDTH="40" HEIGHT="20" WC="0.96" CONTENT="och"/><SP WIDTH="18" VPOS="1454" HPOS="510"/>
							<String ID="string_320" HPOS="528" VPOS="1455" WIDTH="75" HEIGHT="20" WC="0.96" CONTENT="endast"/><SP WIDTH="15" VPOS="1455" HPOS="603"/>
							<String ID="string_321" HPOS="618" VPOS="1455" WIDTH="7" HEIGHT="20" WC="0.96" CONTENT="i"/><SP WIDTH="16" VPOS="1455" HPOS="625"/>
							<String ID="string_322" HPOS="641" VPOS="1455" WIDTH="36" HEIGHT="21" WC="0.96" CONTENT="det"/><SP WIDTH="19" VPOS="1455" HPOS="677"/>
							<String ID="string_323" HPOS="696" VPOS="1456" WIDTH="37" HEIGHT="21" WC="0.95" CONTENT="fall"/><SP WIDTH="20" VPOS="1456" HPOS="733"/>
							<String ID="string_324" HPOS="753" VPOS="1456" WIDTH="39" HEIGHT="22" WC="0.95" CONTENT="full"/><SP WIDTH="15" VPOS="1456" HPOS="792"/>
							<String ID="string_325" HPOS="807" VPOS="1457" WIDTH="95" HEIGHT="27" WC="0.92" CONTENT="arfsrätt,"/><SP WIDTH="17" VPOS="1457" HPOS="902"/>
							<String ID="string_326" HPOS="919" VPOS="1461" WIDTH="33" HEIGHT="19" WC="0.96" CONTENT="att"/>
						</TextLine>
						<TextLine ID="line_38" HPOS="206" VPOS="1484" WIDTH="747" HEIGHT="31">
							<String ID="string_327" HPOS="206" VPOS="1484" WIDTH="50" HEIGHT="21" WC="0.93" CONTENT="äkta"/><SP WIDTH="15" VPOS="1484" HPOS="256"/>
							<String ID="string_328" HPOS="271" VPOS="1485" WIDTH="169" HEIGHT="27" WC="0.92" CONTENT="bröstarfvingar"/><SP WIDTH="12" VPOS="1485" HPOS="440"/>
							<String ID="string_329" HPOS="452" VPOS="1487" WIDTH="46" HEIGHT="21" WC="0.96" CONTENT="icke"/><SP WIDTH="10" VPOS="1487" HPOS="498"/>
							<String ID="string_330" HPOS="508" VPOS="1487" WIDTH="74" HEIGHT="22" WC="0.93" CONTENT="finnas."/><SP WIDTH="24" VPOS="1487" HPOS="582"/>
							<String ID="string_331" HPOS="606" VPOS="1489" WIDTH="130" HEIGHT="26" WC="0.95" CONTENT="Härigenom"/><SP WIDTH="12" VPOS="1489" HPOS="736"/>
							<String ID="string_332" HPOS="748" VPOS="1490" WIDTH="90" HEIGHT="24" WC="0.92" CONTENT="komme,"/><SP WIDTH="13" VPOS="1490" HPOS="838"/>
							<String ID="string_333" HPOS="851" VPOS="1492" WIDTH="102" HEIGHT="21" WC="0.96" CONTENT="särskildt"/>
						</TextLine>
					</TextBlock>
				</ComposedBlock>
			</PrintSpace>
		</Page>
	</Layout>
</alto>
