1048 1700
320 121 28 19 U.
361 121 32 19 B.
406 131 22 3 —
441 122 81 24 Prop.
535 122 47 19 N:o
595 122 25 18 6.
797 124 12 21 9

99 186 54 20 förra
168 186 99 28 rättighet
280 187 77 27 jemväl
372 188 33 21 till
420 188 90 22 mulbete
529 189 56 21 inom
601 188 25 21 de
642 188 108 22 afvittrade
766 189 73 21 krono-

96 220 97 28 jordarna
208 222 104 21 äfvensom
331 224 31 20 att
378 224 104 20 Kuusamo
503 224 122 21 sockneboer
646 224 62 20 skulle
728 224 111 27 berättigas

98 256 47 21 idka
160 256 120 28 svedjebruk
295 258 32 21 till
343 258 34 21 det
393 258 84 28 omfång
493 260 37 20 och
545 259 65 21 under
625 259 38 21 den
678 259 95 25 kontroll,
795 265 44 15 som

98 291 70 21 derom
183 292 66 21 kunde
265 295 94 19 närmare
377 293 138 26 föreskrifvas;
537 294 113 27 hvarjemte
670 294 75 27 nådiga
765 300 73 21 propo-

98 326 86 22 sitionen
199 327 33 21 till
249 328 169 22 kommissionens
438 328 77 28 förslag
535 335 33 15 om
590 329 171 21 socknemännens
781 330 57 26 tryg-

98 362 66 28 gande
180 362 33 22 vid
233 364 135 27 nyttjorätten
386 364 33 22 till
440 364 24 21 de
480 365 56 21 inom
558 364 24 22 de
603 365 101 21 blifvande
720 365 119 21 kronomar-

97 398 62 22 kerna
174 399 124 27 upprödjade
314 402 64 26 ängar
393 400 58 28 fogat
466 400 73 21 sädant
558 400 80 28 tillägg,
660 400 31 22 att
711 400 66 22 denna
797 400 42 22 rätt

97 434 62 21 borde
175 434 82 28 gvarstä
271 435 55 21 intill
342 436 44 21 dess
401 436 78 21 kronan
495 436 47 22 ville
558 436 58 21 dessa
627 438 63 26 ängar
701 436 55 21 emot
771 436 67 28 erläg-

97 470 65 28 gande
179 470 22 22 af
215 470 192 28 odlingskostnaden
422 471 75 26 inlösa;

168 506 24 28 d)
208 506 106 22 afvikande
330 507 45 21 frän
390 507 168 22 kommissionens
573 507 82 28 förslag,
672 508 31 20 att
717 508 72 21 tvister
805 514 33 15 om

96 542 155 28 lägenheternas
267 542 94 29 förmäga
376 543 23 21 af
411 543 134 28 sjelfbeständ
560 543 55 21 samt
630 543 84 21 rörande
725 543 114 28 ersättning

96 578 32 21 för
144 578 90 28 odlings-
251 579 38 21 och
300 579 215 28 byggnadskostnader
526 579 12 21 ä
548 579 124 28 lägenheter,
689 585 44 16 som
749 579 32 21 till
791 579 47 22 kro-

97 620 40 15 nan
158 614 95 27 afträdas,
277 614 62 21 borde
363 615 80 28 afgöras
467 621 74 21 genom
564 615 139 27 kompromiss,
728 615 111 27 tillstyrker

97 650 75 27 nådiga
188 651 156 26 propositionen,
367 651 30 20 att
415 651 52 21 slika
481 651 73 21 tvister
569 650 35 21 mä
624 651 100 28 upptagas
745 651 37 21 och
802 651 36 21 be-

96 685 86 22 handlas
197 686 8 21 i
220 685 38 22 den
275 686 86 28 ordning
376 686 172 28 författningarna
564 686 97 27 pähjuda;

168 722 19 28 e)
204 722 95 27 slutligen
315 722 83 21 föreslås
414 722 7 21 i
436 721 75 28 nådiga
521 722 156 27 propositionen,
695 722 31 21 att
741 722 40 21 alla
792 722 47 21 med

96 757 283 28 kronoöfverloppsjordarnas
397 758 143 27 provisionella
560 757 106 22 afrösande
685 758 56 21 inom
761 757 76 28 ifräga-

97 793 88 21 varande
204 793 31 21 tre
255 793 85 22 socknar
363 793 94 21 förenade
480 793 109 22 kostnader
611 793 62 22 borde
695 793 100 22 bestridas
818 793 23 22 af

97 829 87 25 kronan;
200 829 107 21 hvaremot
321 829 158 21 kommissionen
489 829 105 27 tillstyrkt,
612 829 31 20 att
654 829 89 21 nämnda
753 829 84 21 förrätt-

97 864 50 27 ning
162 864 71 21 endast
248 864 56 21 inom
320 864 105 21 Kuusamo
441 864 37 21 och
489 864 119 27 Kuolajärvi
624 864 84 21 socknar
723 864 64 21 skulle
802 865 35 20 be-

96 900 68 21 kostas
181 900 79 21 ensamt
276 900 23 21 af
311 900 82 26 kronan,
410 906 48 15 men
474 900 31 21 att
520 899 252 28 afvittringskostnaderna
782 900 56 21 inom

97 935 118 22 Kemiträsk
233 935 72 22 socken
325 935 62 22 borde
408 935 85 21 sålunda
515 935 84 26 betalas,
624 936 30 20 att
677 935 162 22 socknemännen

98 971 64 21 skulle
178 971 75 21 ersätta
269 971 16 27 ej
298 970 79 21 mindre
390 970 285 28 förrättningslandtmätaren
686 970 31 21 för
732 977 52 19 rum,
801 970 38 21 ved

98 1007 38 21 och
150 1007 46 26 ljus,
213 1009 25 18 än
253 1006 77 21 kronan
347 1006 30 21 för
393 1006 130 27 dagsverken,
542 1012 44 15 som
597 1006 124 21 erfordrades
737 1006 31 21 för
783 1006 54 21 mät-

97 1042 50 27 ning
163 1042 23 21 af
199 1041 38 22 den
252 1041 164 28 samfälligheten
432 1041 121 22 tillfallande
566 1041 79 28 jorden,
662 1041 37 22 och
709 1041 76 22 kronan
802 1041 36 22 be-

97 1077 59 22 kosta
172 1077 119 27 mätningen
307 1077 23 21 af
342 1077 54 21 hvad
411 1083 44 15 som
471 1077 81 21 komme
568 1077 32 21 att
614 1077 34 20 till
658 1077 44 21 dess
713 1076 124 28 öfverlopps-

96 1113 47 27 jord
158 1113 78 21 räknas.

168 1148 57 21 Efter
241 1148 66 21 denna
323 1148 152 28 framställning
491 1148 22 21 af
532 1148 94 21 ärendets
646 1148 79 28 förlopp
746 1148 93 28 öfvergår

97 1184 107 22 Utskottet
219 1184 32 20 till
267 1184 124 27 granskning
407 1184 23 20 af
443 1183 34 21 det
493 1190 74 20 genom
578 1183 38 21 den
627 1183 74 28 nådiga
716 1184 122 26 propositio-

98 1226 39 15 nen
154 1219 113 22 Ständerna
283 1219 105 28 förelagda
403 1218 236 28 författningsförslaget.

169 1255 32 21 Då
217 1255 110 25 Kuusamo,
345 1254 118 22 Kemiträsk
479 1254 37 21 och
526 1254 120 27 Kuolajärvi
662 1254 127 26 socknemän,
806 1254 33 22 så-

98 1297 44 15 som
158 1290 60 21 ofvan
233 1290 86 21 nämndt
336 1292 27 23 är,
380 1290 124 20 fortfarande
520 1290 72 27 vägrat
608 1290 30 20 att
648 1290 31 20 för
694 1290 31 20 sin
741 1290 33 20 del
784 1296 54 14 sam-

98 1326 60 26 tycka
173 1325 33 21 till
221 1325 67 27 någon
304 1325 86 26 ändring
410 1324 22 21 af
447 1318 128 32 kontrakten,
596 1325 70 19 tillhör
685 1325 33 20 det
733 1325 106 20 Utskottet

98 1360 74 21 främst
188 1360 36 25 att,
241 1359 79 21 oafsedt
335 1359 54 21 hvad
401 1359 69 21 derom
485 1359 63 21 redan
563 1358 34 22 vid
617 1360 55 20 1872
693 1359 32 20 års
740 1359 99 27 landtdag

98 1395 131 25 framhällits,
251 1394 59 22 äfven
326 1400 27 15 nu
369 1394 71 21 beröra
459 1393 73 29 frågan
552 1394 100 21 huruvida
672 1394 72 28 åtgärd
764 1394 7 21 i
791 1394 48 21 slikt

99 1431 52 28 syfte
166 1430 34 22 må
215 1430 68 22 kunna
299 1430 22 21 af
334 1430 103 28 Regering
457 1429 38 22 och
511 1429 87 22 Ständer
616 1430 99 28 vidtagas.
747 1430 44 21 Den
806 1430 33 21 till

99 1467 46 22 stöd
163 1467 31 21 för
213 1466 74 28 nådiga
307 1466 150 28 propositionen
478 1465 112 27 åberopade
612 1466 27 21 18
660 1466 12 27 $
692 1466 8 21 i
715 1466 123 28 Regerings-

164 1514 127 18 Sammansatta
304 1513 46 23 Lag-
363 1514 29 17 och
405 1513 171 18 Ekonomiutskottets
590 1513 104 18 betänkande
707 1513 35 18 N:o
755 1513 18 18 5.
