1023 1711
180 604 5 24 j

180 629 4 19 |

181 649 6 45 |

182 695 5 15 i

182 711 5 27 i

182 737 5 13 i

180 750 6 29 i

177 855 5 27 i

177 883 5 22 i

178 917 6 32 i

179 950 4 24 i

252 166 14 21 2
450 164 24 23 U.
488 164 24 23 B.
526 176 28 4 —
568 164 63 29 Prop.
647 162 37 23 N:o
699 162 31 22 13.

224 229 132 25 verskridits,
375 228 45 21 dels
440 229 48 20 åter
505 228 76 21 endast
597 227 28 27 pä
648 228 31 20 ett
697 225 214 22 otillfredsställande
930 227 46 20 sätt

225 263 156 26 förverkligats.
410 263 43 21 För
467 262 135 27 lagstiftaren
616 261 69 27 gäller
699 260 55 22 dock
768 261 33 20 att
816 260 53 21 söka
878 259 96 22 undvika

226 298 58 21 såväl
299 296 127 28 öfvergrepp
442 296 12 22 &
470 296 40 22 den
525 302 46 20 ena,
587 301 46 16 som
648 294 151 22 efterlätenhet
812 294 28 27 pä
855 295 41 21 den
906 294 70 21 andra

227 332 66 22 sidan.

293 366 33 21 De
341 366 60 20 äldre
418 365 100 27 lagarnes
537 364 132 28 stadganden
687 364 8 21 i
709 364 77 26 frägan
804 363 76 22 stödde
900 363 33 27 sig
947 363 30 27 pä

226 400 154 28 grundtanken,
395 401 32 20 att
442 399 74 27 hvarje
531 399 33 21 till
581 399 40 21 den
636 398 113 22 obesuttna
766 398 153 27 befolkningen
937 398 38 21 hö-

226 436 66 21 rande
305 440 85 22 person,
406 440 46 16 som
466 434 34 21 för
515 434 32 21 sin
562 433 105 27 bergning
681 439 38 15 var
733 432 103 22 hänvisad
852 432 34 22 till
902 432 74 22 arbete

225 470 39 21 hos
279 469 73 27 andre,
368 469 66 21 borde
449 468 114 22 innehafva
577 468 107 27 ärstjenst,
703 467 83 22 hvilket
802 467 9 21 i
825 467 75 27 lagens
920 469 55 25 ögon

226 510 38 16 var
278 510 27 16 en
320 504 128 21 ätminstone
462 504 57 26 yttre
537 503 83 27 garanti
638 502 34 22 för
690 502 114 22 samhället
822 504 44 20 mot
880 502 98 22 vädorna

226 539 23 21 af
262 538 128 22 lösdrifveri.
419 538 66 21 Fröet
499 538 34 20 till
548 538 63 21 dessa
626 537 132 27 stadganden
778 536 115 22 återfinnes
909 537 66 21 redan

225 573 32 21 uti
271 571 205 28 landskapslagarne
490 572 8 21 i
513 571 36 22 det
565 572 26 21 de
610 571 129 27 förpligtade
759 577 26 15 en
800 571 59 26 hvar,
878 570 99 22 hvilkens

226 606 148 27 förmögenhet
388 606 19 27 ej
422 606 92 27 uppgick
528 605 34 22 till
577 605 25 22 sä
617 607 54 20 stort
684 605 85 28 belopp,
785 611 46 16 som
846 605 79 27 ansägs
939 607 39 19 nö-

226 641 46 26 digt
290 640 34 21 för
342 641 32 20 ett
392 640 35 21 ärs
449 640 120 27 underhäll,
591 641 33 20 att
641 641 78 26 antaga
741 639 109 27 ärstjenst,
873 639 103 22 ehuruväl

226 676 70 20 denna
317 674 121 28 skyldighet
459 675 65 21 likväl
546 675 47 21 icke
611 680 39 15 var
668 674 114 27 ovilkorlig
804 676 52 19 utan
877 673 100 22 inträdde

226 709 54 22 först
295 709 28 22 dä
338 708 58 28 dylik
410 709 66 26 tjenst
491 709 92 26 erbjöds.
605 709 87 26 Vägran
707 710 32 20 att
753 710 109 25 emottaga
872 709 104 26 erbjuden

226 743 102 28 rstjenst
341 743 117 26 medförde,
474 743 67 26 enligt
555 750 26 15 en
597 742 23 22 af
633 743 63 21 dessa
714 743 67 27 lagar,
800 743 62 21 böter
881 743 34 22 för
934 743 42 21 den

225 777 115 28 vägrande,
354 777 111 21 hvaremot
483 777 66 27 enligt
568 777 26 22 de
610 776 68 28 öfrige
697 777 76 22 endast
791 777 41 22 den
846 777 83 28 päföljä
944 777 34 21 för

225 811 137 28 tjenstlöshet
376 811 54 27 egde
445 817 53 20 rum,
514 813 32 20 att
560 812 63 26 ingen
638 811 35 21 vid
685 817 78 16 ansvar
777 811 42 22 fick
832 811 54 28 hysa
902 818 26 15 en
944 811 34 22 sä-

227 847 41 21 dan
286 847 33 21 lös
337 852 84 20 person.
457 846 50 21 Men
525 846 50 21 hela
593 846 41 20 den
651 845 95 27 följande
764 845 169 28 lagstiftningen,
948 857 28 4 —

226 887 50 15 vare
291 881 33 26 sig
340 881 32 20 att
386 880 41 21 den
442 880 70 21 såsom
527 875 81 27 Örebro
623 880 117 21 artiklarne
755 880 25 21 af
793 880 41 21 den
849 880 29 22 24
887 880 89 22 Januari

228 915 55 21 1540
298 914 88 27 älägger
399 914 43 21 löst
456 914 46 21 folk
516 914 27 26 pä
557 914 162 27 landsbyggden
733 915 32 21 att
780 916 80 25 antaga
870 915 107 27 ordentlig

228 949 69 27 städja
312 948 64 28 ,eller
390 948 67 28 draga
471 954 42 22 upp
528 949 33 21 till
577 948 107 22 Cronones
698 948 71 27 berg”,
785 946 54 24 ellet
853 950 31 20 uti
900 955 76 16 senare

227 983 150 27 författningar
392 984 92 20 utsätter
497 982 68 27 böter,
580 984 93 25 tvungen
688 982 126 28 krigstjenst
823 983 53 22 eller
888 984 88 20 allmänt

228 1018 74 21 arbete
316 1017 70 21 såsom
401 1016 202 23 försvarslöshetens
621 1016 88 28 påföljd,
724 1028 29 4 —
767 1019 39 25 gör
823 1017 65 27 ingen
902 1018 74 21 ätskil-

214 1052 56 31 nad
284 1052 67 26 derpä
365 1057 34 15 om
414 1050 37 22 det
464 1050 57 22 varit
538 1051 33 21 för
586 1050 141 22 lösdrifvaren
745 1050 84 28 möjligt
847 1054 32 19 att
894 1052 83 22 erhålla

227 1086 66 27 tjenst
307 1086 53 22 eller
376 1085 26 27 ej,
417 1088 51 19 utan
483 1085 110 22 ähvälfver
606 1086 78 21 honom
699 1086 150 29 anskaffandet
862 1087 23 21 af
899 1087 77 21 sädant

228 1121 83 21 försvar
325 1121 71 21 säsom
410 1121 31 20 ett
456 1119 140 27 oeftergifligt
609 1120 76 26 vilkor,
698 1120 67 26 jemte
780 1121 36 21 det
832 1121 143 27 tjenstsökan-

228 1154 36 22 det
278 1154 47 22 icke
344 1154 48 21 dess
411 1154 82 20 mindre
511 1153 23 22 af
551 1160 26 14 en
595 1154 35 21 del
648 1153 152 28 författningar
817 1154 107 21 försväras
940 1161 36 21 ge-

227 1195 50 16 nom
294 1188 157 22 inskränkande
472 1188 159 27 bestämningar
649 1194 34 15 om
701 1188 56 22 huru
774 1188 78 28 mänga
873 1195 105 21 personer

228 1230 26 15 en
268 1223 70 21 bonde
353 1222 53 27 egde
421 1222 96 22 försvara
531 1222 13 22 ä
559 1222 37 22 sitt
609 1222 104 22 hemman.
743 1223 65 27 Dylik
822 1222 154 28 inskränkning

228 1256 114 22 förefinnes
362 1256 35 20 väl
420 1256 19 26 ej
458 1256 7 20 i
483 1256 190 26 legohjonstadgan
695 1256 23 20 af
740 1257 40 20 den
800 1256 26 21 15
845 1257 44 26 Maj
913 1257 61 26 1805,

227 1290 68 26 hvari,
317 1291 59 20 utom
394 1290 70 25 annat,
486 1289 50 27 ingä
557 1290 132 26 stadganden
705 1289 80 27 jemväl
804 1290 111 27 angäende
934 1291 40 21 den

227 1325 47 21 lösa
288 1323 156 27 befolkningen,
460 1329 49 16 men
522 1323 8 21 i
545 1324 65 27 öfrigt
623 1325 26 19 är
663 1324 147 27 grundtanken
823 1324 34 22 för
867 1324 48 22 dem
926 1331 49 15 ena-

226 1358 72 22 handa
312 1364 46 16 som
373 1358 31 21 uti
418 1358 26 21 de
459 1357 177 27 nästföregäende
651 1358 88 27 lagarne
753 1358 8 22 i
776 1360 72 20 ämnet
864 1358 38 22 och
918 1359 58 22 äter-

226 1393 102 27 kommer,
343 1392 105 22 mähända
464 1392 75 22 endast
552 1392 65 28 nägot
632 1394 111 26 strängare
761 1393 132 27 genomförd,
908 1394 7 21 i
930 1394 45 21 för-

228 1427 116 28 ordningen
363 1427 23 21 af
403 1427 41 21 den
459 1427 28 21 14
500 1426 89 22 Januari
608 1426 62 27 1852,
691 1427 86 22 hvilken
799 1427 103 22 likaledes
921 1428 53 21 ovil-

227 1461 97 28 korligen
339 1461 87 27 ålägger
439 1461 53 22 hvar
506 1461 39 21 och
560 1467 32 20 en,
607 1467 46 16 som
668 1461 41 22 den
724 1462 19 27 ej
758 1461 79 22 räknar
851 1462 34 21 för
899 1463 72 21 bofast

294 1502 45 21 Lag-
351 1502 30 16 och
391 1501 168 18 Ekonomiutskotteis
570 1501 103 18 betänkande
684 1501 34 18 N:o
730 1502 17 17 2.
