1045 1709
228 142 27 20 12
417 141 27 17 U.
459 141 29 17 B.
503 150 26 3 —
546 140 81 22 Prop.
645 140 45 16 N:o
705 140 18 17 3.

200 210 78 18 männa
300 206 169 26 grundvilkoren
490 205 35 21 för
543 204 128 21 koncession
686 204 13 20 å
711 203 234 27 jernvägsanläggning

202 241 68 26 enligt
284 240 44 21 min
343 240 140 27 uppfattning
497 239 91 21 innebär
603 244 26 15 en
644 237 67 21 sådan
727 236 34 22 till
771 236 174 28 Byggningabal-

201 274 53 21 kens
274 274 88 21 område
376 273 108 26 hänförlig
499 280 38 20 ,ny
553 273 118 26 lagfråga,'
687 277 46 16 som
746 271 8 20 i
770 271 26 21 43
814 271 12 27 $
842 270 23 21 af
878 270 69 27 Rege-

202 308 144 27 ringsformen
368 307 97 26 omtalas,
488 307 81 27 jemväl
587 305 165 28 lagstiftningen
767 305 75 21 härom
858 305 51 21 bero
925 304 23 21 af

201 341 131 22 Monarkens
358 341 39 20 och
422 341 132 21 Ständernas
577 339 133 22 samverkan.
747 339 30 20 Af
798 339 52 21 dei
868 339 79 26 nådiga

203 375 163 26 Förordningen
382 375 42 20 den
436 375 13 20 3
459 375 105 21 Februari
580 374 54 21 1876
645 373 106 27 ingäende
764 372 137 22 föreskrifter
909 374 37 19 äro

201 409 69 26 enligt
288 409 50 20 mitt
356 409 97 20 omdöme
471 408 128 26 visserligen
619 407 48 21 icke
682 407 49 25 alla,
746 413 49 15 men
811 407 55 20 dock
880 406 68 26 nägra

202 442 23 21 af
247 442 66 21 sädan
336 442 155 26 beskaffenhet,
515 444 32 19 att
570 443 61 20 deras
653 441 162 26 hänskjutande
834 440 35 21 till
885 440 63 21 Stän-

202 477 67 20 derna
289 476 56 21 varit
366 477 105 26 önskligt;
495 477 41 20 och
551 476 60 21 detta
625 475 135 22 förhällande
776 477 56 19 samt
847 475 42 20 den
904 480 43 15 om-

203 511 131 26 ständighet,
356 512 33 19 att
411 511 36 20 det
469 511 7 20 i
499 510 118 21 allmänhet
642 515 63 21 synes
725 509 54 21 böra
793 509 107 21 undvikas
916 510 33 19 att

204 545 71 26 bygga
293 545 154 26 Ständerlagar
469 545 28 26 pä
517 545 41 20 den
578 543 174 22 administrativa
771 543 178 27 lagstiftningens

202 578 42 21 lätt
265 579 81 26 rörliga
368 579 77 26 grund,
465 581 84 24 utgöra,
569 578 66 26 enligt
657 578 50 21 mitt
721 577 145 26 förmenande,
882 577 67 20 redan

203 612 71 21 allena
296 612 33 21 för
350 613 33 26 sig
402 612 47 21 skäl
465 614 32 19 att
513 612 48 22 icke
576 613 7 20 i
597 612 131 21 oförändrad
743 612 55 20 form
814 613 79 25 antaga
908 611 42 20 den

204 646 80 27 nädiga
306 646 169 27 propositionen.
512 646 51 21 Men
583 646 26 21 dä
629 646 38 27 jag
689 645 48 22 icke
752 645 62 22 delar
828 645 44 21 alla
887 645 26 21 de
929 645 23 21 af

203 679 125 22 Utskottets
351 680 112 27 pluralitet
484 680 129 21 framhällna
631 680 70 26 öfriga
721 679 174 27 betänkligheter
910 679 41 21 och

205 714 87 21 derföre
314 716 58 19 ännu
387 715 18 26 ej
422 716 24 19 är
461 715 126 26 öfvertygad
603 720 34 15 om
654 714 154 27 omöjligheten
822 714 34 21 för
871 713 80 27 Lagut-

205 747 83 22 skottet
306 750 33 19 att
362 749 51 20 utan
428 748 123 27 väsendtlig
566 747 104 22 afvikelse
685 747 48 21 frän
748 748 181 26 rättsgrunderna
944 747 7 20 i

207 782 103 21 Finlands
328 782 139 27 lagstiftning
481 783 80 26 kunna,
577 788 75 21 genom
669 783 150 27 omarbetning
834 782 23 22 af
871 782 80 27 lagför-

206 816 70 26 slaget
291 816 7 20 i
313 816 41 21 den
370 816 79 28 nädiga
464 817 168 27 propositionen,
649 816 149 21 ästadkomma
813 818 31 20 ett
860 816 22 21 af
896 816 55 21 1876

205 850 36 21 års
260 850 137 27 Förordning
413 851 121 22 oberoende
549 850 118 28 lagförslag
683 857 34 15 om
732 850 126 28 inteckning
873 851 7 21 i
893 850 58 28 jern-

204 887 73 24 vägar,
301 891 63 15 anser
377 885 38 27 jag
431 885 113 22 Utskottet
559 885 18 26 ej
594 885 64 21 hafva
673 885 48 21 haft
735 885 47 21 skäl
798 887 38 24 att,
852 887 53 19 utan
920 887 32 19 ett

205 918 75 22 försök
301 919 7 21 i
329 919 60 21 detta
405 919 62 27 syfte,
483 919 88 22 förorda
586 921 31 19 ett
632 919 116 26 afböjande
764 925 49 16 svar
828 919 13 21 &
855 920 97 26 proposi-

205 954 81 20 tionen.
323 953 42 21 Väl
385 955 24 19 är
429 954 36 21 det
484 954 91 26 möjligt,
594 955 32 19 att
646 953 160 27 Lagutskottet,
821 960 46 15 som
882 954 71 21 under

207 987 132 21 Ständernas
362 987 64 21 korta
447 993 147 16 sammanvaro
613 987 40 21 har
671 988 77 26 mänga
766 988 68 21 andra
853 988 99 27 uppdrag

206 1023 33 19 att
257 1021 100 27 fullgöra,
378 1021 72 22 kunde
468 1021 59 22 finna
546 1021 60 22 tiden
625 1021 133 26 otillräcklig
775 1021 34 22 för
827 1023 32 19 ett
874 1022 78 21 sådant

205 1055 82 25 arbete,
308 1055 53 21 eller
381 1057 31 19 att
428 1055 113 22 Utskottet
556 1055 23 21 af
592 1061 41 20 nya
648 1055 54 26 skäl,
717 1055 74 21 hvilka
806 1056 69 20 under
890 1057 61 20 arbe-

206 1091 42 19 tets
257 1089 102 26 fortgäng
365 1089 120 26 framginge
493 1096 26 14 ur
527 1089 50 21 dess
585 1088 155 26 beskaffenhet,
751 1089 70 21 blefve
830 1089 122 22 nödsakadt

207 1125 37 18 att'
259 1122 56 21 afstä
333 1123 101 20 derifrän.
471 1123 50 21 Men
539 1123 55 21 först
613 1123 28 20 dä
656 1123 69 20 skulle
741 1123 69 26 enligt
824 1123 44 21 min
884 1123 66 21 tanke

207 1156 60 21 tiden
286 1163 52 14 vara
352 1157 50 26 inne
418 1156 33 21 för
466 1156 152 27 Lagutskottet
634 1158 33 19 att
683 1156 79 22 föreslä
776 1157 175 27 propositionens

206 1189 147 22 förkastande.

275 1223 74 21 Skulle
368 1223 65 26 nägot
452 1224 101 20 afseende
573 1224 66 20 fästas
659 1224 13 21 &
692 1225 70 20 denna
782 1225 44 20 min
841 1225 111 20 vördsamt

209 1256 127 21 framstälda
350 1256 108 20 särskilda
473 1257 93 25 mening,
576 1257 71 19 kunde
659 1257 81 25 följden
751 1257 62 20 deraf
823 1257 68 20 blifva
899 1258 52 19 den:

308 1292 31 17 att
362 1288 84 20 ärendet
470 1288 65 21 skulle
549 1289 35 20 till
599 1289 145 27 Lagutskottet
763 1290 162 20 äterremitteras
944 1291 9 19 i

309 1322 33 20 det
357 1322 53 28 syfte
422 1322 40 28 jag
477 1322 39 20 här
531 1322 80 28 antydt.

383 1361 2 3 :
681 1352 31 20 G.
728 1352 156 22 Ehrström.

277 1391 11 21 I
303 1390 154 22 ofvanstående
472 1392 133 20 reservation
622 1391 86 21 förenar
723 1393 34 26 sig
772 1393 40 21 ock

588 1433 114 21 Torsten
717 1434 28 20 T.
760 1433 124 22 Renvall.

301 1491 123 33 Helsingfors,
447 1501 87 19 Theodor
542 1492 122 28 Sederholms
676 1492 125 32 boktryckeri,
816 1502 48 17 1877.
