1025 1711
297 145 27 23 U.
341 145 27 23 B.
384 159 27 3 —
426 146 74 29 Prop.
515 146 45 23 N:o
575 146 35 23 12.
784 146 13 20 3

82 215 86 27 gängar,
188 215 24 21 sä
230 217 24 19 är
273 221 26 15 en
319 215 65 21 sädan
403 216 105 26 synpunkt
526 216 19 27 ej
561 222 59 15 mera
634 216 23 21 af
671 215 155 27 omständighe-

83 251 61 20 terna
158 249 113 27 päbjuden.

149 284 42 21 Vid
208 284 142 26 jemförandet
368 284 23 21 af
408 284 157 27 ofvanstäende,
584 284 46 21 frän
644 284 182 26 Jordbruksexpe-

82 318 95 21 ditionen
192 318 125 21 meddelade
331 319 108 26 uppgifter
458 325 33 15 om
506 319 99 27 beloppet
620 319 23 21 af
656 319 26 21 de
697 319 22 20 ät
733 319 94 21 hushäll-

82 352 71 27 nings-
173 353 38 21 och
230 353 249 26 landtbrukssällskapen
493 353 83 27 utgifna
591 353 73 27 anslag
679 353 49 21 med
743 353 36 22 det
794 352 33 22 för

82 387 24 21 är
121 387 54 21 1876
191 387 85 27 nädigst
290 387 115 21 faststälda
420 387 141 28 statsförslag,
575 387 37 22 vill
623 387 36 22 det
667 387 79 28 jemväl
757 393 69 22 synas,

82 427 45 16 som
151 428 34 15 om
204 422 25 21 de
249 422 33 21 för
298 421 137 27 jordbrukets
454 422 38 21 och
511 423 49 21 dess
578 423 134 26 binäringars
731 422 96 27 upphjel-

81 457 69 27 pande
169 459 55 19 samt
239 456 211 28 slöjäkunnighetens
465 457 146 27 befrämjande
626 457 110 22 bestämda
751 457 75 27 belopp

82 492 18 27 ej
120 492 7 20 i
147 491 32 22 sin
197 491 72 22 helhet
283 491 81 22 kunnat
377 492 33 21 till
426 493 26 20 de
468 491 88 23 afsedda
572 492 125 21 ändamålen
712 492 114 21 användas.

81 526 10 21 I
110 526 158 27 statsförslaget
285 528 104 25 upptages
408 527 105 26 nemligen
531 527 34 21 för
584 527 36 21 det
635 527 57 21 förra
707 527 121 21 ändamålet

82 561 60 21 mark
160 561 79 26 65,000
258 560 39 22 och
315 560 34 21 för
364 561 36 21 det
416 567 74 15 senare
504 561 61 21 mark
580 562 83 26 30,000,
678 561 112 21 hvarutom
806 561 23 21 af

82 595 98 27 anslaget
195 595 33 21 för
242 594 80 23 Finska
336 594 272 28 Hushållningssällskapet
623 595 61 22 äfven
700 597 78 20 största
792 596 35 21 de-

82 630 35 22 len
132 630 53 21 eller
200 630 61 20 mark
278 630 83 26 11,200,
381 630 65 26 enligt
461 630 120 22 inhemtade
597 630 156 28 upplysningar,
769 631 58 21 kom-

81 672 46 14 mer
140 664 127 28 jordbruket
282 664 39 22 och
337 664 107 27 slöjderna
459 664 34 22 till
508 665 34 21 del
562 676 15 4 —
592 665 83 21 således
686 672 27 14 en
724 671 103 15 samman-

81 700 50 27 lagd
146 706 82 15 summa
243 699 23 21 af
279 699 60 21 mark
356 699 96 27 106,200,
468 705 46 16 som
529 700 49 22 med
592 700 60 22 mark
666 700 78 26 46,572
760 700 67 22 öfver-

81 735 81 26 skjuter
185 734 62 21 ofvan
267 734 146 26 omförmälda,
433 740 74 21 genom
527 734 155 27 hushållnings-
702 735 38 21 och
758 735 69 21 landt-

81 769 188 26 brukssällskapen
284 769 140 26 disponerade
435 769 82 27 belopp.
537 769 108 22 Måhända
654 769 40 21 har
705 769 54 22 dock
770 769 58 22 detta

81 804 119 21 öfverskott
214 803 27 28 på
256 804 65 21 annat
335 805 50 25 sätt,
401 805 27 19 än
442 809 76 22 genom
535 804 157 27 hushållnings-
706 805 39 21 och
758 804 69 22 landt-

80 839 201 27 brukssällskapens
304 838 133 26 förmedling,
461 839 102 21 användts
582 839 33 20 till
632 839 138 27 jordbrukets
789 840 39 20 och

82 874 211 26 slöjdkunnighetens
308 872 98 27 höjande,
422 872 32 22 för
469 873 81 22 hvilket
565 874 97 21 ändamål
677 874 7 20 i
699 874 76 21 sådant
789 874 38 21 fall

82 910 68 19 större
170 908 75 26 anslag
263 907 24 21 af
305 908 107 21 allmänna
431 908 123 21 statsmedel
572 908 75 26 utgått,
670 910 27 19 än
713 908 35 22 det
763 915 28 14 nu
806 909 23 21 af

82 942 185 22 bränvinsskatten
283 942 85 21 äskade.

149 976 30 22 Af
200 977 40 21 den
262 976 78 28 nådiga
361 977 158 26 propositionen
541 977 94 27 framgår
656 977 46 21 icke
721 978 49 21 med
788 978 39 22 full

82 1012 81 21 visshet
181 1012 104 21 huruvida
304 1011 253 27 landtbrukssällskapen,
577 1012 71 22 derest
663 1012 119 22 Ständerna
796 1013 31 21 bi-

82 1046 50 22 fölle
148 1047 32 21 att
195 1046 32 21 för
243 1047 47 21 dem
305 1046 61 21 anslå
381 1046 77 26 80,000
472 1046 62 22 mark
549 1046 24 21 af
585 1046 192 28 bränvinsskatten,
788 1048 40 21 lik-

81 1081 35 22 väl
137 1081 133 21 fortfarande
288 1081 83 21 komme
391 1082 31 20 att
439 1081 23 21 af
479 1081 106 21 ordinarie
604 1082 123 21 statsmedel
746 1082 82 22 erhålla

82 1116 80 22 sådana
181 1116 75 26 bidrag
275 1122 45 14 som
335 1114 143 22 härförinnan.
508 1116 11 20 I
533 1115 140 22 betraktande
689 1116 23 22 af
726 1118 100 20 statsver-

82 1151 47 20 kets
150 1150 100 27 ställning
269 1149 33 22 för
320 1150 60 21 tiden
398 1150 60 21 torde
478 1150 35 21 det
532 1150 54 21 dock
601 1150 70 21 kunna
686 1152 94 25 antagas,
796 1153 31 19 att

82 1185 127 26 regeringen
231 1185 46 20 icke
299 1184 54 21 skall
376 1185 137 26 undandraga
536 1185 62 20 dessa
619 1184 123 27 föreningar
762 1186 65 26 nödig

83 1219 131 26 subvention,
233 1218 33 21 för
284 1218 62 21 hvars
364 1218 148 21 bibehållande
531 1218 62 27 giltig
610 1218 114 27 anledning
742 1219 84 22 förefin-

82 1259 39 15 nes
140 1253 63 21 äfven
224 1253 51 26 deri,
294 1253 37 26 att,
351 1252 27 27 på
397 1254 41 19 sätt
456 1259 62 20 synes
533 1252 23 21 af
569 1253 56 21 hvad
640 1252 109 22 Utskottet
763 1253 63 22 ofvan

84 1287 127 25 omförmält,
234 1287 132 26 sällskapens
388 1287 135 21 verksamhet
545 1287 47 21 icke
615 1289 24 19 är
657 1287 76 22 endast
750 1288 24 21 af
790 1295 35 15 en-

84 1322 55 21 skild
156 1323 70 24 natur,
245 1321 8 21 i
271 1322 36 21 det
325 1321 62 21 deras
408 1321 129 22 direktioner
555 1321 6 21 i
577 1321 75 27 sjelfva
667 1322 75 21 verket
755 1322 71 22 utföra

84 1355 96 27 uppdrag
200 1354 23 21 af
239 1354 57 21 olika
314 1354 46 27 slag
375 1354 34 21 för
424 1354 220 27 statsförvaltningens
659 1355 96 27 räkning.
784 1357 41 20 Vid

83 1388 128 28 antydandet
224 1388 63 21 häraf
299 1387 89 22 förbiser
402 1388 109 21 Utskottet
524 1388 26 27 ej,
562 1390 31 19 att
603 1389 26 21 de
639 1389 129 27 statsmedel,
780 1396 44 15 som

82 1424 34 21 till
130 1422 247 27 landtbrukssällskapen
388 1423 102 26 utgifvits,
504 1423 8 20 i
522 1423 115 22 allmänhet
646 1423 46 22 icke
702 1424 61 21 torde
774 1425 51 21 lem-

83 1460 48 21 nats
145 1458 34 21 till
194 1458 61 22 deras
270 1457 41 22 fria
325 1457 131 28 förfogande,
471 1459 52 21 utan
537 1458 33 23 till
585 1458 36 23 det
635 1460 69 21 mesta
718 1459 35 47 fär
760 1459 64 29 vissa,

151 1498 126 18 Statsutskottets
289 1498 99 19 betänkande
401 1497 31 18 N:o
446 1498 18 18 2,
