1045 1703
230 149 14 19 4
424 147 29 22 U.
470 147 27 22 B.
515 159 26 4 —
556 147 73 28 Prop.
645 146 46 23 N:o
707 147 21 21 8.

204 221 60 15 mans
287 216 60 21 mark
366 215 108 26 skattfria;
498 215 39 22 och
556 215 88 21 emedan
662 215 162 26 rusthållarene,
843 216 36 20 vid
896 215 60 21 tiden

205 249 33 21 för
256 249 205 27 indelningsverkets
481 249 126 26 inrättande,
626 249 138 22 tillerkändes
780 251 43 19 rätt
838 251 32 20 att
884 249 22 21 få
920 249 36 21 be-

205 283 58 21 hålla
283 285 75 19 räntan
373 283 23 22 af
410 284 26 21 de
451 290 96 20 qvarnar,
567 290 45 15 som
627 284 48 26 lågo
690 284 27 26 på
732 284 224 26 rustningsstammens

207 323 57 21 egor,
283 317 28 27 på
326 324 81 15 samma
422 318 70 21 vilkor
507 324 45 15 som
567 318 114 25 tillförene,
697 318 63 26 utgår
774 319 48 20 icke
837 318 69 21 heller
920 318 37 21 nå-

206 358 42 20 gon
263 352 57 20 skatt
336 352 47 20 från
399 352 80 21 sådana
494 358 97 21 qvarnar,
607 358 45 15 som
669 352 79 21 funnits
764 352 33 21 till
809 352 34 21 vid
853 352 104 22 indelnin-

207 392 46 20 gen,
277 386 39 20 och
334 386 89 21 hvarom
442 386 34 21 för
496 386 64 27 öfrigt
577 392 81 21 uppges
678 388 31 19 att
728 392 26 15 en
772 386 95 27 betydlig
887 386 33 22 del
936 386 23 21 af

206 420 117 20 rusthållen
343 420 27 20 då
384 420 56 21 varit
453 420 100 21 försedda
572 420 49 21 med
640 422 68 19 större
727 421 53 20 eller
799 420 82 22 mindre
896 426 62 21 qvar-

207 460 44 20 nar,
267 454 83 20 hvilkas
366 456 61 19 ränta
442 454 56 27 förty
513 455 7 20 i
531 454 236 27 qvarntullslängderna
778 454 130 26 afkortades,
919 454 39 21 allt

207 488 135 26 naturligtvis
352 488 68 20 under
430 488 150 27 förutsättning
591 490 31 19 att
631 488 75 21 verket
716 488 46 21 icke
772 488 106 26 utvidgas.
893 488 65 21 Dess-

206 523 58 20 utom
283 522 55 21 skall
354 524 31 19 ett
400 523 57 20 antal
473 524 68 20 större
557 529 102 20 qvarnars
674 524 62 19 ränta
750 522 64 22 hafva
828 522 108 27 upptagits
951 522 7 21 i

207 556 190 26 rustningsräntan,
413 557 7 20 i
435 556 54 27 följd
506 557 77 21 hvaraf
599 557 40 21 den
659 557 83 21 således
758 557 130 21 tillkommer
902 558 56 20 rust-

206 590 106 25 hållaren;
336 596 46 15 men
405 590 27 21 då
445 591 116 21 rusthållen
576 591 33 21 för
622 592 132 20 närvarande
772 592 72 20 betala
858 597 33 20 en,
905 592 55 20 rust-

206 624 162 26 ningsbesväret
382 625 46 21 icke
444 626 148 20 motsvarande
606 626 149 26 vakansafgift,
772 626 71 20 skatta
859 621 101 25 således
949 617 14 39 i

207 658 76 27 sjelfva
304 659 75 21 verket
400 659 46 21 icke
468 660 69 20 heller
559 660 58 21 detta
640 660 57 26 slags
713 666 97 20 qvarnar,
826 660 66 20 likväl
906 660 55 20 blott

208 693 67 20 under
296 693 143 26 nyssnämnda
461 693 157 27 förutsättning.
651 694 111 21 Huruvida
784 694 33 21 för
835 700 92 20 qvarnar
946 694 12 20 å

208 727 114 21 berustade
338 727 100 21 säteriers
457 728 61 21 mark
537 728 68 26 gäller
627 728 123 26 detsamma,
767 734 45 15 som
831 728 34 21 för
883 728 47 21 dem
946 728 12 21 å

210 761 101 21 rusthålls
328 761 52 21 eller
396 762 80 21 sådana
492 762 12 21 å
520 762 75 21 säteris
610 762 67 26 mark,
692 762 42 21 kan
745 769 51 14 vara
806 762 152 27 tvifvelaktigt;

208 795 39 21 och
264 795 56 21 hvad
339 795 101 27 slutligen
455 802 91 21 qvarnar
561 797 27 26 på
603 796 107 27 stadsjord
725 796 108 26 beträffar,
853 797 24 20 så
891 797 67 20 måste

209 830 26 20 de
258 835 62 16 anses
345 829 105 27 skattfria,
474 830 59 26 dock,
548 831 28 26 på
591 830 46 21 skäl
653 837 44 14 som
712 831 7 20 i
735 831 40 20 den
791 831 78 26 nådiga
884 836 74 21 propo-

208 864 90 21 sitionen
317 863 130 27 framhålles,
467 865 75 20 endast
560 865 33 21 för
611 865 70 20 såvidt
699 871 45 15 som
764 865 26 21 de
811 865 91 21 förmala
920 865 38 21 säd

208 898 33 21 för
256 898 223 27 stadsbefolkningens
494 899 70 21 behof.

277 933 40 20 Till
334 933 62 20 dessa
415 933 131 27 ojemnheter
561 934 84 21 komma
660 936 56 19 ännu
731 934 73 26 andra,
820 934 138 21 förorsakade

209 967 66 26 deraf,
291 968 32 20 att
337 967 85 21 skatten
451 968 56 21 skall
522 968 135 27 bestämmas,
672 969 47 20 icke
735 968 54 21 efter
804 968 108 21 inhemtad
926 970 32 19 ut-

209 1001 89 27 redning
314 1008 40 19 om,
371 1002 53 21 eller
438 1002 99 26 pröfning
552 1003 24 20 af
584 1003 55 20 hvad
655 1009 26 14 en
697 1009 65 20 qvarn
777 1003 101 21 förmalat
891 1003 68 21 under

209 1036 40 20 den
264 1036 38 26 tid,
318 1036 34 20 för
366 1036 86 21 hvilken
467 1036 57 21 skatt
538 1036 55 22 skall
607 1038 93 25 utgöras,
714 1039 51 19 utan
779 1037 27 26 på
819 1036 90 22 förhand
920 1036 39 22 och

209 1070 32 20 till
252 1070 28 21 25
293 1072 88 24 procent
395 1070 23 20 af
428 1071 40 20 den
484 1070 76 26 intrad,
576 1071 86 21 hvartill
677 1071 232 26 förrättningsmännen
923 1071 36 21 vid

209 1104 186 26 skattläggningen
410 1110 51 15 anse
477 1104 122 22 densamma
614 1104 85 22 komma
713 1106 32 20 att
759 1104 76 27 upggå.
862 1104 39 21 Om
917 1105 41 25 det,

208 1138 7 20 i
231 1138 106 20 anseende
352 1138 33 20 till
400 1138 26 21 de
441 1138 77 26 många
532 1145 46 15 mer
593 1138 53 22 eller
659 1139 82 21 mindre
752 1138 152 27 oberäkneliga
913 1137 46 22 fak-

209 1173 65 24 torer,
294 1178 46 14 som
358 1172 88 20 inverka
463 1172 28 26 på
509 1172 100 28 beloppet
624 1172 23 21 af
661 1173 90 26 mälden,
767 1174 25 19 är
807 1172 58 21 svårt
880 1174 31 19 att
926 1172 33 21 för

209 1206 58 26 verk,
276 1206 80 20 sådana
367 1212 44 14 som
420 1208 80 19 vatten-
509 1207 38 20 och
555 1207 122 27 isynnerhet
684 1208 163 26 vädergvarnar,
856 1206 33 22 för
898 1208 30 20 ett
936 1207 23 21 är

209 1240 78 20 framåt
300 1240 70 20 åsätta
384 1246 25 14 en
421 1241 75 20 rättvis
509 1241 63 25 skatt,
585 1242 55 20 skall
653 1242 76 20 sådant
741 1248 52 14 vara
803 1243 56 19 ännu
873 1241 86 21 svårare

210 1273 27 20 då
247 1273 36 21 det
293 1273 68 26 gäller
372 1280 25 14 en
408 1274 74 26 längre
492 1274 31 20 tid
534 1274 82 21 framåt.
632 1275 43 21 Det
685 1275 134 21 förhållande
830 1274 41 21 kan
881 1276 78 25 näppe-

209 1307 57 26 ligen
276 1307 110 26 undvikas,
399 1309 31 19 att
442 1314 25 14 en
479 1308 63 26 skatt,
555 1314 34 15 om
599 1310 27 19 än
635 1308 68 27 aldrig
712 1308 24 21 så
744 1310 172 25 samvetsgrannt
924 1308 35 21 be-

210 1341 81 21 räknad
304 1341 35 21 vid
350 1341 192 26 skattläggningen,
555 1342 54 21 efter
622 1343 69 26 någon
706 1343 32 20 tid
748 1344 24 19 är
783 1343 100 26 antingen
893 1343 66 26 högre

210 1375 53 21 eller
282 1375 58 26 lägre
360 1377 26 19 än
406 1375 93 28 åsyftadt
516 1376 61 21 varit.
607 1377 10 20 I
636 1376 58 22 förra
713 1377 61 21 fallet
788 1377 39 21 har
843 1383 116 20 qvarnega-

210 1416 37 14 ren
265 1409 126 27 visserligen
410 1410 39 21 den
469 1411 91 26 utvägen
581 1413 68 24 öppen
664 1413 31 19 att
710 1411 106 27 nedlägga
831 1411 75 21 verket
920 1411 39 21 och

209 1444 80 27 begära
310 1443 96 28 eftergift
424 1444 22 21 af
463 1445 90 26 skatten,
576 1445 81 22 hvilket
675 1446 34 21 väl
728 1446 46 21 icke
794 1446 68 21 skulle
882 1446 76 21 honom

278 1483 161 19 Ekonomiutskottets
451 1484 101 18 betänkande
564 1485 33 18 N:o
609 1485 18 17 3.
