1034 1706
239 135 13 20 8
524 135 53 22 N:o
594 134 54 22 20.

283 204 44 20 alla
341 203 70 27 öfriga
425 203 76 26 vilkor,
517 209 46 15 som
578 203 7 20 i
601 202 101 22 afseende
716 202 13 21 å
747 203 218 21 distriktsfördelnin-

212 243 41 21 gen
269 237 62 21 skola
345 237 67 21 blifva
427 237 105 26 gällande.

283 272 20 20 2.
326 266 43 26 Äro
385 271 19 27 ej
420 271 66 21 minst
501 271 37 21 två
552 271 136 27 tredjedelar,
706 271 54 21 efter
775 271 120 27 röstetalet,
906 272 23 20 af
938 272 27 21 de

211 306 35 20 vid
270 307 105 19 stämman
394 306 134 20 närvarande
545 311 50 15 ense
610 311 35 15 om
660 305 234 27 distriktsfördelnings
910 306 54 21 infö-

210 340 73 26 rande,
299 340 63 21 hafve
377 339 77 27 frågan
469 340 74 21 derom
558 340 34 21 för
608 340 40 20 den
664 340 83 26 gången
757 340 102 26 förfallit;
871 346 47 15 men
930 346 34 15 om

211 374 95 21 beslutet
323 374 72 21 blifvit
412 374 50 21 med
481 374 67 21 sådan
562 374 154 26 röstöfvervigt
730 374 86 26 fattadt,
833 374 55 21 skall
904 376 62 20 ären-

212 408 36 21 det
263 408 142 21 öfverlemnas
421 408 34 21 till
470 408 151 21 Guvernörens
633 408 87 26 slutliga
731 408 109 27 pröfning;
858 408 45 21 Och
913 410 52 25 äger

212 443 145 26 Guvernören,
373 443 7 20 i
396 442 38 21 fall
457 442 163 22 föreskrifterna
634 443 8 20 i
658 442 69 21 denna
749 442 128 27 författning
894 442 69 21 finnas

210 483 53 16 vara
278 477 117 26 behörigen
409 477 119 26 iakttagna,
543 477 95 21 beslutet
653 476 109 22 fastställa
772 478 33 20 att
815 477 64 21 lända
890 477 33 21 till
934 477 30 22 ef-

211 511 124 22 terrättelse
350 511 57 21 intill
423 511 48 21 dess
487 511 135 22 annorlunda
632 511 43 21 kan
685 511 137 26 bestämmas,
834 511 54 22 dock
899 511 65 21 minst

211 546 68 21 under
294 545 42 22 fem
353 546 30 21 år.

283 581 19 20 3.
325 580 10 21 I
351 579 61 28 fråga
428 586 34 15 om
477 579 126 27 förändring
619 580 23 21 af
652 580 223 27 distriktsfördelning
885 581 80 20 iaktta-

210 620 38 21 ges
263 614 56 21 hvad
335 620 34 15 om
384 614 112 21 införande
511 614 24 21 af
549 614 67 21 sådan
632 616 24 19 är
672 615 107 26 stadgadt.

282 649 19 20 4.
331 649 92 26 Förslag
441 655 34 14 om
493 648 235 27 distriktsfördelnings
743 649 157 26 upphäfvande,
917 655 45 15 som

211 683 17 26 ej
248 682 35 21 må
302 684 106 25 upptagas
427 682 45 21 förr
491 685 27 18 än
538 683 67 20 under
620 683 66 20 femte
702 683 47 21 året
764 683 66 21 sedan
845 683 118 21 fördelnin-

210 723 41 20 gen
267 716 76 21 trädde
353 717 7 20 i
371 717 169 26 verkställighet,
555 716 87 28 pröfvas
658 717 36 21 vid
710 717 201 27 komunalstämma;
924 719 39 20 och

210 751 69 26 gäller
301 757 46 14 som
364 751 73 21 beslut
455 751 41 21 den
515 751 91 26 mening,
622 751 86 22 hvilken
724 752 26 21 de
765 753 134 21 närvarande
915 753 48 21 med

210 785 79 26 högsta
303 785 114 21 röstetalet
432 785 106 21 omfattat.
561 785 93 22 Utfaller
669 786 70 21 denna
754 787 33 20 för
803 787 159 27 fördelningens

210 819 157 27 upphäfvande,
392 819 55 21 skall
469 820 95 21 beslutet
587 819 153 28 ofördröjligen
760 821 140 22 Guvernören
919 822 44 21 del-

210 854 76 26 gifvas.

283 888 19 20 5.
332 887 34 20 Då
383 887 122 27 fördelning
520 889 8 20 i
544 888 112 21 distrikter
671 889 91 21 kommit
778 889 33 21 till
826 890 69 26 stånd,
912 896 51 15 vare

209 921 246 27 fattigvårdssamhället
472 922 48 20 icke
540 923 48 20 dess
607 923 82 20 mindre
705 923 6 20 i
727 923 70 21 första
814 924 58 20 hand
887 931 76 13 ansva-

209 956 43 26 rigt
268 955 33 21 för
316 954 146 27 fullgörandet
477 956 22 20 af
515 956 151 21 distrikternas
682 956 146 27 skyldigheter
843 958 7 20 i
861 958 101 21 afseende

210 989 12 21 å
237 989 127 26 fattigvård;
380 989 39 21 och
434 989 57 21 hälle
507 990 33 26 sig
556 990 113 20 samhället
682 991 64 21 sedan
758 991 32 21 till
801 992 161 21 vederbörande

210 1023 94 21 distrikt.

512 1086 68 18 Art.
602 1087 58 17 III

407 1126 42 21 Om
471 1126 298 28 Fattigvårdsstyrelse.

555 1190 11 26 8
584 1190 32 21 11.

283 1229 18 20 1.
324 1228 43 20 För
381 1228 192 26 verkställigheten
589 1229 23 21 af
625 1229 254 26 fattievärdssamhällets
891 1231 72 21 beslut

210 1263 55 19 samt
280 1261 34 21 för
328 1261 174 21 handhafvandet
517 1262 23 20 af
556 1262 145 26 fattigvärden
716 1263 7 20 i
740 1263 222 22 öfverensstämmelse

209 1294 48 20 med
280 1294 69 21 denna
370 1294 127 27 förordning
520 1296 38 20 och
574 1296 36 20 det
625 1296 123 22 fastställda
763 1297 200 27 fattigvärdsregle-

208 1330 88 25 mentet,
320 1328 55 22 skall
390 1329 7 21 i
412 1328 74 28 hvarje
508 1330 234 26 fattigvärdssamhälle
762 1331 68 21 finnas
847 1338 25 15 en
888 1332 73 28 fattig-

208 1363 163 27 värdsstyrelse,
387 1363 86 22 hvilken
489 1363 13 21 &
517 1364 79 28 landet,
615 1365 38 21 der
668 1365 114 22 samhället
797 1366 18 27 ej
827 1367 135 21 annorlunda

208 1397 119 27 förordnat,
346 1399 88 26 utgöres
453 1398 24 21 af
493 1398 238 29 kommunalnämnden,
750 1402 57 20 samt
821 1401 7 21 i
844 1401 48 22 stad
911 1402 53 21 eller

208 1432 82 27 köping
308 1432 75 22 bestär
400 1432 23 22 af
441 1433 115 22 orförande
572 1434 39 21 och
626 1435 66 21 minst
707 1435 43 21 fem
766 1436 125 26 ledamöter,
908 1436 55 21 efter

207 1466 186 23 vädhusstämmas
409 1467 52 22 eller
476 1469 208 27 stadsfullmäktiges
699 1470 41 21 val.
