1042 1714
246 158 13 20 8
409 155 80 23 Ständ.
505 155 36 23 Sv.
558 168 26 2 —
600 155 69 26 Prop.
685 153 40 21 N:o
740 153 20 21 6.

218 224 95 26 sitionen,
331 226 52 20 utan
402 224 32 21 för
456 224 31 22 sin
509 224 32 22 del
561 224 90 21 beslutat
668 222 32 22 till
717 220 91 29 följande
826 222 19 19 st

218 260 7 21 i
240 261 75 21 ämnet.

355 293 44 21 >De
414 294 47 20 med
476 293 109 21 Kuusamo
600 291 124 23 sockneboer
738 291 40 21 den
792 292 29 20 22
834 290 16 20 J

285 330 56 20 samt
362 328 47 20 med
424 327 122 22 Kemiträsk
568 327 37 22 och
621 326 133 28 Kuolajärvi
776 324 62 30 sockn

287 363 26 20 15
329 363 8 20 i
351 369 81 14 samma
447 362 80 21 mänad
541 362 111 28 ingängna
667 360 37 22 och
718 366 75 22 genom
809 358 33 31 Ko

287 398 94 20 lutionen
405 397 40 20 den
463 398 29 20 27
513 396 65 28 April
600 397 54 20 1790
676 394 136 28 stadfästade
826 391 132 26 knbktekon-

287 431 59 21 trakt
369 431 74 26 varda,
461 432 8 20 i
491 430 98 28 afseende
610 431 13 19 &
646 430 46 21 deri
712 430 92 26 intagna
822 423 134 33 städganden

286 473 33 13 om
334 465 117 27 Kuusamo,
469 465 121 21 Kemiträsk
604 464 36 21 och
658 464 130 26 Kuolajärvi
803 462 101 25 socknars
911 462 47 27 fri-

287 500 92 28 tagande
403 500 56 27 från
484 500 94 27 refning,
600 499 111 27 storskifte
734 498 35 21 och
796 497 161 28 skattläggning

287 537 56 24 samt
357 535 181 28 öfverloppsjords
553 534 123 28 afvittring,
692 533 93 21 sålunda
800 532 45 21 dels
869 531 89 44 Närade,

286 570 45 21 dels
346 569 125 28 upphäfda;

355 608 32 18 att
405 605 132 28 provisionel
558 604 116 27 afrösning
692 603 42 27 för
752 603 96 20 kronans
865 566 94 64 räkning

287 639 56 21 skall
357 639 36 21 ske
408 639 30 28 af
449 640 31 20 all
495 639 40 21 den
549 639 61 22 mark
625 639 57 20 inom
697 638 91 21 berörda
802 631 96 68 ven
915 643 42 14 som

286 674 43 20 kan
344 673 136 28 öfverblifva,
496 674 65 21 sedan
583 673 282 27 samfällighetsdelegarene|
875 671 83 28 främst

286 709 20 26 ej
324 708 82 21 mindre
420 708 41 27 för
479 709 61 20 deras
563 708 105 21 hemmans
686 707 124 20 nuvarande
825 701 88 30 mantal,
929 708 29 19 än

282 742 41 27 för
339 743 24 20 de
378 742 110 29 nybyggen
503 742 37 21 och
555 745 55 25 torp,
618 742 72 21 hvilka
706 741 54 28 efter
767 741 108 28 pröfning
885 741 73 20 kunna

286 777 60 21 bilda
368 777 162 27 sjelfbestäende
553 776 127 29 lägenheter,
698 776 48 27 fått
768 777 32 27 sig
819 776 140 27 prodisionelt

287 812 98 20 tilldelad
401 811 95 21 blandad
511 811 96 22 skattbar
622 811 36 21 och
673 811 91 26 skattfri
779 811 61 20 mark
856 813 55 18 efter
927 810 30 21 be-

287 846 93 27 räkning
392 847 31 26 pä
438 845 73 28 hvarje
523 846 139 27 provisionelt
676 846 83 20 mantal
772 845 30 27 af
809 846 33 25 12,000
896 847 63 18 tunn-

287 881 52 20 land
357 881 32 19 uti
406 880 111 21 Kuusamo
536 880 37 21 och
594 879 129 28 Kuolajärvi
737 879 91 22 socknar
847 886 10 14 och
896 880 63 25 8,000

287 915 108 21 tunnland
417 915 34 20 uti
475 914 121 22 Kemiträsk
616 914 74 22 socken
711 915 56 21 samt
786 915 63 24 1,000
866 909 12 35 &
896 913 62 26 1,500

287 950 108 21 tunnland.
415 950 41 26 för
477 950 74 28 hvarje
572 950 30 27 pä
625 949 140 27 omförmäldt
789 952 43 18 sätt
886 948 73 22 nybildad

285 985 84 20 mindre
392 984 97 27 lägenhet
508 991 31 14 om
559 985 36 26 !/,,
614 984 13 21 &
642 984 25 26 s
683 984 83 21 mantal
782 984 7 20 i
804 984 25 20 de
845 986 19 18 tvl
877 983 82 27 först-

285 1019 96 20 nämnda
396 1018 121 21 socknarna
527 1018 36 21 och
574 1020 40 20 700
625 1018 13 20 &
649 1019 63 25 1,000
723 1015 153 29 tunnland
839 1011 37 39 fök
886 1018 73 28 hvarje

285 1053 69 21 sådan
370 1053 9 19 i
393 1052 124 22 Kemiträsk
532 1052 87 26 socken;

353 1089 32 18 att
404 1087 167 21 socknemännen
591 1087 82 20 tillåtas
691 1086 145 27 fortfarande
855 1086 57 21 ikom
934 1086 25 21 de

285 1120 120 26 afvittrade
427 1120 172 28 kronojordarna
622 1120 94 27 begagna
738 1119 84 21 renbete
837 1118 26 22 sat
885 1120 72 21 idka

281 1155 58 26 jagt,
355 1154 107 28 djurfång
477 1154 38 21 och
524 1154 57 27 fiske
596 1154 13 20 &
625 1154 25 20 de
666 1154 54 20 tider
735 1154 28 26 af
773 1154 46 20 året
830 1154 75 27 ochjpä
915 1156 44 18 sätt

285 1190 9 18 i
308 1188 119 21 allmänhet
442 1189 69 27 lofligt
525 1190 31 23 är,
572 1188 108 27 äfvensom
700 1187 116 21 bibehållas
832 1188 20 20 vidi
882 1188 77 28 nyttjo-

285 1225 45 17 rätt
345 1222 35 20 till
395 1223 64 20 deras
474 1224 56 19 inom
540 1222 184 21 kronomarkerna
734 1222 126 27 upprödjadd
881 1224 76 25 ängar,

285 1256 60 20 intill
367 1256 46 20 dess
436 1257 84 19 kronan
542 1256 38 19 vill
602 1257 45 19 dem
668 1259 53 17 emot
736 1256 121 26 erläggandä
882 1256 29 26 af
924 1256 35 19 od-

286 1289 178 27 lingskostnaden
480 1289 81 25 inlösa;

353 1325 32 19 att
407 1323 84 20 sädana
514 1322 83 21 mindre
618 1322 127 28 lägenheter,
761 1328 44 14 som
820 1310 67 44 blifda
902 1323 57 20 inom

285 1357 182 21 kronomarkerna
484 1357 95 28 belägna,
595 1365 45 13 men
657 1357 44 21 icke
716 1357 74 20 kunna
804 1357 59 21 till
879 1356 80 29 nybyggen

269 1411 2 2 .
289 1399 33 14 med
322 1392 126 27 framtida
459 1391 87 22 bestånd
558 1391 75 27 bildas,
644 1393 24 20 så
682 1392 44 21 vidt
741 1392 86 28 möjligt
842 1391 117 22 bibehållas

285 1427 69 20 såsom
373 1427 178 27 kronoskogstorp
574 1427 36 21 och
625 1426 134 28 skattläggas
775 1426 55 27 efter
844 1426 114 21 edahanda

285 1462 102 27 grunder,
402 1468 44 14 som
456 1460 66 28 följts
537 1461 36 21 vid
588 1461 189 28 skattläggningen
792 1460 30 28 af
837 1460 74 21 dfdika
927 1461 46 20 lä-"

285 1496 100 28 genheter
400 1496 57 20 inom
473 1495 66 21 redan
556 1495 102 28 afrösade
673 1495 145 28 kronojordar
824 1503 6 17 ;
865 1497 7 42 i

866 1637 4 8 N
