1025 1711
295 139 79 21 Ständ.
391 137 36 23 Sv.
444 150 26 3 —
486 138 66 29 Prop.
569 138 40 23 N:o
625 138 32 23 12.
806 139 14 20 3

98 207 32 26 sig
150 206 49 21 vida
219 206 135 27 lämpligare,
373 208 32 19 att
422 207 50 21 hela
487 207 39 21 den
543 207 126 27 statsutgift,
686 214 45 14 som
747 207 34 21 för
795 207 52 21 ifrå-

97 240 123 27 gavarande
235 239 101 22 ändamål
352 240 116 26 erfordras,
483 240 134 21 fortfarande
629 241 77 21 varder
717 241 129 21 observerad

97 273 69 21 under
185 274 48 21 8:de
248 274 147 20 hutvudtiteln
410 274 24 20 af
448 274 164 26 statsförslaget,
628 276 27 19 än
671 281 34 13 om
721 274 125 21 densamma

96 308 35 20 till
151 314 26 14 en
197 308 35 21 del
252 307 116 22 återfinnes
390 308 44 26 der,
454 308 33 20 till
508 314 25 14 en
553 314 71 14 annan
643 308 34 21 del
693 308 59 21 inom
768 308 41 22 den
825 308 24 21 af

96 342 122 22 Ständerna
240 342 131 27 upprättade
394 342 111 27 afdelning
524 341 24 22 af
565 342 114 27 budgeten.
714 342 10 20 I
741 342 59 21 detta
815 342 32 22 af-

96 376 79 22 seende
195 376 71 21 tillåta
285 376 33 27 sig
338 376 123 21 Ständerna
472 376 81 27 jemväl
568 376 115 21 framhålla
700 378 38 24 att,
754 378 40 19 när
809 384 36 14 an-

96 410 70 27 slaget
185 410 68 27 gäller
274 417 26 14 en
320 410 224 27 dispositionssumma
564 410 39 21 och
623 410 47 21 icke
689 410 57 21 vissa
761 410 34 21 till
811 411 35 21 be-

96 444 74 27 loppet
188 445 28 25 på
234 444 93 21 förhand
346 444 112 21 bestämda
473 445 94 26 utgifter,
584 444 118 21 öfverskott
718 445 12 20 å
747 444 101 27 anslaget

97 478 74 21 kunna
186 479 138 26 uppkomma,
339 478 139 28 hvarigenom
494 479 35 21 det
545 479 6 20 i
568 478 140 21 förevarande
723 478 39 21 fall
777 478 70 22 blefve

97 513 59 20 svårt
175 512 52 21 eller
247 512 99 28 omöjligt
365 514 32 19 att
420 513 82 26 afgöra,
517 512 107 21 huruvida
638 512 144 27 besparingen
799 519 50 15 vore

96 548 32 19 att
146 547 107 20 beräknas
269 547 13 20 å
297 546 48 23 8:de
364 546 145 22 hufvudtiteln
528 547 53 21 eller
596 547 13 20 å
625 546 35 21 det
675 546 24 21 af
714 547 132 26 landtdagen

96 581 103 21 anvisade
215 580 82 28 anslag.

165 615 30 21 Pä
211 615 68 27 grund
295 615 24 21 af
333 615 35 21 det
379 615 91 21 anförda
481 615 22 21 fä
513 615 122 21 Ständerna
645 614 39 21 hos
695 614 81 21 Eders
790 614 57 27 Kej-

96 649 97 27 serliga
213 649 122 28 Majestät
350 649 7 21 i
372 650 173 26 underdänighet
565 648 92 25 anmäla,
677 651 33 19 att
726 648 121 22 Ständerna

96 684 34 20 för
145 683 136 21 närvarande
300 685 72 20 ansett
392 684 32 26 sig
440 684 46 21 icke
502 684 52 21 böra
569 684 28 26 pä
613 683 232 26 bränvinsbrännings-

96 718 86 20 skatten
200 718 75 20 anvisa
293 718 76 26 anslag
385 718 33 20 för
434 718 159 28 hushällnings-
609 718 39 22 och
664 717 183 22 landtbrukssäll-

97 752 88 27 skapen.
639 746 2 2 |

168 798 100 22 Finlands
284 798 92 22 Ständer
391 798 125 22 framhärda
534 801 39 19 etc.

165 838 144 27 Helsingfors,
326 839 40 20 den
383 839 27 20 26
426 838 58 22 Mars
499 839 61 21 1877.

258 1479 124 22 Helsingfors,
395 1478 16 17 J.
424 1478 72 18 Simelii
510 1479 100 22 arfvingar,
625 1478 49 18 1877.
