1023 1703
283 145 30 21 U.
327 146 28 20 B.
371 156 25 4 —
413 145 72 27 Prop.
500 145 46 22 N:o
560 146 30 20 11.
766 144 12 20 KA

62 206 78 28 ningen
162 205 102 29 päläggas
285 206 102 28 trafiken;
405 214 48 14 men
472 206 28 22 dä
515 214 25 14 en
554 207 80 21 reform
649 207 7 21 i
671 207 70 21 denna
755 206 53 22 rikt-

62 240 51 27 ning
128 240 18 27 ej
166 240 7 21 i
188 240 41 21 den
243 242 108 20 närmaste
365 241 115 21 framtiden
495 240 77 28 ansägs
587 241 74 21 kunna
675 240 134 28 genomföras

62 276 51 19 utan
128 274 73 21 alltför
217 276 44 19 stor
276 274 81 28 störing
375 275 4 21 i
393 275 295 21 kommunikationsväsendet
699 275 39 21 och
750 275 59 21 dess-

62 309 58 20 utom
143 308 19 28 ej
184 315 50 14 vore
252 308 49 21 fullt
320 308 229 22 öfverensstämmande
564 309 48 21 med
627 309 36 21 det
677 308 94 22 rådande
787 308 22 22 ä-

62 342 181 27 skådningssättet
254 342 133 21 beträffande
398 342 204 28 skjutshållningens
610 342 124 28 utgörande,
743 342 66 22 borde

62 383 27 14 en
108 375 115 29 öfvergång
238 376 48 22 från
301 376 36 22 det
351 377 133 22 närvarande
499 377 101 22 beträdas
615 377 7 21 i
637 377 54 28 syfte
706 378 32 21 att
753 384 56 15 ome-

62 411 84 21 delbart
160 411 71 21 lindra
245 411 88 21 bördan.

130 444 30 22 På
182 446 44 20 sätt
244 445 9 21 i
268 445 41 21 den
324 445 121 22 Ständerna
458 452 29 15 nu
501 445 125 28 förelaggda
640 445 78 28 nådiga
732 453 77 20 propo-

62 480 91 21 sitionen
168 479 131 26 framhålles,
314 479 71 22 kunde
401 480 119 21 Ständerna
534 479 54 22 dock
603 480 46 21 icke
663 480 32 21 uti
703 480 56 21 vissa
766 480 43 27 pri-

62 513 70 31 vilegii
150 513 73 28 frågor
237 514 75 21 förena
327 514 32 27 sig
374 514 7 21 i
397 516 129 26 gemensamt
541 515 77 21 beslut.
647 515 112 27 Förslaget
774 521 34 14 om

62 547 290 28 skjutsningsskyldighetens
367 548 152 21 utsträckande
534 548 33 21 till
581 548 68 21 andra
660 548 149 28 jordlägenhe-

62 583 39 24 ter,
119 582 146 27 possessioner
284 582 40 21 och
339 582 126 22 industriela
479 582 144 28 inrättningar
637 582 122 28 godkändes
774 589 35 14 en-

62 616 49 21 dast
130 616 24 21 af
166 616 104 27 Borgare-
289 616 39 21 och
343 616 170 26 Bondestånden,
529 616 111 22 hvaremot
653 616 157 27 Ridderskapet

62 650 40 22 och
117 650 69 21 Adeln
202 652 55 19 samt
271 649 161 22 Presteständet
446 650 56 22 höllo
518 650 52 26 före,
586 652 33 20 att
629 651 7 21 i
648 650 61 28 fråga
716 650 93 22 varande

63 685 120 27 skyldighet
202 684 47 22 icke
267 684 71 21 kunde
352 686 53 19 utan
419 684 109 28 betänklig
542 684 107 29 rubbning
663 685 8 20 i
686 685 123 28 egendoms-

62 718 163 23 förhållandena
246 718 108 22 åhvälfvas
376 719 41 21 den
435 719 161 28 privilegierade
608 719 84 28 jorden,
708 721 55 19 samt
778 720 32 20 att

62 753 48 22 dess
132 753 153 21 utsträckande
306 752 29 29 på
356 753 73 21 landet
447 753 34 21 till
495 753 134 26 folkklasser,
644 760 45 15 som
703 753 106 21 härintills

62 787 46 21 icke
130 787 46 21 deri
195 787 95 28 deltagit,
309 787 47 21 icke
371 793 38 14 ens
424 793 49 15 vore
487 787 103 27 förenligt
604 787 47 21 med
667 787 36 21 det
717 787 34 21 för
766 787 43 21 frå-

62 828 52 21 gans
130 821 87 28 slutliga
230 821 85 28 lösning
329 821 96 21 erkända
438 820 49 27 mål,
502 821 107 25 hvarföre,
622 821 39 21 och
669 821 88 21 emedan
765 821 45 27 lag-

62 855 126 28 stiftningen
209 856 8 20 i
237 857 72 19 ämnet
323 855 66 21 borde
404 854 72 28 fortgå
489 855 8 21 i
512 855 41 21 den
568 855 100 27 riktning,
684 857 33 19 att
731 855 79 28 skjuts-

62 889 135 28 hållningens
207 889 133 28 utbjudande
348 889 28 28 på
384 889 129 28 entrepenad
521 889 138 21 befordrades
667 889 46 22 dels
721 889 90 22 medelst

62 924 143 28 skjutslegans
221 922 180 29 ändamålsenliga
415 923 94 28 höjning,
525 923 45 22 dels
583 930 75 21 genom
669 923 68 22 andra
743 924 68 27 lämp-

62 959 44 27 liga
123 957 106 29 åtgärder,
245 966 46 14 som
305 965 50 15 vore
370 958 81 27 egnade
466 959 32 20 att
512 957 134 28 undanrödja
661 958 52 21 eller
727 958 84 21 minska

62 993 27 21 de
104 992 137 28 svårigheter,
257 1000 46 14 som
317 992 73 22 dervid
405 992 71 21 kunde
491 993 64 25 möta,
567 992 156 28 Ridderskapet
735 993 39 21 och
782 993 28 20 A-

62 1026 51 21 deln
128 1028 62 29 samt
207 1025 161 24 Presteståndet
387 1027 102 20 stannade
503 1026 8 21 i
526 1026 36 21 det
576 1026 78 26 beslut,
669 1028 33 20 att
717 1026 94 29 skyldig-

62 1061 64 21 heten
141 1062 32 20 att
186 1062 78 27 utgöra
278 1060 114 28 hållskjuts
406 1061 118 21 tillsvidare
540 1060 69 22 skulle
620 1060 71 28 åligga
701 1061 110 21 alliman-

62 1095 32 21 tal
108 1096 44 20 satt
164 1095 57 27 jord,
237 1102 45 14 som
297 1095 18 28 ej
332 1101 74 21 genom
422 1095 104 28 grundlag
541 1094 52 22 eller
609 1095 67 21 andra
691 1095 120 21 öfverhetli-

62 1136 28 21 ga
104 1129 87 28 stadgar
206 1130 25 20 är
245 1128 96 22 derifrån
355 1129 90 21 befriad.

130 1163 63 22 Hvad
208 1163 120 21 Ständerna
343 1163 35 21 vid
393 1170 81 15 samma
487 1163 104 28 landtdag
605 1163 8 21 i
629 1163 107 28 åtskilliga
743 1163 68 22 andra

63 1198 60 21 delar
138 1198 24 21 af
175 1197 88 22 ärendet
277 1197 82 22 beslöto
375 1197 42 21 blir
429 1197 105 22 utskottet
546 1198 6 21 i
561 1197 85 22 tillfälle
655 1199 32 20 att
694 1197 117 22 nedanföre

62 1232 84 21 beröra.
176 1232 41 21 Det
240 1231 96 26 anförda,
354 1239 49 14 men
418 1233 57 20 ännu
489 1239 45 14 mer
550 1238 81 15 samma
645 1231 72 28 frågas
733 1232 54 21 öden
802 1231 8 22 i

63 1266 93 28 Sverige,
170 1266 39 21 der
224 1266 231 28 skjutsningsbesväret
468 1266 102 21 likaledes
582 1267 57 20 ännu
649 1266 70 21 hvilar
729 1265 28 29 på
765 1266 46 28 jor-

62 1301 48 25 den,
125 1300 61 21 torde
201 1300 118 22 emellertid
335 1307 52 15 vara
402 1301 80 27 egnade
497 1301 33 22 att
544 1300 131 29 ådagalägga
690 1300 56 21 huru
761 1300 48 22 svår

63 1335 48 20 dess
133 1334 198 21 tillfredsställande
349 1334 84 27 lösning
447 1336 30 19 är.
507 1335 37 20 Uti
560 1335 132 20 sistnämnda
706 1335 50 20 land
770 1335 41 20 har

63 1368 41 21 den
119 1367 104 22 alltsedan
245 1366 25 22 är
294 1368 54 20 1809
371 1368 83 27 utgjort
475 1368 31 20 ett
526 1368 94 27 ständigt
637 1367 174 21 återkommande

62 1403 63 21 ämne
140 1402 34 22 för
188 1402 105 22 motioner
307 1402 40 21 och
361 1402 182 28 framställningar
557 1402 35 21 vid
603 1401 140 28 riksdagarne
755 1403 56 20 samt

61 1431 36 28 för
112 1436 62 22 deraf
189 1436 126 22 föranledda
332 1436 139 29 öfverhetliga
485 1436 138 29 stadganden,
639 1443 46 15 som
699 1436 66 22 afsett
779 1437 32 21 att

132 1482 135 19 Sammansatta
280 1483 49 23 Lag-
341 1483 30 18 och
384 1483 180 18 Ekonomiutskottets
577 1483 112 18 betänkande
702 1482 36 18 N:o
753 1481 19 19 4.
