1045 1703
170 139 5 9 i
286 140 79 23 Ständ.
380 140 37 24 Sv.
434 155 27 3 —
478 142 70 28 Prop.
562 142 40 22 N:o
617 143 22 21 6.
791 144 13 20 9

169 203 8 32 i
225 212 38 23 att,
283 210 4 20 i
301 210 102 22 händelse
425 212 69 20 sådan
513 212 57 20 inom
592 211 129 21 kronomark
737 211 96 28 befintlig

179 244 64 20 indre
258 244 98 27 lägenhet
370 244 46 22 icke
431 245 43 21 kan
490 246 34 20 till
540 245 95 28 nybygge
650 246 52 20 eller
716 245 117 27 kronotorp

156 278 103 25 ikrättas,
281 278 123 21 densamma
427 278 38 21 bör
487 280 34 19 till
544 279 83 21 kronan
646 279 115 27 afträdas;
780 279 53 20 dock

155 312 34 20 må
211 312 46 20 icke
280 312 40 20 den
343 312 139 28 innehafvare
503 314 29 26 af
544 313 129 27 lägenheten,
688 320 44 14 som
746 314 37 19 vid
798 313 33 25 af-

154 341 116 32 rbsningen
294 346 86 21 besitter
401 347 130 25 densamma,
547 349 54 18 emot
618 347 35 20 sin
667 347 52 27 vilja
734 346 98 28 afhysas,

155 370 54 42 utan
225 381 105 27 gvarsitta
346 381 70 21 under
431 382 33 20 sin
482 381 71 28 lifstid
568 381 37 21 och
621 381 54 20 hans
691 381 75 20 hustru
777 381 56 27 efter

156 413 84 26 honom,
257 415 31 26 på
306 415 66 27 förut
394 415 103 28 gällande
518 415 76 26 vilkor,
609 415 25 21 så
657 415 62 28 länge
741 415 25 20 de
788 415 44 20 icke

150 446 107 32 Jörgripa
279 449 34 28 sig
334 452 54 19 emot
410 449 96 22 kronans
520 452 51 23 rätt,
588 450 51 20 eller
654 451 8 18 i
677 450 68 27 öfrigt
760 450 73 20 åsido-

154 480 59 33 sätta
231 483 49 21 sina
299 483 160 28 förbindelser;
482 484 110 26 skolande,
607 485 36 20 vid
661 484 57 21 slika
733 484 98 27 lägenhe-

154 519 43 19 tärs
219 517 133 28 afträdande
374 519 36 20 till
427 519 90 25 kronan,
533 518 162 27 innehafvaren,
712 519 69 20 derest
796 519 35 25 af-

155 550 94 24 tiädelse
268 552 70 21 under
352 552 55 22 hans
427 553 71 27 lifstid
512 552 175 28 ifrågakommer,
703 553 57 23 eller,
776 552 55 27 efter

153 585 56 21 hkns
226 585 118 28 frånfälle,
365 586 55 21 hans
442 587 203 27 rättsinnehafvare,
661 586 30 25 af
700 586 84 21 kronan
800 593 32 13 er-

152 622 69 25 sättas
231 619 41 28 för
288 620 45 21 alla
350 620 95 28 odlings-
461 621 38 21 och
514 620 232 28 byggnadskostnader,
757 620 74 27 äfven-

154 650 45 25 såm
221 654 169 27 uppkommande
414 655 73 21 tvister
510 655 81 25 härom,
606 658 56 17 samt
680 654 107 21 huruvida
803 657 28 18 ett

156 687 97 28 nybygge
268 689 51 20 eller
335 691 47 25 torp
397 689 43 20 kan
455 691 78 26 utgöra
548 689 165 27 sjelfbestående
727 688 103 28 lägenhet,

152 723 109 27 upptagas
277 722 37 21 och
330 723 117 21 behandlas
461 724 8 19 i
484 724 40 20 den
540 723 92 28 ordning
648 723 35 28 lag
694 723 37 20 och
736 722 95 28 författ-

152 756 82 28 ningar
245 756 111 27 påbjuda;

172 818 2 2 :
220 793 33 18 att
273 791 45 20 alla
337 791 48 20 med
402 791 308 28 kronoöfverloppsjordarnas
724 791 106 27 provisio-

152 825 50 22 nela
222 824 117 27 afrösande
358 826 58 20 inom
433 825 172 28 ifrågavarande
620 827 32 18 tre
666 825 90 21 socknar
767 825 63 26 före-

183 859 26 20 de
224 859 116 20 kostnader
356 859 105 20 bestridas
476 859 30 27 af
517 859 95 26 kronan;

219 895 40 23 att,
279 895 75 25 genast
376 893 56 26 efter
454 893 35 20 det
507 893 42 20 slik
563 893 134 27 provisionel
714 893 115 27 afrösning

148 924 130 29 fårsiggått,
298 926 278 28 lägenhetsinnehafvarene
593 927 8 20 i
615 927 74 27 hvarje
706 926 123 28 samfällig-

152 959 35 21 hét
210 960 85 21 erhålla
318 961 35 20 till
375 961 40 20 den
438 960 174 28 samfälligheten
631 960 106 27 tillfallna
757 960 72 27 skogs-

151 994 70 25 mark,
238 997 54 18 utan
306 995 102 26 afseende
423 995 52 20 derå
490 997 33 18 att
537 994 238 28 kronoöfverloppsjord
786 995 43 19 till-

152 1023 113 32 äfventyrs
285 1028 120 27 framdeles
427 1028 43 21 kan
492 1028 83 21 komma
592 1030 33 19 att
640 1028 100 27 derifrån
756 1028 73 28 utbry-

151 1055 40 32 ts,
213 1062 70 21 sådan
305 1063 116 28 nyttjorätt
442 1063 53 20 både
510 1063 35 20 till
566 1062 109 27 husbehof
693 1062 37 21 och
748 1062 81 27 afsalu,

150 1095 45 22 söm
211 1097 37 27 lag
263 1097 38 20 och
311 1097 168 28 författningar
494 1097 132 21 tillerkänna
636 1097 97 27 delegare
744 1097 8 20 i
762 1097 67 26 oskijt

150 1131 75 26 mark;

219 1167 33 19 att
273 1165 169 21 socknemännen
465 1165 156 26 tillförsäkras,
636 1167 33 18 att
689 1164 85 21 kronan
793 1165 36 20 vid

150 1199 111 27 biifvande
281 1199 117 28 ordentligt
418 1199 110 26 storskifte
546 1199 38 20 och
597 1198 98 27 definitiv
710 1198 118 27 skattlägg-

150 1233 54 27 ning
220 1234 19 26 e&
253 1233 86 20 mindre
353 1239 107 15 ansvarar
471 1233 42 26 för
522 1233 116 20 kostnaden
648 1233 37 20 vid
694 1233 69 26 sagda
774 1235 54 18 stor-

149 1267 66 28 skäifte
231 1267 36 21 och
283 1267 170 28 skattläggning,
468 1267 47 20 med
530 1267 112 27 undantag
660 1266 30 27 af
707 1267 121 27 ersättning

150 1302 36 23 till
208 1302 26 20 de
257 1301 76 21 dervid
355 1301 78 27 nödige
453 1301 53 27 gode
524 1303 50 18 män
589 1300 37 21 och
641 1300 186 27 handräcknings-

150 1330 107 30 bikträden,
273 1335 73 20 hvilka
361 1336 51 19 böra
427 1335 29 26 af
475 1335 275 27 lägenhetsinnehafvarene
772 1335 54 19 kost-

150 1369 109 27 nadsfritt
280 1368 41 28 för
343 1368 83 21 kronan
447 1370 119 25 presteras,
590 1372 27 17 än
641 1367 62 27 äfven
729 1368 98 27 erlägger

150 1404 46 20 alla
207 1403 149 27 ersättningar
370 1402 36 26 för
421 1402 90 21 skeende
526 1402 301 28 egodelningsrättssamman-

150 1438 85 24 träden,
254 1438 9 20 i
281 1437 48 27 fall
351 1440 32 18 att
405 1436 133 28 klagomålen
562 1436 44 21 icke
623 1443 62 14 anses
701 1436 126 28 obefogade;

83 1473 108 25 äfvensom
205 1471 98 29 slutligen
