1042 1709
251 140 13 20 4
432 142 26 16 U.
474 142 29 17 B.
521 150 26 3 —
563 142 81 21 Prop.
660 141 46 17 N:o
721 142 36 16 20.

290 203 194 31 Borgareståndet

426 252 91 21 beslutit
546 253 32 19 att
608 252 69 20 denna
704 252 11 26 &
750 251 67 21 borde
840 252 121 20 omarbetas

357 287 8 21 i
380 287 37 21 det
432 286 56 27 syfte
508 287 46 20 ”att
568 286 122 21 kostnaden
705 286 34 20 för
754 286 95 26 tiggares
864 286 98 21 hemsän-

358 320 70 21 dande
436 320 54 22 eller
501 320 145 21 befordrande
657 320 33 21 till
699 320 124 21 Guvernörs
831 320 132 27 behandling

357 355 76 21 endast
451 355 7 20 i
477 354 77 22 sådant
571 354 38 21 fall
629 354 35 21 må
678 354 75 27 gäldas
765 354 22 21 af
801 355 37 20 det
853 354 108 26 samhälle,

357 388 87 22 hvarest
466 388 97 27 tiggaren
586 388 39 21 har
647 388 146 26 hemortsrätt,
816 389 32 20 att
863 388 98 26 tiggaren

358 422 86 27 jemlikt
466 422 11 28 8
492 423 14 20 2
520 422 7 21 i
541 422 245 27 författningsförslaget
801 424 24 19 är
839 422 34 20 till
888 422 73 26 fattig-

358 457 54 21 vård
434 456 23 22 af
478 457 59 21 detta
555 456 102 22 samhälle
674 457 131 26 berättigad,
820 462 48 16 men
884 463 78 14 annars

358 491 108 21 bestridas
481 490 23 22 af
517 490 102 27 kronan,"
635 493 55 19 samt
705 493 32 19 att

290 540 169 26 Bondeståndet

424 590 167 21 återremitterat
613 588 45 28 $:en
683 589 34 21 till
740 589 108 21 utskottet
871 589 44 21 "för
930 591 33 19 att

358 624 144 26 omredigeras
517 624 6 20 i
539 624 38 20 det
591 623 56 27 syfte
663 625 31 19 att
709 623 77 21 endast
800 623 120 21 kostnaden
929 623 33 21 för

356 657 158 21 återsändande
537 658 23 20 af
581 657 79 22 sådane
682 658 91 26 tiggare,
797 664 44 14 som
859 664 50 15 vore
928 658 32 20 till

357 692 118 21 understöd
497 692 22 20 af
539 691 144 27 fattigvården
705 692 58 20 inom
782 691 129 22 kommunen
926 691 35 21 be-

356 725 113 27 rättigade,
485 725 52 21 böra
551 726 75 26 gäldas
642 724 23 22 af
679 725 36 21 det
733 725 111 26 samhälle,
865 726 37 20 der
920 725 41 27 tig-

358 765 66 20 garen
438 759 39 21 har
492 759 157 21 hemortsrätt.*

289 792 50 22 Med
354 793 116 27 anledning
485 793 67 27 häraf,
569 794 39 21 och
623 793 28 21 dä
665 793 159 27 Ridderskapet
833 793 39 21 och
880 793 81 21 Adelns

222 827 56 20 samt
298 826 174 22 Bondeständets
494 828 71 20 beslut
586 828 47 21 icke
655 828 147 26 uttryckligen
824 828 36 20 vid
875 827 86 21 handen

222 860 58 27 gifva
295 861 106 22 huruvida
415 862 99 21 bemälda
529 862 68 21 Stånd
612 862 81 27 äsyftat
708 862 77 21 endast
801 862 36 21 det
853 862 57 26 slags
921 862 39 21 fat-

221 895 51 27 tige,
297 901 45 15 som
364 896 12 27 $
393 896 14 20 2
422 896 141 26 omförmäler,
578 896 53 22 eller
646 902 33 15 om
695 896 128 22 kommunen
838 896 67 22 borde
916 896 44 21 vid-

221 928 82 22 kännas
321 929 7 21 i
343 930 62 26 fräga
419 930 94 21 varande
527 930 94 21 kostnad
633 930 80 27 jemväl
728 932 39 19 när
782 930 79 22 sädane
876 930 85 27 tiggare

221 962 134 27 hemsändas,
377 963 74 22 hvilka
472 964 128 21 kommunen
622 964 34 21 väl
677 964 48 21 icke
748 965 67 26 enligt
842 964 11 27 $
878 965 14 20 2
909 970 52 16 vore

221 996 118 27 förpligtad
361 999 32 19 att
415 998 132 26 underhålla,
570 1004 48 15 men
638 998 47 21 dem
700 998 129 22 kommunen
830 992 16 37 i
867 998 38 21 sitt
920 998 40 22 fat-

221 1030 96 27 tigvärds
332 1032 130 26 reglemente
476 1032 146 27 tilläfventyrs
641 1032 43 21 kan
703 1032 64 21 hafva
785 1032 105 21 förklarat
908 1032 53 21 böra

220 1064 58 21 inom:
299 1064 128 22 kommunen
450 1066 82 21 erhålla
553 1066 125 26 fattigvård,
702 1066 39 21 har
763 1066 107 21 utskottet
889 1068 72 20 ansett

221 1098 33 26 sig
276 1098 52 21 böra
353 1098 64 28 lägga
441 1099 84 22 Preste-
548 1100 39 21 och
609 1100 199 26 Borgareständens
830 1100 130 21 härutinnan

221 1132 108 27 tydligare
345 1133 96 21 uttalade
456 1134 85 26 mening
555 1134 34 21 till
604 1134 70 26 grund
689 1134 33 21 för
737 1134 40 21 sitt
791 1134 168 21 redaktionsför-

221 1166 56 27 slag;
300 1166 39 22 och
362 1168 87 21 emedan
473 1168 36 21 det
531 1168 36 21 vid
586 1168 77 21 sädant
678 1168 135 22 förhällande
827 1168 48 22 icke
890 1169 69 21 skulle

220 1200 84 22 komma
326 1200 7 20 i
352 1200 62 28 fräga
435 1202 33 20 att
489 1202 25 26 pä
531 1202 112 21 kommuns
658 1202 121 22 bekostnad
794 1202 118 22 hemsända
927 1203 31 21 sä-

222 1234 54 21 dane
291 1234 91 26 tiggare,
404 1241 46 15 som
465 1235 7 20 i
487 1242 74 15 senare
577 1236 62 21 delen
654 1236 23 20 af
690 1236 12 27 $
720 1236 26 21 39
761 1236 8 20 i
784 1237 117 20 utskottets
917 1237 42 20 för-

220 1266 186 28 fattningsförslag
428 1270 94 24 nämnas,
537 1268 34 21 får
593 1268 107 22 utskottet
717 1269 111 21 vördsamt
846 1270 113 21 hemställa

354 1309 31 17 att
407 1306 79 22 landets
508 1307 113 29 höglofiiga
643 1308 83 22 ständer
748 1309 63 21 måtte
834 1309 79 21 besluta
927 1313 31 17 att

288 1341 21 20 åt
324 1341 8 20 i
346 1340 65 28 fråga
426 1341 91 21 varande
532 1342 83 28 lagrum
628 1342 61 28 gifva
703 1343 95 28 följande
813 1343 85 29 lydelse:

556 1388 11 28 8
586 1389 33 21 39.

353 1428 118 20 Kostnaden
486 1428 35 29 för
535 1428 152 22 hemsändande
702 1430 49 20 eller
771 1430 138 28 befordrande
924 1432 34 20 till

288 1462 142 21 Guvernörens
445 1463 125 29 behandling
585 1465 27 26 af
624 1464 77 21 sådane
717 1465 89 27 tiggare,
821 1466 14 26 $
852 1465 15 21 2
879 1466 75 29 omför-

286 1508 66 23 Bihang
364 1508 28 17 till
403 1509 170 19 Ekonomiutskottets
586 1511 103 17 betänkande
701 1510 33 18 N:o
747 1511 17 17 8.
