1028 1703
307 129 63 22 Ständ.
387 129 29 22 Sv.
434 143 22 4 —
474 130 54 29 Prop.
543 130 31 22 N:o
590 131 31 23 44.
778 131 28 22 23

249 193 76 27 längre
339 195 30 19 än
384 193 35 21 till
433 195 64 20 nästa
510 193 135 28 gästgifveri,
660 194 25 21 de
700 195 8 20 i
717 194 15 28 $
741 195 29 20 20
781 201 54 21 upp-

247 227 99 21 räknade
355 226 49 28 fall
418 227 54 21 dock
486 228 148 27 undantagna.

514 290 15 27 $
544 291 34 20 19.

305 329 82 20 Finnes
408 329 36 21 vid
463 329 99 21 resandes
580 329 98 21 ankomst
692 330 36 20 till
741 329 92 28 gästyif-

247 363 46 20 veri
307 365 34 19 att
354 362 120 28 skjutshäst
488 363 55 28 tagit
557 362 68 22 skada
640 363 52 21 eller
700 364 86 26 störtat,
796 363 38 21 bör

247 396 42 21 den
304 397 9 21 i
327 399 93 19 närvaro
431 396 29 28 af
466 397 41 21 den
518 398 89 20 resande
616 397 39 21 och
664 397 86 22 hästens
764 404 68 22 egare,

248 431 53 21 eller
322 431 42 21 den
385 432 132 26 skjutsande,
540 438 33 14 om
592 438 76 22 egaren
687 431 46 21 icke
747 434 27 18 är
790 432 43 20 till-

246 465 79 27 städes,
348 464 29 28 af
396 466 34 20 tvä
449 465 121 22 tillkallade
586 466 53 28 gode
654 468 50 19 män
720 466 113 28 besigtigas

248 499 39 21 och
301 499 85 21 skadan
400 502 76 20 mätas.
499 499 92 27 Erfares
605 500 84 27 härvid,
704 502 32 19 att
750 500 42 21 den
802 506 31 14 re-

247 534 68 20 sande
329 534 58 21 varit
401 534 73 21 dertill
491 534 106 26 vällande,
613 534 90 21 utbetale
718 534 44 21 han
776 533 57 21 hvad

248 568 81 27 skäligt
346 567 92 28 pröfvas
454 568 52 21 eller
519 568 62 21 ställe
596 567 74 27 derför
684 568 100 28 antaglig
798 570 35 18 sä-

249 601 78 28 kerhet,
349 602 68 21 innan
432 609 74 14 annan
520 602 120 28 skjutshäst
648 602 44 27 fär
707 602 34 21 till
756 602 76 21 honom

248 637 112 20 utlemnas.

305 670 105 26 Resande,
424 677 46 15 som
484 671 69 21 vållat
566 670 68 21 skada
649 671 14 20 ä
673 671 40 20 den
723 670 109 28 skjutsan-

248 705 36 21 des
306 704 71 22 äkdon
398 704 51 21 eller
470 707 89 25 resetyg,
581 704 35 21 mä
633 705 21 27 ej
669 704 65 21 heller
749 704 84 21 erhälla

249 738 48 21 häst
306 738 42 27 för
361 745 74 15 resans
445 738 150 27 fortsättande
605 737 59 28 från
677 738 154 28 gästyifveriet,

243 772 54 28 förr
318 774 30 20 än
369 772 44 21 han
435 772 85 22 skadan
540 772 112 28 godtgjort
666 773 51 20 eller
726 772 42 28 för
782 772 50 22 den-

249 811 88 17 samma
346 807 65 27 nödig
425 806 97 22 säkerhet
536 807 59 21 stält.

307 840 84 22 Skadas
406 841 100 21 resandes
521 841 71 21 åkdon
607 842 51 20 eller
667 844 81 25 resetyg
758 848 75 20 genom

248 875 157 28 skjutskarlens
414 874 149 28 förvållande,
578 878 76 18 ersätte
668 875 68 21 denne
748 875 85 21 skadan

249 909 55 27 efter
318 909 191 21 mätismannaord.

305 944 17 21 I
334 944 46 21 alla
395 944 61 21 dessa
463 943 49 28 fall
521 944 76 21 stånde
607 944 40 21 den
657 944 116 27 missnöjde
777 943 56 27 fritt

249 980 32 19 att
291 979 66 21 målet
367 978 35 21 vid
411 978 92 22 domstol
512 979 36 21 till
558 978 158 28 undersökning
724 978 37 21 och
768 977 64 28 pröf-

250 1013 52 27 ning
317 1013 122 20 instämma.

307 1046 126 27 Skjutskarl
454 1053 50 14 vare
524 1046 86 28 skyldig
632 1049 32 18 att
686 1047 41 21 den
744 1046 89 21 resande

247 1081 91 28 åtfölja,
360 1087 47 15 men
428 1088 34 21 ege
487 1081 21 28 ej
530 1083 46 18 rätt
596 1083 32 18 att
646 1079 56 28 sjelf
717 1080 53 21 köra
784 1081 49 21 sina

248 1115 84 28 hästar,
347 1115 69 21 derest
432 1115 43 20 icke
488 1115 105 21 resanden
607 1115 79 21 sådant
700 1114 86 22 önskar.

514 1178 16 27 $
542 1179 37 20 20.

308 1218 35 21 En
365 1217 53 21 hvar
440 1224 36 21 ege
490 1218 8 20 i
512 1218 50 20 stad
584 1217 51 21 eller
649 1218 33 27 pä
700 1217 74 21 landet
791 1219 45 20 rätt

247 1255 36 18 att
297 1251 84 22 erhålla
396 1251 119 28 skjutshäst
524 1251 42 28 för
579 1252 33 27 sig
627 1251 38 22 och
679 1252 49 20 sina
739 1251 96 28 reseffek-

248 1289 41 24 ter,
304 1293 48 14 men
361 1285 42 28 för
418 1288 110 25 transport
542 1285 30 28 af
583 1292 63 15 varor
661 1285 38 22 och
708 1285 127 28 flyttnings-

251 1321 52 27 gods
324 1323 57 18 samt
402 1323 68 18 annat
492 1320 70 28 dylikt
583 1320 34 20 må
633 1320 20 26 ej
667 1319 120 28 skjutshäst
801 1321 33 19 ut-

247 1353 87 28 gifvas;
349 1353 46 21 icke
409 1353 66 21 heller
489 1360 50 13 vare
552 1353 142 27 dryckesrörd
707 1360 80 19 person
802 1353 32 20 be-

248 1387 101 28 rättigad
363 1389 33 19 att
410 1387 70 21 sådan
494 1386 90 22 erhålla.

310 1421 114 22 Städernes
442 1422 104 20 invånare
564 1420 37 22 och
616 1421 53 26 dem,
684 1427 45 15 som
744 1421 38 21 der
796 1422 39 20 nä-

252 1457 57 27 ring,
331 1455 76 22 embete
423 1456 52 21 eller
490 1456 65 27 tjenst
569 1454 73 28 hafva,
657 1455 52 21 eller
723 1455 61 28 eljest
796 1457 38 19 äro
