1025 1700
332 136 23 23 U.
372 136 23 24 8.
407 148 28 8 —
446 136 64 28 Prop.
528 136 39 24 N:o
583 136 29 23 13.
803 137 11 18 3

91 198 73 24 delsen
182 200 7 21 i
209 200 115 23 utskottets
343 201 224 29 författningsförslag,
586 200 67 29 enligt
672 200 85 22 hvilken
773 200 72 28 kring-

89 234 116 29 strykande
220 235 34 22 väl
268 235 72 22 kunde
355 234 97 24 anhållas
467 235 55 23 både
538 235 23 22 af
570 234 147 24 kommunala-
729 235 40 22 och
779 234 66 28 polis-

90 268 134 28 tjenstemän,
240 277 48 14 men
303 270 102 22 insändas
420 270 76 22 endast
511 270 23 22 af
548 270 26 22 de
589 277 83 19 senare,

216 304 109 22 vördsamt
339 304 90 23 föreslå:

158 354 32 19 att
204 350 124 23 Ständerna
342 354 64 20 måtte
421 356 82 25 antaga
518 360 25 13 en
558 354 25 20 så
593 351 92 29 lydande
695 351 113 22 redaktion
819 352 26 28 af

443 398 46 28 81.

228 432 112 30 Arbetsför
348 433 60 28 finsk
418 433 142 29 medborgare,
569 440 43 14 som
623 436 54 18 utom
688 432 41 22 den
741 432 105 26 kommun,

156 467 37 22 der
208 467 42 22 han
266 468 50 21 eller
330 468 41 21 hon
386 468 41 21 har
439 469 37 20 sitt
485 471 60 19 rätta
555 467 25 22 bo
591 468 37 20 och
637 468 94 25 hemvist,
744 467 101 28 sysslolös

158 502 83 28 stryker
256 502 98 29 omkring
369 506 53 18 utan
437 506 32 18 att
484 504 42 27 äga
542 503 33 21 sin
585 502 101 28 bergning
702 501 29 28 af
737 508 55 22 egna
803 501 41 21 till-

156 538 84 27 gängar
254 537 50 21 eller
318 544 72 22 genom
405 544 84 14 annans
504 536 100 22 värdnad
618 536 38 22 och
666 536 99 28 derjemte
776 536 69 22 beträ-

158 571 36 22 des
209 571 47 22 med
269 571 88 29 osedligt
372 571 51 22 eller
433 572 109 28 vanartigt
553 571 134 28 lefnadssätt,
699 571 67 22 varde
776 573 69 20 såsom

157 605 129 30 lösdrifvare
302 607 30 28 af
342 609 71 19 ortens
420 605 178 30 polismyndighet
608 605 53 22 eller
670 605 30 29 af
707 605 54 27 dem,
772 605 73 22 hvilka

157 640 72 29 tillsyn
248 641 61 28 öfver
328 641 53 21 slike
398 648 101 21 personer
518 641 64 28 enligt
599 639 17 31 S
635 641 12 20 4
666 641 40 28 för
721 640 66 29 öfrigt
803 640 40 21 till-

158 675 97 25 kommer,
275 674 100 23 anhällen
393 675 36 21 och
447 675 25 28 af
483 674 155 30 förstnämnda
652 674 123 29 myndighet
790 681 54 14 ome-

158 709 81 22 delbart
254 710 32 21 till
302 710 149 22 Guvernörens
466 710 9 21 i
489 710 58 21 länet
561 709 126 28 behandling
702 709 85 22 insänd.

158 755 29 22 Af
204 756 100 28 samtliga
326 755 67 24 Ständ
416 757 25 21 är
462 756 33 22 väl
517 757 11 26 $
548 757 24 21 16
594 755 111 29 godkänd;
725 762 48 14 men
799 761 46 15 som

90 790 161 23 Bondeständet
268 792 71 21 ansett
357 791 62 22 ordet
438 791 86 22 tehköön
541 791 7 21 i
564 790 41 22 den
619 789 70 23 finska
703 791 74 21 texten
791 789 54 22 böra

90 824 86 30 utbytas
196 827 44 20 mot
259 825 62 22 ordet
338 826 111 25 vetäköön,
471 825 40 22 och
527 825 59 22 detta
602 825 71 22 beslut
689 825 48 22 icke
755 824 90 22 innebär

90 859 71 30 nägon
179 859 91 30 ändring
288 859 8 22 i
314 860 40 22 sak
373 862 56 20 samt
448 859 108 30 uttrycket
572 859 108 23 dessutom
697 861 25 20 är
737 859 108 29 spräkrik-

90 894 76 28 tigare,
181 895 125 22 hemställer
321 895 114 22 utskottet:

192 944 32 18 att
238 941 25 22 de
278 941 73 29 öfriga
365 941 96 22 Ständen
477 941 48 22 ville
540 941 74 22 härtill
628 940 85 29 bifalla.

158 981 137 22 Beträffande
319 981 120 22 Utskottets
462 981 81 28 förslag
561 983 32 20 att
612 981 124 22 Ständerna
753 983 64 20 måtte
836 981 9 21 i

89 1016 37 21 sitt
141 1015 148 30 underdäniga
304 1023 52 14 svar
369 1018 30 27 pä
414 1016 39 21 den
468 1015 80 30 nädiga
555 1016 160 29 propositionen
729 1015 115 22 anhälla

90 1053 37 23 att,
142 1053 42 19 när
199 1052 69 28 nägra
284 1051 119 28 ändringar
418 1050 102 29 befunnes
534 1050 80 29 nödiga
628 1051 9 20 i
651 1049 40 22 den
701 1049 142 30 författning,

91 1093 44 14 som
154 1085 31 29 af
198 1085 28 22 H.
245 1085 27 21 K.
291 1085 41 22 M:t
351 1086 79 21 komme
450 1088 32 19 att
499 1085 8 21 i
526 1084 216 29 öfverensstämmelse
757 1084 88 22 härmed

91 1121 108 29 utfärdas,
219 1120 124 22 Ständerna
360 1120 68 22 skulle
447 1120 80 22 lemnas
546 1119 86 29 tillfälle
648 1122 31 20 att
695 1120 8 21 i
715 1119 127 30 grundlags-

92 1156 56 28 enlig
164 1155 89 29 ordning
269 1156 8 21 i
291 1155 87 21 ärendet
392 1155 86 29 deltaga
493 1154 40 22 har

162 1201 165 29 Ridderskapet
341 1201 43 23 och
399 1201 70 23 Adeln

294 1241 89 23 beslutit
402 1243 32 20 att
453 1241 40 22 den
512 1241 23 21 af
552 1240 104 23 utskottet
668 1241 123 29 föreslagna
805 1249 38 15 an-

228 1276 72 22 hällan
315 1276 69 22 skulle
399 1275 119 29 uppställas
534 1275 71 23 säsom
620 1276 31 21 ett
666 1276 79 26 vilkor;

162 1323 175 24 Presteständet

297 1356 94 28 godkänt
405 1356 146 22 betänkandet
565 1356 7 20 i
588 1355 67 22 denne
671 1356 45 26 del;

164 1402 194 32 Borgareständet

297 1438 103 23 likaledes
415 1436 96 30 godkänt
525 1436 153 28 betänkandet;
694 1438 56 21 samt

137 1483 76 25 Bihang
223 1484 25 21 till
258 1483 104 21 Sammans,
374 1483 52 24 Lag-
436 1488 17 14 o,
464 1481 176 22 Ekonomiutskottets
650 1481 113 19 betänkande
775 1481 34 20 N:o
821 1480 19 20 2.
