1034 1703
238 154 27 21 12

429 154 64 21 Stäud.
509 153 31 22 Sv.
555 166 29 3 —
598 154 54 27 Prop.
668 153 32 22 N:o
716 154 32 21 11.

377 215 215 22 kommunalstämma
612 215 72 28 blifvit
698 216 8 20 i
720 215 67 22 saken
805 215 54 21 hörd
879 215 39 21 och
933 222 34 13 or-

378 252 45 18 tens
433 249 137 22 Häradsrätt
579 249 101 28 yttrande
690 250 48 21 deri
744 249 99 28 afgifvit,
852 249 115 22 bestämma

377 284 36 21 det
420 284 62 21 antal
489 283 83 28 hästar,
580 284 101 21 hvarmed
688 284 153 28 skjutsningen
848 284 37 21 vid
892 283 75 28 hvarje

377 318 128 28 gästgifveri
526 319 14 20 &
563 319 74 20 landet
658 318 57 21 skall
736 317 174 29 upprätthållas;
931 318 36 21 vid

375 352 135 28 pröfningen
524 352 84 27 hvaraf
618 352 10 20 i
637 351 101 28 afseende
748 352 14 20 ä
772 352 27 21 de
808 352 159 28 gästgifverier,

377 387 38 20 der
429 386 58 22 olika
503 387 63 21 antal
580 386 76 21 hästar
670 386 69 21 under
749 386 60 21 olika
819 386 56 21 tider
885 385 29 28 af
921 386 47 21 äret

377 422 71 26 utgår,
468 420 84 28 hänsyn
572 420 38 22 bör
624 420 64 28 äfven
704 421 35 21 till
754 421 59 21 detta
822 420 146 27 förhållande

377 458 74 24 tagas;
472 454 109 22 hvaremot
602 456 42 20 den
662 455 8 20 i
690 455 15 27 $
720 456 15 20 7
749 454 117 28 påbjudna
887 454 80 28 skjuts-

376 489 186 28 ningsskyldighet
589 490 73 20 andra
682 490 86 27 gången
790 490 9 20 i
820 489 79 28 dygnet
921 488 47 21 med

377 530 83 14 samma
475 523 49 21 häst
539 524 21 27 ej
575 524 35 20 mä
624 524 10 20 i
649 523 118 28 beräkning
783 524 59 27 ingä,
852 526 55 18 utan
917 523 51 21 den-

377 564 83 15 samma
475 558 77 21 endast
561 559 71 20 säsom
642 564 26 14 en
677 558 164 27 reservtillgäng
853 557 113 21 betraktas.

434 592 76 27 Hafva
534 592 48 21 dei
596 592 14 28 $
626 594 14 18 7
654 592 141 27 föreskrifna
817 592 151 27 skjutsningar

378 626 73 28 blifvit
468 627 47 20 med
534 627 25 20 de
576 627 36 20 vid
626 625 128 28 gästyifveri
768 626 109 27 anslagna
892 625 76 21 hästar

377 661 130 25 verkstälda,
526 661 51 20 eller
595 659 113 27 erfordras
722 661 60 26 flera
797 660 76 21 hästar
888 662 29 18 än
932 659 36 21 vid

378 694 128 28 gästyifveri
515 694 77 27 finnas
606 696 34 18 att
654 694 70 27 tillgå,
739 694 58 20 skall
811 693 92 21 resande
915 700 53 13 vara

379 728 122 28 berättigad
515 731 39 25 att,
570 730 54 19 emot
639 728 131 28 erläggande
785 727 29 27 af
825 727 76 21 dubbel
913 728 54 26 lega,

379 762 84 22 erhålla
479 762 125 28 skjutsning
622 762 62 27 ifrån
699 762 26 21 de
739 764 100 19 närmast
851 761 118 28 gästgifve-

379 798 42 20 riet
436 797 91 27 belägna
537 796 237 28 hemmanslägenheter,
785 796 14 21 å
809 796 73 21 hvilka
893 796 76 20 hästar

380 832 28 20 då
419 831 76 27 finnas
511 832 34 20 till
560 831 75 21 hands.
662 830 43 22 Och
718 831 124 21 ankommer
853 830 35 22 det
898 831 13 20 å
925 830 44 20 Gu-

380 868 103 18 vernören
505 868 39 24 att,
567 864 54 28 efter
642 865 122 21 inhemtade
783 865 160 28 upplysningar
961 865 9 20 i

380 902 77 25 ämnet,
467 900 113 27 förordna
595 899 73 21 hvilka
684 899 122 29 lägenheter
822 900 61 20 skola
899 899 70 21 sådan

379 934 124 27 skjutsning
518 936 78 26 utgöra
611 934 39 20 och
664 934 56 20 huru
735 934 81 27 många
831 933 76 21 hästar
923 933 46 21 der-

381 969 34 21 till
430 968 74 21 kunna
519 968 119 28 uppbådas.

436 1001 69 29 Dylik
520 1002 202 27 extra-skjutsning,
737 1002 86 21 hvilken
837 1002 22 26 ej
871 1000 99 27 behöfver

380 1043 45 14 mer
447 1039 29 18 än
498 1043 25 14 en
544 1037 58 27 gång
617 1037 9 20 i
641 1036 79 27 dygnet
738 1037 48 20 med
805 1036 76 27 hvarje
895 1035 75 21 dertill

380 1072 104 27 anslagen
502 1070 50 21 häst
566 1071 133 26 verkställas,
710 1069 111 28 frikallar
835 1070 46 21 icke
897 1070 72 27 lägen-

380 1105 35 21 het
424 1105 59 27 från
497 1108 33 18 att
544 1106 8 19 i
567 1105 232 28 skjutsningsbesväret
813 1104 46 21 lika
873 1104 48 21 med
937 1103 32 28 öf-

380 1140 50 27 riga
445 1139 122 28 lägenheter
581 1140 59 20 inom
654 1139 130 28 skjutslaget
799 1139 93 27 deltaga.

649 1203 16 24 $
684 1202 20 20 5.

438 1242 35 19 På
490 1242 149 19 Guvernörens
648 1241 154 26 förordnande
815 1241 58 19 skall
883 1239 86 21 Krono-

376 1269 85 33 fogden
475 1275 9 20 i
499 1275 91 20 häradet
605 1275 57 26 eller,
678 1275 38 20 der
725 1274 130 27 skjutslaget
865 1273 105 27 omfattar

381 1311 69 19 större
472 1309 94 27 omräde,
588 1309 41 20 den
651 1308 142 28 Kronofogde
812 1308 59 21 inom
890 1307 80 28 skjuts-

381 1344 63 27 laget,
459 1351 45 14 som
521 1343 138 21 Guvernören
674 1344 74 21 dertill
762 1346 65 25 utser,
843 1344 13 19 ä
870 1343 100 27 lämpligt

381 1379 63 21 ställe
466 1379 97 21 anställa
585 1378 89 21 auktion
695 1378 37 25 för
751 1378 162 28 skjutsningens
931 1377 38 21 och

380 1413 266 28 gästyifverihällningens
666 1413 135 28 utbjudande
816 1413 32 28 pä
863 1415 106 24 entrepre-

381 1448 52 26 nad,
443 1448 69 21 under
521 1447 140 28 förpligtelse
671 1450 33 19 att
714 1447 95 22 bestrida
818 1447 152 28 skjutsningen

380 1482 48 21 med
443 1482 145 28 föreskrifvet
609 1483 62 21 antal
692 1483 90 28 dugliga
801 1483 82 25 hästar,
898 1481 72 21 äkdon
