1028 1703
287 133 29 19 U.
328 133 32 18 B.
374 143 22 3 —
409 133 81 23 Prop.
502 133 46 18 N:o
561 132 37 19 19.
757 133 26 20 17

73 204 42 21 gar,
132 200 24 19 än
174 198 64 27 öfriga
253 199 21 20 in
290 199 72 21 natura
377 199 101 27 utgående
493 197 153 28 lönepersedlar.
677 197 11 21 I
703 197 63 28 öfrigt
777 203 36 16 an-

72 240 32 14 ser
114 233 104 21 Utskottet
230 233 42 21 skäl
288 233 126 22 förekomma
429 234 31 21 att
470 233 137 27 uttryckligen
617 233 74 20 betona
702 232 35 21 det
747 233 66 26 prest-

72 268 115 27 aflöningen
203 268 63 27 enligt
284 269 70 27 regeln
373 268 41 28 bör:
429 268 98 21 beräknas
545 267 168 28 hufvudsakligen
729 267 8 21 i
752 274 61 20 span-

71 303 43 21 mål
135 303 37 21 och
195 303 112 27 penningar
328 304 59 25 samt,
412 303 72 21 endast
499 303 35 20 der
556 303 55 20 förut
631 303 22 20 så
673 302 58 27 öfligt
754 303 58 25 varit,

69 337 78 27 jemväl
162 338 7 20 i
185 338 65 27 öfriga
266 338 30 20 uti
312 338 34 26 $:n
361 338 130 27 uppräknade
506 337 108 27 persedlar.

142 372 31 21 Af
186 372 115 28 jemförelse
320 373 87 21 emellan
426 373 12 26 $
454 374 12 20 3
488 379 61 15 mom.
571 374 10 19 1
602 372 37 21 och
658 372 12 26 $
687 373 12 20 7
715 372 97 28 framgår,

72 408 31 20 att
119 408 33 20 det
168 408 7 20 i
191 408 126 21 sistnämnda
337 408 11 26 $
364 408 100 27 ingående
484 407 121 28 stadgandet
625 414 33 14 om
674 407 35 21 der
724 407 88 28 uppräk-

71 443 52 21 nade
138 443 94 21 tiondens
247 443 115 27 utbytande.
378 444 54 20 emot
453 444 53 20 vissa
524 443 66 27 årliga
605 442 82 28 afgifter
703 443 52 21 afser
771 443 42 21 för-

71 478 98 28 vandling
188 478 22 21 af
226 478 58 22 dessa
304 478 90 27 tionden,
416 478 78 22 hvilkas
512 478 74 27 belopp
606 478 63 28 enligt
688 478 125 21 närvarande

72 514 153 27 bestämningar
240 516 22 19 är
277 514 105 26 variabelt,
399 514 33 21 till
447 514 85 21 fixerade
549 514 88 27 afgifter,
658 513 102 28 utgående
776 520 37 14 an-

71 549 71 27 tingen
158 549 7 21 i
180 549 118 28 penningar,
315 549 94 27 spanmål
424 549 48 21 eller
488 549 24 21 de
528 549 66 27 öfriga
604 549 107 27 persedlar,
728 549 85 21 hvarom

71 585 7 20 i
94 585 11 26 $
123 585 12 21 3
151 584 63 26 talas;
230 591 47 15 men
294 585 84 21 emedan
393 585 103 27 uttrycket
514 584 107 28 ”afgifter"
638 585 97 27 möjligen
746 584 67 21 kunde

73 620 85 21 sålunda
178 620 71 26 tolkas,
272 621 30 20 att
322 620 154 27 ifrågavarande
496 620 82 27 utlagor
599 620 131 28 ovilkorligen
751 620 62 21 borde

72 656 125 21 bestämmas
215 656 7 20 i
241 656 118 27 penningar,
381 656 37 21 har
437 656 105 21 Utskottet
562 656 67 21 ansett
652 655 31 28 sig
701 656 50 21 böra
769 656 44 21 till-

71 691 68 27 styrka
155 697 24 15 en
196 690 62 22 sådan
277 691 149 27 omredigering
442 690 22 22 af
482 691 12 27 $
511 692 19 24 7,
547 691 31 20 att
594 690 44 21 dess
654 690 89 28 antydda
758 691 55 21 rätta

71 726 83 27 mening
173 726 115 27 otvetydigt
306 726 121 27 framginge.
464 726 109 21 Dessutom
594 726 36 20 bör
650 726 85 21 framför
756 726 57 21 ordet

73 761 147 21 *naturalster*
241 761 99 27 inskjutas
358 761 95 26 "andra,"
472 761 84 21 emedan
572 762 45 20 näst
633 761 55 21 förut
705 762 108 20 omordade

71 796 68 22 tionde
155 796 58 21 äfven
228 796 61 28 utgår
304 796 7 21 i
326 796 128 21 naturalster.

142 827 65 26 Äfven
223 832 7 20 i
246 832 12 26 $
275 832 13 21 8
304 832 36 21 bör
351 832 64 28 enligt
425 832 116 21 Utskottets
556 832 84 28 mening
655 832 31 21 för
701 832 111 28 tydlighets

71 868 52 21 skull
139 868 62 21 sådan
216 868 118 27 förändring
344 868 8 20 i
362 868 130 21 redaktionen
503 868 99 27 vidtagas,
617 868 31 21 att
658 868 61 21 orden
733 868 80 21 "hvilka

71 904 30 20 för
117 903 47 21 dem
180 904 104 27 erläggas"
306 903 82 28 utbytas
405 903 57 28 emot
480 904 80 20 "hvilka
580 904 31 20 för
626 904 58 21 dessa
701 904 112 21 inrättnin-

71 946 36 20 gar
123 938 37 22 och
177 938 22 22 af
212 938 89 22 nämnda
317 944 94 22 personer
427 939 112 27 erläggas."

141 974 45 21 Den
202 974 7 20 i
228 974 11 27 $
257 976 11 20 9
288 974 100 28 ingående
404 974 132 27 föreskriften,
558 974 31 21 att
604 974 100 22 ordinarie
724 975 55 27 prest
801 974 12 22 &

70 1009 69 21 landet
159 1010 59 25 skall,
243 1010 35 20 der
299 1010 17 27 ej
336 1010 85 20 boställe
441 1009 31 21 för
490 1010 75 20 honom
583 1010 39 20 kan
642 1010 49 21 utan
711 1010 102 27 synnerlig

71 1045 103 27 svårighet
195 1044 105 26 anskaffas,
325 1045 23 20 af
364 1045 145 28 församlingen
530 1045 62 21 förses
613 1045 46 21 med
681 1045 132 28 boningsrum

68 1080 65 27 jemte
153 1079 75 28 nödiga
246 1080 67 25 uthus,
337 1080 94 27 lämpade
455 1081 51 20 efter
528 1080 66 21 tidens
615 1080 119 28 fordringar,
759 1081 54 21 samt

70 1115 53 21 vissa
139 1115 63 21 andra
221 1115 129 27 uppräknade
369 1115 108 27 förmåner,
500 1122 57 21 synes
578 1116 32 21 väl
630 1122 74 21 genom
725 1116 24 21 de
771 1116 42 21 deri

70 1150 119 28 begagnade
210 1150 104 21 allmänna
333 1150 83 28 ordalag
434 1151 68 21 kunna
520 1151 69 21 lemna
608 1158 45 14 rum
669 1151 32 21 för
715 1151 97 28 misstyd-

70 1186 49 27 ning
135 1185 37 21 och
188 1185 84 21 sålunda
287 1185 97 28 möjligen
401 1186 107 21 framkalla
522 1187 72 20 tvister
608 1187 85 20 emellan
710 1187 54 26 prest
775 1187 38 21 och

69 1221 51 21 hans
143 1221 187 26 församlingsboer;
358 1227 47 15 men
429 1221 129 22 alldenstund
578 1221 105 22 Utskottet
706 1222 51 21 trott
781 1222 31 27 sig

69 1256 69 21 kunna
153 1256 50 26 hysa
218 1255 37 21 den
272 1255 141 28 förhoppning,
431 1257 31 20 att
478 1263 24 14 en
512 1257 171 27 boställsordning
699 1257 31 20 för
745 1257 66 27 prest-

69 1291 59 20 bolen
144 1291 8 20 i
166 1290 75 26 landet,
258 1291 84 20 hvarom
359 1291 58 20 äfven
429 1291 38 21 den
478 1291 82 26 komité,
577 1297 43 15 som
634 1292 104 21 utarbetat
749 1298 62 21 grun-

69 1325 39 22 den
130 1325 33 21 till
190 1325 130 21 förevarande
348 1326 214 26 författningsförslag,
590 1327 64 26 enligt
675 1327 54 20 hvad
753 1327 58 21 ofvan

69 1361 88 24 nämnts,
178 1360 36 20 hos
229 1360 59 20 Hans
304 1360 114 27 Kejserliga
434 1360 96 27 Majestät
549 1361 8 19 i
577 1361 162 27 underdånighet
753 1362 58 20 hem-

69 1395 62 26 ställt,
152 1395 92 20 kommer
264 1394 30 21 att
313 1395 7 20 i
340 1395 128 27 vederbörlig
489 1395 87 28 ordning
599 1395 152 29 ävägabringas,
776 1396 37 22 har

69 1430 105 22 Utskottet
190 1430 66 21 ansett
272 1429 24 22 de
313 1432 93 19 närmare
422 1430 244 29 detaljbestämningarna
685 1432 30 21 uti
735 1432 76 28 ifräga-

68 1466 75 21 komna
159 1465 92 22 afseende
267 1466 119 27 lämpligast
401 1466 68 21 kunna
484 1466 31 21 uti
531 1473 24 14 en
566 1467 62 21 sådan
639 1467 173 29 boställsordning

133 1513 129 18 Sammansatta
275 1513 46 23 Lag-
334 1514 28 17 och
376 1513 172 18 Ekonomiutskottets
561 1515 106 18 betänkande
679 1515 36 18 N:o
729 1515 16 19 6.

671 1551 10 18 2
