1028 1709
419 149 28 18 U.
463 149 30 18 B.
508 158 25 4 —
549 150 83 22 Prop.
647 148 47 19 N:o
712 150 38 17 14.

347 214 207 27 jernvägsstationer
571 214 8 21 i
599 214 74 21 landet
692 214 55 21 eller
766 213 129 21 åtminstone
913 213 43 21 sta-

349 248 158 22 tionscheferne
525 249 39 21 och
584 247 257 28 stationsinspektorerne
860 246 96 28 skyldig-

348 282 83 22 kännas
449 284 33 20 att
500 285 108 25 emottaga
626 283 40 21 och
684 282 92 22 afsända
790 282 112 21 lösväskor
917 280 40 22 och

347 316 58 27 bref;

281 367 175 25 Presteståndet

414 422 97 27 godkänt
529 423 118 21 utskottets
665 422 146 26 betänkande,
832 421 72 22 såvidt
919 422 37 21 det

349 458 60 20 rörer
424 457 118 21 utskottets
557 456 82 28 förslag
654 457 44 21 "att
713 456 121 22 Ständerna
848 456 69 22 måtte
924 456 32 21 bi-

347 490 53 22 falla
422 491 34 22 till
479 492 41 21 den
542 492 79 26 nådiga
639 492 170 27 propositionen,
826 491 7 21 i
854 492 27 20 de
896 490 60 22 delar

348 525 41 21 den
404 525 73 22 blifvit
491 526 34 21 till
541 526 62 22 deras
618 526 123 27 antagande
756 525 153 27 öfverlemnad,
917 531 39 15 un-

348 559 38 22 der
401 560 106 22 förbehåll
523 562 32 20 att
569 561 8 21 i
592 560 140 27 inledningen
747 560 34 22 till
797 560 41 22 den
847 559 47 22 deri
900 559 56 22 före-

348 594 76 28 slagna
445 594 155 28 förordningen
622 595 139 21 omnämndes
783 596 33 20 att
832 593 124 23 Ständerna

347 628 81 22 lemnat
443 629 40 22 sitt
497 630 62 22 bifall
574 630 40 21 och
628 630 111 28 samtycke
753 629 35 22 till
807 629 149 27 stadgandena

347 663 8 21 i
370 664 25 27 $$
410 664 75 26 1—6%;
500 667 56 19 samt
571 665 104 27 derjemte

416 698 91 22 beslutit
528 700 34 21 till
584 700 119 26 uttalande,
727 700 7 21 i
750 700 37 22 det
806 699 150 28 underdäniga

348 734 79 26 svaret,
442 733 23 22 af
479 734 42 21 den
536 734 89 27 önskan,
641 736 33 20 att
684 734 87 22 Statens
779 734 176 27 postinstitution

347 768 67 21 mätte
429 768 7 21 i
451 770 108 20 närmaste
574 768 89 22 framtid
677 769 90 27 bringas
774 769 35 21 till
817 769 42 21 den
866 769 88 21 utveck-

346 802 52 27 ling,
421 805 33 19 att
476 803 123 27 derigenom
614 803 278 28 häradspostinrättningen
908 810 47 15 suc-

348 837 79 22 cessivt
441 837 40 22 och
496 838 25 21 sä
535 840 61 20 snart
611 844 45 16 som
670 838 87 28 möjligt
771 838 87 28 gjordes
866 838 89 22 obehöf-

346 871 40 28 lig;
401 878 49 16 men
465 872 7 22 i
488 872 67 28 öfrigt

414 907 59 22 velat
486 906 65 24 hafva
565 908 8 21 i
582 909 72 21 svaret
663 908 90 29 intagen
761 908 42 21 den
811 907 143 27 bestämning,

346 942 33 21 att
394 941 42 22 den
451 942 7 21 i
473 942 90 22 ärendet
577 941 154 23 utkommande
747 942 129 28 författning
884 942 70 22 skulle

345 976 121 23 fastställas
481 978 32 20 att
528 977 57 27 gälla
599 978 77 21 endast
690 978 8 20 i
713 977 31 21 tio
760 977 35 26 är;

278 1026 196 30 Borgareständet

412 1082 8 21 i
435 1082 70 22 likhet
519 1082 48 22 med
582 1082 161 27 Ridderskapet
757 1082 40 22 och
812 1082 71 22 Adeln
901 1083 53 27 god-

345 1115 54 21 känt
419 1116 162 22 reservationen
603 1118 45 19 mot
670 1116 121 22 utskottets
809 1116 144 26 betänkande,

345 1156 48 15 men
408 1150 8 20 i
431 1150 67 27 öfrigt

413 1184 60 22 velat
486 1184 65 22 hafva
565 1184 85 22 uttalad
665 1184 42 22 den
723 1184 145 28 öfvertygelse
883 1186 33 20 att
926 1190 27 16 en

345 1224 51 16 snar
410 1219 183 27 omorganisation
608 1218 23 22 af
643 1219 127 27 postverket
784 1218 56 22 skall
855 1220 53 26 göra
916 1218 37 22 hä-

346 1252 248 28 radspostinrättningen
609 1253 118 26 obehöflig,
743 1253 39 21 och
800 1254 7 19 i
822 1252 54 28 följd
892 1254 63 20 deraf

414 1286 83 27 antagit
519 1287 8 21 i
542 1287 63 27 fräga
619 1287 95 21 varande
729 1286 223 28 författningsförslag

344 1320 34 22 för
401 1327 26 16 en
448 1320 33 22 tid
503 1320 24 22 af
540 1321 78 22 endast
632 1320 43 23 fem
690 1321 31 28 år,
735 1321 95 23 räknadt
843 1321 49 23 från
908 1322 42 21 den

345 1355 42 28 dag
409 1355 156 28 författningen
585 1356 42 22 kan
642 1356 85 23 komma
741 1358 34 21 att
790 1357 63 22 träda
867 1356 8 22 i
890 1356 62 24 verk-

344 1390 94 28 samhet;
453 1392 56 21 samt

276 1442 171 26 Bondeständet

411 1496 97 28 godkänt
522 1497 148 23 betänkandet
684 1498 8 22 i
707 1499 71 22 denna
793 1498 42 23 del.

278 1542 65 24 Bihang
350 1543 29 17 till
385 1543 175 19 Ekonomiutskottets
567 1543 111 19 Betänkande
687 1544 36 18 N:o
734 1545 17 17 2.
