1031 1700
389 156 56 22 N:o
463 154 46 24 15.

348 392 67 23 Hans
432 392 148 30 Kejserliga
595 394 136 27 Majestäts
747 393 78 31 nådiga

279 426 132 29 proposition
433 426 31 24 till
483 426 100 24 Finlands
605 428 94 29 Ständer,
718 426 107 32 angående

278 466 27 17 en
320 460 129 29 förordning,
463 461 144 26 innefattande
617 462 75 29 tillägg
703 462 31 23 till
746 460 78 32 nådiga

278 493 151 29 förordningen
451 500 32 18 om
502 495 276 31 kommunalförvaltningen
797 496 27 29 på

280 528 75 29 landet,
370 528 73 28 gifven
459 529 38 23 den
514 530 12 22 6
542 529 102 24 Februari
657 530 60 24 1865.

146 596 41 22 Till
203 596 146 27 befrämjande
361 597 22 21 af
392 597 93 27 lindring
496 599 7 20 i
513 598 227 23 landskommunernas
751 604 71 22 onerå,

74 631 110 21 äfvensom
206 631 136 21 undvikande
365 631 22 21 af
409 632 58 21 olika
489 633 135 26 tillämpning
641 633 49 21 utaf
704 634 26 21 de
744 634 7 20 i
768 634 10 27 8
795 635 26 20 39

74 671 62 16 mom.
154 665 12 20 &
182 667 54 19 samt
251 665 7 20 i
274 665 11 27 8
301 667 26 20 66
343 666 24 20 af
379 666 79 27 nådiga
472 666 153 27 förordningen
641 668 109 25 angående
763 668 59 21 kom-

74 699 231 26 munalförvaltningen
327 699 28 26 pä
375 699 80 26 landet,
471 700 70 26 gifven
557 701 40 20 den
613 702 12 19 6
641 701 103 21 Februari
762 702 59 25 1865,

73 733 174 22 förekommande
270 733 132 26 stadganden
425 740 34 15 om
477 734 212 21 kommunalnämnds
705 736 18 25 ej
739 735 83 21 mindre

73 768 129 27 befogenhet
220 769 32 19 att
270 767 121 22 handhafva
409 769 129 26 uttaxering,
557 769 98 26 uppbörd
673 769 39 20 och
727 769 94 21 redovis-

73 803 51 26 ning
146 801 34 22 för
203 801 135 21 kommunala
357 802 74 26 medel,
449 804 26 19 än
491 803 112 26 äliggande
619 805 38 24 att,
672 803 8 20 i
696 803 99 21 afseende
810 803 13 20 &

73 835 117 28 indrifning
209 835 22 21 af
248 835 41 21 den
307 835 34 21 del
356 835 48 22 utaf
419 835 71 27 dylika
505 836 75 26 medel,
597 842 44 15 som
652 836 47 21 icke
709 836 71 21 blifvit
790 843 32 14 er-

74 869 50 28 lagd
147 870 39 21 och
208 870 18 26 ej
249 869 68 21 heller
339 869 22 21 af
380 870 214 21 kommunalstämma
613 870 123 26 afskrifven,
755 870 67 21 anlita

73 904 160 22 vederbörande
252 903 145 27 Kronofogde,
416 904 39 20 har
471 903 101 22 Finlands
587 904 33 21 vid
638 904 99 21 sednaste
752 904 69 21 landt-

74 939 42 26 dag
131 938 129 21 församlade
275 937 138 21 Bondeständ
430 939 72 19 ansett
516 938 92 21 berörda
623 939 133 25 stadganden
771 943 52 16 vara

72 973 7 20 i
95 972 65 22 behof
181 971 23 22 af
224 971 91 27 ändring
330 972 7 20 i
353 971 36 21 det
413 971 55 26 syfte
491 973 32 19 att
537 971 154 21 kommunerna
706 972 28 26 pä
749 971 72 22 landet

72 1007 148 26 berättigades
234 1006 47 21 icke
297 1006 90 21 allenast
403 1007 32 19 att
450 1005 44 21 låta
509 1011 76 21 genom
601 1006 48 21 sina
660 1012 54 20 egna
724 1005 96 28 myndig-

73 1041 61 21 heter
155 1041 98 26 uppbära
272 1039 59 21 såväl
351 1039 25 21 de
394 1039 35 21 vid
444 1039 215 21 kommunalstämma
674 1040 99 21 beslutna
788 1042 32 19 ut-

74 1075 92 27 skylder,
183 1080 45 15 som
243 1074 40 20 ock
298 1073 124 25 brandstod,
439 1073 202 27 snöplogningslega
651 1074 39 20 och
700 1074 42 20 alla
753 1073 69 27 öfriga

73 1109 33 22 till
121 1109 164 21 kommunernas
301 1107 98 21 enskilda
413 1107 66 21 behof
493 1107 146 26 erforderliga,
654 1113 47 15 men
716 1108 39 21 hos
771 1108 49 21 dess

74 1143 138 21 medlemmar
233 1142 23 20 af
277 1148 69 14 annan
369 1141 123 26 myndighet
511 1141 148 21 utdebiterade
677 1142 75 25 medel,
768 1143 52 19 utan

73 1177 62 21 äfven
158 1178 38 23 att,
220 1176 53 20 efter
295 1175 126 25 ausökning,
445 1174 22 20 af
487 1174 138 21 Guvernören
640 1175 7 19 i
662 1175 58 20 länet
740 1175 80 21 erhälla

74 1210 144 22 förordnande
240 1209 33 20 för
293 1208 93 21 särskild
404 1208 109 25 exekutor,
530 1208 23 20 ät
567 1208 86 20 hvilken
667 1208 118 26 indrifning
800 1209 23 20 af

72 1244 100 21 obetalde
187 1242 241 26 kommunalutskylder,
445 1243 56 19 emot
517 1241 104 20 ställande
635 1241 81 26 borgen
731 1242 38 20 och
780 1242 41 20 den

74 1277 100 27 aflöning,
189 1276 88 21 hvarom
292 1276 128 20 kommunen
435 1274 39 21 och
485 1274 201 28 uppbördsmannen
697 1274 33 26 sig
740 1275 80 25 förena,

74 1312 72 21 kunde
162 1310 116 25 ombetros;
295 1309 92 21 hvarhos
402 1308 167 26 Bondeständet,
585 1308 24 20 af
622 1308 68 20 denna
700 1308 120 26 anledning,

74 1345 32 20 uti
122 1350 26 14 en
163 1344 33 20 till
212 1344 59 19 Hans
287 1342 120 26 Kejserliga
422 1342 102 24 Majestät
539 1340 64 21 ställd
619 1340 63 21 skrift
700 1341 4 19 i
716 1341 104 20 underdä-

74 1378 74 26 nighet
159 1376 90 21 anhällit
258 1377 33 19 att
300 1375 65 26 nädig
374 1374 134 27 proposition
519 1374 7 20 i
536 1374 143 26 nyssnämnda
689 1373 55 26 syfte
754 1374 67 20 mätte

74 1412 84 21 landets
174 1410 55 22 först
244 1408 199 23 sammanträdande
461 1408 90 20 Ständer
565 1407 127 27 föreläggas.

149 1445 42 21 Vid
207 1443 155 27 öfvervägande
373 1442 22 22 af
403 1442 57 21 hvad
469 1441 161 22 Bondeständet
639 1441 31 21 uti
681 1441 140 21 omförmälda

76 1479 65 23 skrift
156 1478 76 26 anfört,
248 1478 39 20 har
302 1477 59 21 Hans
375 1476 120 27 Kejserliga
505 1475 102 27 Majestät
616 1474 72 22 funnit
696 1475 125 27 uppbörden
