1034 1700
316 130 31 20 U.
365 131 31 19 B.
414 143 25 3 —
456 133 85 24 Prop.
559 134 48 20 N:o
623 136 27 18 3.
799 138 22 18 41

171 195 40 24 het,
229 196 81 21 behålle
325 204 25 13 en
367 198 53 20 hvar
435 200 30 25 af
477 200 52 26 dem,
546 208 32 13 om
594 204 68 18 annat
678 203 19 26 ej
713 203 70 26 blifvit
795 204 59 27 afta-

172 229 53 25 ladt,
241 230 35 21 sin
291 231 170 28 utgifningsrätt
476 234 36 20 till
526 235 38 20 sitt
580 235 78 27 bidrag
674 235 137 27 oförkränkt.

488 297 15 26 $
518 298 19 19 6.

239 333 34 26 Är
295 335 67 34 skrift
383 341 113 28 samtidigt
516 342 120 21 utkommen
652 344 31 26 på
703 344 58 21 olika
779 345 73 27 språk,

171 371 73 22 hvilka
259 373 14 20 å
289 373 126 22 titelbladen
434 376 128 27 uppgifvits,
577 377 59 20 skall
650 378 40 21 den
705 385 63 14 anses
783 379 68 22 såsom

166 405 115 28 författad
296 407 14 20 å
325 407 74 28 hvarje
415 409 29 27 af
455 410 62 21 dessa
532 411 73 27 språk.

244 440 175 29 Utgifningsrätt
435 444 34 20 till
485 444 96 21 inhemsk
592 445 135 27 författares
742 447 67 27 skrift
819 448 33 21 in-

171 474 66 21 nebär
253 475 37 20 ock
304 478 46 18 rätt
365 479 33 18 att
413 479 46 19 med
475 479 83 21 andras
573 480 138 21 uteslutande
720 481 87 27 utgifva
819 481 34 27 öf-

170 509 134 28 versättning
319 510 70 27 deraf
399 512 70 20 under
483 512 48 21 hela
545 513 141 27 skyddstiden
702 515 36 20 till
747 515 106 21 inhemskt

170 542 73 27 språk,
266 546 56 18 samt
336 544 9 20 i
355 544 48 26 fem
421 546 26 19 år
467 546 57 26 efter
545 547 35 20 det
598 547 94 27 skriften
703 548 62 27 först
780 549 72 21 utkom

172 577 35 20 till
229 580 70 18 annat
317 578 73 27 språk.
420 579 16 21 I
449 580 97 21 Finland
566 585 38 17 äro
618 582 77 26 finska
711 582 37 21 och
763 583 89 21 svenska

171 611 92 26 språken
281 614 32 18 att
327 613 70 20 såsom
413 613 110 22 inhemska
539 622 69 14 anses.

239 640 34 25 Är
279 636 15 41 &
317 646 98 21 titelblad
431 648 35 20 till
476 649 102 20 utländsk
589 645 132 36 författares
733 645 66 36 skrift
809 645 44 36 för-

172 679 71 21 behåll
261 680 76 27 gjordt
353 687 33 14 om
401 684 45 18 rätt
461 685 33 18 att
508 682 84 28 utgifva
608 683 158 28 öfversättning
782 681 70 35 deraf,

170 713 59 28 gälle
248 714 70 21 sådan
334 717 45 18 rätt
396 716 6 20 i
413 716 48 26 fem
477 717 26 20 år
517 716 55 28 efter
588 717 34 21 det
637 717 95 28 skriften
742 718 62 27 först
819 721 34 19 ut-

171 748 54 20 kom.

487 802 14 26 $
515 803 21 20 8.

239 839 74 28 Enligt
327 840 160 28 propositionen.

461 905 19 20 3
495 906 70 25 Kap.

228 950 30 19 Om
274 949 39 20 rätt
327 951 28 18 att
370 949 102 20 efterbilda
487 950 45 20 verk
548 950 22 20 af
582 950 113 25 tecknande,
710 951 87 20 målande

401 990 49 20 eller
465 990 80 25 plastisk
560 990 63 20 konst.

481 1042 15 26 $
511 1042 34 19 15.

241 1080 113 20 Konstnär
370 1080 129 20 tillkommer
513 1080 137 21 uteslutande
660 1082 46 19 rätt
717 1083 32 18 att
759 1082 38 20 sitt
808 1084 43 24 ege!

172 1114 35 21 till
222 1114 124 25 tecknande,
362 1114 101 21 målande
479 1114 52 21 eller
542 1114 96 27 plastisk
649 1114 99 21 konstart
757 1114 96 22 hörande

171 1148 50 21 verk
236 1149 9 19 i
259 1155 82 14 samma
361 1151 100 18 konstart
480 1149 35 20 till
530 1149 140 26 försäljning
689 1149 110 28 eftergöra
815 1149 37 21 och

171 1185 33 18 att
220 1183 71 20 denna
306 1183 35 19 sin
355 1184 46 18 rätt
416 1183 35 20 till
467 1189 75 14 annan
557 1183 113 25 öfverlåta.

241 1216 112 21 Konstnär
376 1215 65 28 hafve
464 1216 36 20 ock
523 1216 115 21 enahanda
661 1218 46 19 rätt
726 1219 33 18 att
777 1224 74 20 genom

170 1249 145 28 kopparstick,
330 1250 105 25 stålstick,
451 1251 91 26 etsning,
558 1250 114 28 stentryck,
684 1251 52 20 eller
742 1252 32 26 på
785 1254 68 18 annat

171 1285 81 20 sådant
275 1286 50 23 sätt,
345 1284 52 21 eller
417 1284 87 21 medelst
524 1284 108 27 oljetryck,
648 1284 134 28 afgjutning,
793 1285 60 26 foto-

170 1318 65 27 grafi,
247 1319 53 19 eller
310 1325 75 13 annan
395 1318 62 27 dylik
468 1319 80 26 ätgärd
560 1319 45 20 läta
614 1318 108 27 ätergifva
731 1319 38 20 och
777 1320 76 26 mäng-

166 1351 91 28 faldiga
273 1351 156 27 efterbildniny
444 1351 30 26 af
485 1352 37 19 sitt
538 1354 45 25 eget
599 1351 119 21 konstverk.

240 1385 48 20 Den
310 1387 51 23 rätt,
384 1391 45 14 som
443 1385 9 20 i
467 1385 71 20 denna
556 1386 16 27 $
586 1386 143 26 omförmäles,
752 1386 101 27 tillgodo-

172 1420 59 27 njute
247 1419 131 21 konstnären
394 1419 69 21 under
477 1419 35 21 sin
528 1419 74 27 lifstid
616 1422 57 19 samt
684 1420 54 21 hans
749 1421 55 20 enka
815 1420 38 22 och

172 1453 116 28 arfvingar
303 1454 8 20 i
327 1454 71 20 trettio
415 1454 26 20 är
456 1453 55 27 efter
527 1454 55 21 hans
597 1454 49 21 död.

177 1494 137 23 Lagutskottets
327 1493 112 19 betänkande
450 1499 31 12 n:o
493 1495 16 17 8.
773 1524 9 9 N

761 1526 10 15 3
