1023 1700
214 137 26 20 12
397 135 28 18 U.
438 135 31 17 B.
483 144 21 3 —
517 134 82 23 Prop.
611 133 47 18 N:o
670 132 37 18 19.

184 200 11 20 å
211 200 62 21 sättet
289 200 31 21 för
335 200 181 27 prestaflöningens
533 198 118 29 utgörande,
670 198 47 21 eller
727 197 47 22 leda
783 196 34 22 till
832 197 30 21 ett
877 202 46 15 var-

184 235 65 27 aktigt
265 234 102 22 ordnande
387 235 22 21 af
425 235 66 21 denna
510 234 154 28 angelägenhet,
686 232 95 22 bemälda
797 232 65 22 Stånd
881 231 44 21 icke

182 270 67 21 kunde
265 270 108 28 godkänna
388 270 130 21 merberörda
536 270 86 27 förslag;
640 269 64 27 jemte
721 268 34 22 det
770 268 101 28 Borgare-
888 268 37 20 och

182 305 157 21 Bondestånden
355 305 66 21 tillika
435 306 92 20 uttalade
543 305 39 21 den
598 303 139 28 underdåniga
753 304 82 25 önskan,
853 303 31 21 att
899 309 26 21 ny

183 340 125 28 proposition
323 341 8 21 i
346 342 75 25 ämnet,
441 341 69 28 byggd
529 340 26 28 på
570 340 135 28 grundsatsen
721 339 31 21 att
767 338 160 28 presterskapets

182 376 91 27 aflöning
292 376 62 21 borde
375 376 98 22 beräknas
494 377 38 21 och
552 376 83 28 utgöras
656 375 50 21 efter
726 374 175 22 invånareantalet
919 374 8 20 i

182 412 180 27 församlingarna,
390 412 65 21 måtte
477 412 80 21 landets
581 412 46 20 näst
651 410 61 27 derpå
735 409 192 22 sammanträdande

183 447 89 22 Ständer
288 447 9 21 i
316 447 63 21 nåder
401 447 121 28 föreläggas.
561 447 55 21 Enär
640 445 113 22 Ständerna
776 445 85 22 sålunda
883 445 44 20 icke

183 483 82 21 kommo
289 483 32 21 till
345 483 222 22 sammanstämmande
590 483 66 21 beslut
679 482 37 21 och
739 481 54 28 förty
813 481 16 27 ej
852 481 75 27 antogo

183 518 158 28 propositionen,
358 519 30 21 lät
403 519 58 21 Hans
477 519 116 28 Kejserliga
608 518 97 27 Majestät
721 517 73 28 frågan
809 516 88 22 förfalla.

255 554 33 22 Då
303 554 114 22 emellertid
435 554 159 29 olägenheterna
613 553 22 22 af
652 554 34 21 det
705 553 94 28 gällande
818 552 63 22 sättet
896 551 32 22 för

182 590 183 28 prestaflöningens
385 590 114 28 utgörande
520 590 85 22 sålunda
626 588 125 22 fortfarande
767 588 107 28 gvarstodo
891 588 38 21 och

184 626 8 20 i
208 626 37 20 allt
259 626 127 21 kännbarare
401 625 51 28 grad
467 626 70 27 gjorde
554 626 31 27 sig
601 625 101 27 gällande,
720 624 137 22 framställdes
872 624 57 20 inom

183 661 83 21 Preste-
288 661 38 21 och
346 661 157 21 Bondestånden
525 661 34 21 vid
582 661 55 21 1872
659 660 32 22 års
711 660 100 27 landtdag
831 658 98 23 särskilda

186 696 179 28 petitionsförslag,
389 696 105 27 åsyftande
518 703 44 15 mer
585 696 48 21 eller
656 695 78 22 mindre
755 694 174 29 genomgripande

186 731 97 21 reformer
298 731 31 21 uti
345 732 75 25 ämnet,
436 732 8 20 i
459 731 90 27 enlighet
561 731 47 21 med
618 731 53 21 vissa
682 731 109 25 allmänna,
809 730 23 21 af
845 730 84 27 petitio-

186 768 85 20 närerne
290 766 124 22 framhällna
433 766 159 29 önskningsmäl.
627 766 31 21 På
673 766 66 28 grund
754 765 61 22 häraf
828 766 38 21 och
881 767 48 20 enär

186 802 25 20 de
227 802 26 21 då
268 802 122 21 församlade
402 801 115 22 Ständerna
533 802 76 27 ansågo
628 801 132 21 förevarande
771 800 79 29 vigtiga
866 806 63 22 ange-

186 837 96 27 lägenhet
297 836 44 22 icke
356 837 50 21 böra
420 838 79 20 lemnas
515 838 12 20 å
542 837 49 26 sido,
608 836 62 22 innan
687 836 118 22 densamma
821 836 69 21 ernått
905 842 24 15 en

186 872 77 22 önskad
278 873 89 27 lösning,
385 872 63 21 ehuru
459 872 120 26 Ständerna,
597 872 47 21 med
655 872 110 28 anledning
781 871 22 21 af
817 872 16 28 ej
850 871 80 22 mindre

186 907 39 21 den
241 907 79 28 utgång
339 908 83 21 ärendet
442 908 34 21 vid
497 908 172 27 derförutgångne
689 907 100 27 landtdag
809 907 46 26 fått,
877 909 26 19 än
924 907 7 21 i

186 942 110 27 synnerhet
312 943 24 21 de
353 942 52 22 olika
421 943 38 21 och
473 943 8 20 i
496 943 49 21 flera
555 942 128 22 hänseenden
694 943 44 20 mot
753 942 114 21 hvarandra
882 942 48 21 stri-

187 978 48 27 diga
250 977 81 28 åsigter,
349 983 44 15 som
409 977 24 21 af
445 978 88 21 nämnde
547 977 132 28 petitionärer
692 978 91 25 uttalats,
800 977 43 21 icke
859 976 72 22 trodde

187 1013 32 27 sig
237 1013 50 20 böra
306 1012 83 28 angifva
407 1013 35 20 det
461 1014 59 26 syfte,
542 1013 59 21 hvari
619 1012 99 28 förslaget
737 1013 32 20 till
789 1012 103 22 ordnande
912 1012 22 21 af

186 1048 173 28 prestaflöningen
376 1048 63 21 borde
457 1048 110 26 utarbetas,
587 1048 84 28 ingingo
692 1048 114 21 Ständerna
825 1048 33 21 till
873 1048 58 21 Hans

186 1083 117 28 Kejserliga
317 1083 98 27 Majestät
430 1083 47 21 med
493 1082 127 28 underdänig
636 1083 94 21 anhällan
747 1083 75 26 derom,
840 1083 31 21 att
885 1084 46 20 lan-

187 1119 44 21 dets
248 1118 82 22 dernäst
345 1118 193 22 sammanträdande
556 1118 87 22 Ständer
658 1118 65 22 mätte
739 1118 115 29 föreläggas
870 1118 62 28 nädig

187 1154 125 28 proposition
329 1160 34 15 om
379 1153 116 28 grunderna
510 1154 32 21 för
557 1153 104 28 reglering
676 1154 23 21 af
706 1154 159 27 presterskapets
882 1154 49 21 aflö-

187 1190 50 27 ning
255 1189 7 21 i
281 1189 80 21 landets
379 1189 233 27 evangelisk-lutherska
631 1189 150 27 församlingar,
801 1190 54 21 samt
874 1190 31 20 att
925 1189 8 21 i

187 1225 64 26 sagda
269 1224 126 27 proposition
413 1224 78 27 jemväl
511 1224 65 22 måtte
599 1224 49 27 ingå
670 1224 154 29 bestämningar
846 1225 87 21 rörande

186 1259 118 27 byggnads-
321 1258 37 21 och
374 1258 258 28 underhållsskyldigheten
649 1259 22 21 af
684 1259 96 27 prestbol.

259 1294 72 20 Denna
348 1292 123 22 Ständernas
486 1293 141 27 underdäniga
642 1294 86 26 petition
744 1301 54 14 vann
813 1294 58 22 Hans
881 1294 51 28 Kej-

188 1328 75 28 serliga
273 1328 106 28 Majestäts
395 1328 74 28 nådiga
485 1328 63 26 bifall,
566 1329 7 21 i
588 1328 51 28 följd
654 1329 73 21 hvaraf
740 1330 32 20 för
788 1330 93 21 ärendets
896 1330 37 21 be-

188 1364 87 29 redning
290 1364 51 28 ånyo
357 1364 104 22 nedsattes
480 1371 24 14 en
524 1364 83 26 komité,
628 1371 44 15 som
690 1365 49 22 utan
755 1366 177 28 meningsskiljak-

188 1401 67 28 tighet
271 1400 112 28 uppgjorde
403 1400 77 28 förslag
497 1400 33 22 till
550 1401 123 28 författning
689 1402 8 20 i
713 1402 70 21 ämnet
798 1402 54 21 samt
867 1402 67 22 tillika

188 1438 9 21 i
215 1436 86 23 särskild
324 1436 127 28 underdånig
470 1436 104 22 skrifvelse
593 1436 74 28 anhöll,
692 1438 31 21 att
743 1438 58 21 Hans
819 1438 115 28 Kejserliga

188 1473 98 28 Majestät
305 1472 82 28 nådigst
405 1472 48 22 ville
476 1472 44 21 iåta
542 1473 95 22 utarbeta
659 1480 27 21 ny
709 1473 171 28 boställsordning
903 1474 31 21 för

255 1520 129 17 Sammansatta
397 1518 47 24 Lag-
457 1520 28 17 och
498 1519 173 19 Ekonomiutskottets
684 1520 106 18 betänkande
802 1520 35 18 N:o
851 1520 17 18 6.
