1028 1706
308 138 63 21 Ständ.
387 138 29 22 Sv.
432 150 30 4 —
475 138 54 28 Prop.
544 138 32 22 N:o
592 139 30 22 19.
781 139 24 21 11

256 200 38 21 der
310 201 86 21 tionden
410 208 30 14 nu
455 202 66 27 utgår
535 201 54 27 efter
603 202 57 21 årets
675 204 51 19 växt
741 202 51 20 eller
802 207 34 15 en-

257 234 40 28 ligt
312 234 84 27 träffad
410 234 214 28 öfverenskommelse,
640 236 36 21 till
694 236 53 21 visst
762 235 74 27 belopp

251 267 59 27 från
332 268 74 28 hvarje
428 270 104 27 lägenhet,
554 271 67 27 enligt
642 270 26 21 de
688 270 39 26 för
741 269 97 21 landet
827 263 15 39 i

257 302 119 21 allmänhet
397 303 51 21 eller
470 304 56 21 vissa
546 307 57 18 orter
616 304 105 21 särskildt
735 303 103 28 gällande

250 335 169 29 författningar
442 337 38 21 och
502 338 141 28 stadganden,
666 338 109 27 äfvensom
791 338 47 20 med

252 370 91 26 fästadt
357 370 100 28 afseende
471 372 34 27 pä
519 372 26 21 de
553 372 60 27 från
626 372 162 28 församlingen
804 372 35 20 till

257 404 47 22 dess
323 405 139 28 presterskap
479 405 66 28 förut
566 407 104 28 utgående
691 406 78 28 bidrag
783 408 56 19 samt

257 438 26 21 de
305 438 100 29 afgifter,
426 446 45 14 som
486 440 57 27 från
558 441 72 21 andra
641 444 125 25 pastorater
781 441 57 21 inom

257 472 70 27 stiftet
342 474 68 21 under
425 474 108 22 likartade
542 475 160 27 förhållanden
717 476 94 27 utgöras.

524 538 15 28 $
554 540 20 19 7.

315 577 40 21 All
376 584 75 14 annan
473 578 72 21 tionde
565 579 34 21 till
610 578 165 28 presterskapet,
791 584 49 14 vare

257 611 34 27 sig
306 613 73 24 smör-,
389 612 56 27 fisk-
460 613 52 21 eller
526 612 139 28 qvicktionde,
681 612 110 27 äfvensom
799 612 40 20 den

259 645 8 20 i
281 645 70 28 några
375 646 62 21 delar
458 646 29 28 af
506 647 73 21 landet
597 647 8 20 i
620 647 72 20 andra
707 647 133 21 naturalster

259 680 106 27 utgående
379 680 71 28 afgift
465 681 35 21 till
515 680 131 28 kapellaner,
651 680 144 28 predikanter
803 680 38 21 och

259 713 201 29 sockneadjunkter,
468 715 87 28 utbytes,
573 716 38 20 der
626 714 135 28 beträffande
775 716 67 20 smör-

259 748 37 20 och
314 748 110 22 laxtionde
443 750 72 21 lokala
529 750 160 26 förhållanden
705 749 46 21 icke
765 750 77 20 tillsvi-

259 782 54 21 dare
327 782 94 28 påkalla
439 784 120 28 undantag,
575 786 53 19 emot
644 784 109 21 bestämda
769 784 72 28 årliga

261 812 94 38 afgifter
371 809 104 37 antingen
491 819 8 20 i
510 820 124 26 penningar
650 819 51 21 eller
716 819 8 20 i
741 818 24 21 de
781 819 32 20 uti
827 818 15 27 $

261 853 14 20 3
290 852 142 28 uppräknade
443 853 124 27 persedlar;
583 852 37 22 och
636 852 51 22 böra
702 852 62 22 dessa
773 851 69 29 afgif-

262 889 31 18 ter
311 886 98 27 föreslås
434 887 29 27 af
486 887 210 29 regleringskomiten
719 888 8 19 i
749 886 93 28 enlighet

261 921 47 21 med
324 921 25 21 de
364 922 8 20 i
386 922 15 27 $
416 924 13 19 6
445 922 129 21 omnämnda
591 922 112 21 allmänna
719 922 101 27 grunder.

529 985 50 27 88.

323 1023 42 22 Vid
387 1024 165 22 bestämmandet
574 1024 29 27 af
615 1024 25 22 de
654 1023 101 29 afgifter,
771 1024 72 21 hvilka

263 1058 51 20 böra
336 1058 52 28 utgå
401 1059 43 26 för
459 1059 104 28 bergverk,
580 1058 59 27 bruk,
654 1059 72 27 sågar,
742 1065 101 22 gvarnar,

257 1091 103 32 fabriker
380 1092 38 22 och
440 1093 71 21 andra
538 1093 128 21 industriela
693 1093 151 28 inrättningar

263 1127 51 21 eller
329 1128 100 27 erläggas
451 1128 29 27 af
488 1135 104 20 personer
605 1130 54 19 utan
668 1127 53 26 fast
735 1127 107 28 egendom,

263 1161 56 21 skall
335 1161 99 27 afseende
443 1162 76 27 fästas
535 1163 12 20 å
563 1163 25 20 de
598 1161 41 28 för
654 1162 190 21 landet
736 1157 11 37 i
753 1162 91 21 allmän-

263 1195 35 21 het
311 1195 36 21 och
363 1197 57 20 vissa
435 1199 58 18 orter
514 1196 104 21 särskildt
636 1195 103 28 gällande
749 1195 96 27 författ-

264 1230 80 27 ningar
359 1230 38 21 och
411 1230 136 27 stadganden
561 1233 63 23 samt,
640 1230 37 20 der
693 1229 152 27 bestämda
810 1225 38 37 fö-

263 1263 114 26 veskrifter
391 1264 8 20 i
414 1266 72 18 ämnet
499 1264 87 26 saknas,
601 1264 14 19 å
630 1263 24 21 de
663 1263 137 21 kommunala
812 1266 33 18 ut-

263 1297 92 28 skylder,
371 1297 73 22 hvilka
454 1297 42 27 för
510 1297 62 22 dessa
592 1298 150 27 inrättningar
762 1297 36 20 och
820 1297 29 26 af

264 1332 96 19 nämnda
372 1338 104 20 personer
491 1332 105 26 erläggas.

533 1393 15 28 $
562 1394 21 19 9.

325 1433 116 22 Ordinarie
462 1437 61 24 prest
545 1434 14 20 &
582 1433 73 21 landet
671 1432 74 28 förses
761 1432 29 27 af
796 1431 51 28 för-

265 1470 119 27 samlingen
405 1468 48 21 med
476 1468 94 27 boställe,
585 1474 53 20 men,
654 1468 38 21 der
707 1467 81 22 sådant
802 1466 45 21 icke
