1034 1706
330 138 29 23 U.
375 139 28 23 B.
420 151 28 5 —
463 140 73 28 Prop.
552 140 46 23 N:o
614 141 20 22 8.
801 141 14 21 5

90 207 118 27 förvägras,
224 208 54 22 eller
293 209 40 21 ock
347 210 53 25 göra
415 210 94 21 ansökan
525 216 34 15 om
575 210 207 26 skatteförmedling;
793 216 48 15 men

90 242 106 21 intetdera
214 242 84 27 aflöper
315 244 52 20 utan
386 244 115 27 omgångar
519 244 39 21 och
573 244 116 22 kostnader
707 244 34 21 för
758 244 84 21 honom.

91 271 57 26 Ökas
166 276 121 22 inkomsten
307 277 52 25 åter,
375 278 24 20 så
413 278 43 20 blir
470 278 84 21 skatten
569 278 169 26 proportionsvis
753 278 88 25 mindre,

90 310 82 21 hvilket
190 310 135 27 naturligtvis
340 311 7 20 i
363 311 38 21 och
417 311 34 21 för
465 312 33 26 sig
512 312 47 21 icke
574 314 25 18 är
613 312 68 26 någon
698 312 81 27 olycka,
794 318 49 14 men

90 344 70 27 något,
177 350 44 15 som
238 345 53 21 dock
306 345 60 21 leder
381 346 86 26 derhän,
482 348 33 19 att
529 352 26 15 en
571 346 35 21 del
620 352 91 20 qvarnar
721 346 53 21 bära
783 347 59 25 tung,

91 384 26 15 en
132 384 69 16 annan
217 379 36 21 del
267 385 28 15 en
309 379 84 27 mycket
407 380 78 27 lindrig
501 381 63 21 skatt.
596 380 120 27 Sanningen
731 380 64 22 häraf
806 380 37 21 be-

90 413 79 21 vittnas
191 413 46 21 från
260 413 51 22 flere
329 414 50 21 håll.
409 414 36 22 Uti
461 416 30 20 ett
509 415 35 21 vid
564 415 55 21 1872
642 414 35 22 års
699 416 144 20 ständermöte

90 447 33 22 till
141 447 122 28 Höglofliga
281 448 158 28 Ridderskapet
458 449 39 22 och
515 449 69 22 Adeln
599 449 118 22 inlemnadt
731 449 111 26 petitions-

90 483 117 26 memorial,
227 484 122 20 omnämnes
365 489 26 15 en
407 490 72 20 qvarn,
499 490 51 20 som,
567 484 67 21 eburu
649 483 47 22 från
711 483 61 22 äldre
787 483 56 22 tider

91 517 109 26 skattlagd
218 517 33 21 till
267 523 26 15 en
309 517 54 27 årlig
379 517 57 22 skatt
451 518 23 21 af
488 519 76 20 endast
580 519 26 20 15
621 517 81 28 kappar
717 517 102 28 spanmål,
835 518 7 21 i

90 551 54 26 följd
163 551 23 21 af
203 557 163 21 gynnsammare
385 551 149 22 förhållanden
553 553 99 20 stundom
670 552 109 27 inbringar
794 552 49 21 vida

91 592 59 15 mera
169 587 27 20 än
216 592 25 15 en
260 592 69 15 annan
349 592 65 21 qvarn
432 587 7 20 i
455 587 150 26 grannskapet,
623 587 65 20 hvars
703 587 69 26 årliga
787 586 57 21 skatt

91 620 82 27 uppgår
187 620 33 21 till
237 620 97 27 omkring
350 620 42 21 180
406 621 71 26 mark;
493 621 39 21 och
542 621 57 21 inom
610 620 105 22 utskottet
724 621 39 20 har
773 627 70 16 exem-

91 655 35 26 pel
142 654 82 21 anförts
239 655 27 26 på
281 661 97 20 qvarnar,
394 654 82 22 hvilkas
495 655 58 21 skatt
568 657 63 24 utgör
642 661 25 15 en
675 655 81 27 knappt
770 657 73 19 nämn-

91 689 53 21 värd
159 689 89 21 bråkdel
263 689 46 21 utaf
323 689 104 21 intraden.
453 689 62 21 Huru
528 689 101 22 tillvaron
644 689 24 21 af
681 697 26 14 en
723 689 66 22 sådan
804 689 39 22 lin-

90 723 58 27 drigt
165 723 114 21 beskattad
298 729 65 21 qvarn
383 723 54 22 skall
457 724 109 21 motverka
584 724 140 27 uppkomsten
740 723 23 22 af
776 724 67 21 andra

90 764 92 21 qvarnar
203 758 7 21 i
233 757 149 27 grannskapet,
401 757 72 22 hvilka
491 758 69 22 måste
578 758 80 21 bereda
676 759 33 26 sig
724 758 28 27 på
766 759 32 20 att
812 757 31 22 af-

90 793 34 20 stä
146 792 27 21 25
201 795 20 22 %
245 792 23 21 af
288 793 47 20 sina
356 793 196 26 bruttoinkomster,
572 794 24 19 är
615 793 40 20 lätt
672 793 77 25 insedt,
764 792 78 21 liksom

90 827 39 21 ock
152 828 32 19 att
205 827 77 21 sädant
304 827 55 21 skall
378 827 7 20 i
403 828 27 19 än
445 827 66 27 högre
526 827 54 27 grad
595 827 66 21 blifva
676 827 61 21 fallet
752 833 35 14 om
802 827 41 21 den

89 861 71 27 gamla
182 867 94 21 gvarnen
297 861 64 21 räkar
382 867 52 16 vara
455 861 157 27 privilegierad,
633 861 54 22 eller
701 861 85 22 befaras
800 861 42 22 kan

90 897 32 20 att
136 902 70 15 annan
221 902 27 21 ny
265 902 65 20 gvarn
346 896 7 21 i
367 896 103 21 närheten
485 896 96 22 kommer
596 897 31 20 att
642 896 101 27 uppföras
758 896 27 27 pä
800 897 42 26 pri-

89 931 127 26 vilegieradt
238 930 136 27 gvarnställe,
397 937 26 15 en
446 931 119 27 olägenhet,
588 937 46 15 som
655 931 116 26 ingalunda
789 933 54 19 mot-

89 967 64 25 väges
176 965 23 21 af
220 965 47 26 den,
290 965 33 21 för
342 967 73 19 resten
430 965 47 21 utaf
491 965 98 22 nutidens
605 965 174 27 äskädningssätt
793 965 49 22 full-

89 1000 95 27 ständigt
198 1000 102 21 utdömda
315 1001 91 25 utvägen
421 1001 32 20 att
467 1006 76 21 genom
558 1000 121 21 fastställda
694 1001 61 20 taxor
770 1001 72 21 mode-

89 1041 49 15 rera
160 1034 146 27 gvarntullens
328 1034 83 27 belopp.
449 1035 32 20 En
504 1041 69 15 annan
595 1035 120 26 olägenhet,
731 1041 45 15 som
791 1041 51 21 nog-

89 1070 55 20 samt
166 1068 59 27 gjort
246 1069 33 26 sig
301 1069 57 20 känd
373 1069 7 20 i
397 1069 25 21 de
438 1068 61 22 flesta
516 1069 60 21 delar
591 1069 23 21 af
628 1069 78 26 landet,
722 1071 24 19 är
761 1069 80 27 svärig-

89 1103 69 26 heten,
175 1103 128 21 åtminstone
317 1103 80 26 tidtals,
414 1104 33 20 att
461 1103 22 21 få
497 1103 39 21 säd
551 1103 112 26 förmalad,
679 1103 89 21 oaktadt
781 1110 61 20 qvar-

89 1143 38 15 nar
149 1137 74 21 finnas.
260 1137 189 26 Husbehofsqvarn
472 1137 33 21 får
523 1137 106 27 nemligen
648 1137 19 27 ej
683 1139 50 25 taga
747 1138 22 21 in
785 1139 56 20 mäld

88 1171 48 22 från
159 1171 138 26 främmande,
321 1171 39 21 och
377 1173 32 19 att
427 1172 44 20 låta
486 1172 120 27 skattlägga
622 1178 26 15 en
663 1172 67 21 sådan
744 1173 33 20 till
792 1172 50 21 tull-

88 1205 119 28 mjölqvarn
229 1205 56 21 blott
306 1205 33 21 för
363 1206 30 20 att
415 1205 22 21 få
458 1206 58 21 mäld
538 1205 23 22 af
582 1206 36 21 två
634 1205 53 22 eller
701 1208 33 19 tre
749 1212 93 21 grannar

88 1241 61 20 lönar
171 1240 32 27 sig
227 1239 26 27 ej.
290 1239 43 22 Det
354 1239 67 22 måste
444 1239 69 22 likaså
534 1246 62 15 anses
616 1246 78 20 egaren
713 1239 23 22 af
750 1247 25 14 en
791 1240 50 27 ång-

88 1274 115 21 lokomobil
214 1274 121 21 förmenadt
345 1275 32 20 att
387 1274 87 21 dermed
484 1274 90 21 förmala
584 1280 81 15 annans
676 1274 73 27 gröda.
764 1275 77 21 Hvart-

88 1309 41 20 hän
145 1309 43 20 alla
204 1308 69 26 dessa,
288 1308 49 21 med
348 1308 36 21 det
393 1308 122 21 nuvarande
530 1310 102 25 systemet
642 1308 133 27 oskiljaktigt
785 1309 56 20 före-

88 1343 55 20 nade
158 1342 138 26 olägenheter
311 1342 61 20 skola
386 1342 49 20 leda
449 1344 25 18 är
488 1342 40 21 lätt
542 1342 76 20 insedt.

157 1376 91 20 Lemnar
263 1382 48 14 man
327 1375 54 21 dock
396 1375 63 21 dessa
474 1377 81 19 smärre
570 1375 138 26 olägenheter
723 1375 13 21 å
751 1375 46 21 sido
808 1375 33 21 för

89 1411 31 20 att
142 1409 151 21 sammanfatta
315 1409 76 21 endast
409 1409 26 21 de
453 1409 164 26 hufvudsakliga
635 1409 118 22 resultaten
768 1409 23 22 af
805 1409 36 23 det

89 1443 134 28 föregående,
239 1444 62 21 torde
315 1443 63 22 deraf
390 1443 91 28 framgå:

157 1477 163 18 Ekonomiutskottets
331 1478 102 17 betänkande
445 1477 32 19 N:o
489 1477 18 19 3,
