1045 1711
84 726 30 24 A.
132 726 106 24 Wrede.

319 141 24 22 U.
357 141 24 22 B.
396 153 27 4 —
437 141 63 28 Prop.
515 140 38 23 N:o
568 140 20 23 4.
768 141 26 22 13

249 203 41 21 alla
304 203 91 27 uppnått
408 203 127 27 myndighets
548 203 59 21 ålder
618 203 49 21 eller
677 203 147 26 dessförinnan

250 237 68 26 blifvit
339 237 111 26 försörjda.
487 237 55 21 Lika
558 238 45 20 rätt
619 237 48 21 med
684 237 60 21 dessa
762 237 62 21 enkor

250 271 37 21 och
301 271 52 21 barn
367 270 110 22 tillkomme
491 271 36 21 ock
542 271 24 21 de
576 270 63 22 enkor
648 272 55 20 samt
715 271 110 27 omyndiga

251 305 37 21 och
310 305 119 27 oförsörjäa
450 306 52 21 barn
524 305 52 27 efter
594 304 165 28 presterskapets
777 305 48 22 eller

251 339 139 22 läroständets
408 339 46 27 före
468 340 62 27 sagde
544 340 32 21 tid
590 339 83 27 aflidna
686 340 139 26 medlemmar,

251 373 68 22 hvilka
327 373 29 22 dä
367 373 111 27 innehafva
486 374 80 27 gårdar
574 374 48 22 eller
632 373 116 29 lägenheter
755 374 9 21 i
772 374 52 22 stad.

318 407 62 22 Frän
401 414 80 16 samma
502 408 32 22 tid
552 409 36 21 och
606 409 32 27 pä
659 408 109 22 enahanda
784 410 44 20 sätt

251 442 58 22 skola
315 443 64 26 äfven
385 443 26 21 de
417 443 225 27 undantagsförmäner
649 442 102 28 upphöra,
758 442 69 23 hvilka

250 483 75 21 genom
339 477 79 28 nädiga
432 478 146 28 Kungörelsen
592 478 41 21 den
648 479 31 19 29
693 477 63 22 Mars
769 478 58 21 1858

251 511 78 27 tillagis
347 512 25 21 de
389 512 33 20 uti
439 512 79 22 landets
539 512 62 28 tjenst
618 512 95 22 anstälde
731 512 96 27 grekiska

248 547 84 25 prester
347 546 36 21 och
397 546 115 22 skollärare
526 547 9 20 i
548 546 97 27 afseende
656 547 14 20 ä
684 547 47 21 dem
740 546 89 22 enskilät

252 579 104 28 tillhörige
369 580 86 27 gårdar,
470 587 45 15 som
530 581 24 26 af
567 581 47 22 dem
628 580 71 28 sjelfve
709 580 49 22 eller
767 580 61 23 deras

252 613 63 22 enkor
329 614 36 21 och
380 615 109 28 omyndiga
504 615 52 21 barn
571 615 63 22 bebos.

280 727 101 24 Robert
398 726 194 33 Montgomery.
631 727 30 24 G.
679 727 149 25 Ehrström.

85 790 56 24 Jos.
158 790 149 30 Grönberg.
375 789 69 25 Karl
460 790 144 25 Fabritius.

158 1475 123 24 Lagutskottets
292 1475 101 18 betänkande
405 1475 34 16 N:o
452 1475 16 17 9.
