1042 1703
246 145 30 22 10
412 145 32 22 U.
461 145 29 22 B.
510 155 30 4 —
559 145 78 26 Prop.
655 143 48 24 N:o
720 145 33 22 11.

210 211 36 23 det
263 211 92 30 förslag,
374 210 70 31 enligt
461 211 84 24 hvilket
564 210 137 30 skjutslegan
718 211 66 23 borde
796 217 52 18 vara
857 210 100 24 densam-

210 251 35 17 ma
262 245 7 23 i
288 245 49 24 stad
355 244 40 25 och
413 245 28 30 pä
459 245 74 24 landet
551 245 40 24 och
609 244 83 24 hvilket
710 244 91 31 förslag,
820 244 82 25 biträdt
920 251 37 17 en-

210 277 49 26 dast
286 279 24 24 af
335 279 37 24 två
390 279 71 29 stånd,
479 279 80 30 jemvä]
577 278 90 24 innebär
685 286 27 17 en
731 278 104 25 afvikelse
853 279 50 23 från
921 279 36 23 det

210 321 29 16 nu
266 313 109 31 gällande,
403 314 52 23 böra
482 313 96 29 förfalla,
597 313 114 24 hvaremot
731 313 43 29 det,
793 314 28 23 dä
838 313 119 24 utskottets

209 347 84 31 förslag
312 347 24 24 af
351 348 38 23 tvä
406 347 64 24 ständ
489 347 112 24 omfattats
620 346 40 24 och
678 347 110 23 dessutom
798 347 35 24 till
843 346 33 24 sin
886 346 72 31 grund

210 381 204 25 öfverensstämmer
431 382 49 23 med
498 382 41 23 den
557 381 7 23 i
583 381 78 23 sådant
678 381 103 24 afseende
799 388 29 17 nu
846 381 111 31 gällande,

209 416 29 30 pä
264 416 64 24 dessa
355 415 47 24 skäl
430 415 40 24 och
496 416 7 23 i
521 415 99 31 enlighet
638 415 48 23 med
706 415 41 23 den
765 415 100 31 ordning,
885 422 46 17 som
949 414 8 24 i

210 450 82 24 sådana
309 450 40 23 fall
366 449 68 31 följts,
452 449 73 31 ligger
540 449 97 24 närmast
654 448 33 24 för
705 449 108 25 utskottet
831 449 34 24 att
877 449 41 24 hos
931 449 26 23 de

208 484 38 24 två
272 484 68 24 andra
366 484 93 24 stånden
486 484 87 24 förorda
599 483 39 24 sitt
664 484 91 30 förslag,
774 484 33 24 att
824 484 67 31 legan
908 483 49 24 från

210 518 48 24 stad
276 518 72 24 blefve
365 518 115 24 bestämnd
497 518 36 24 till
552 519 31 23 20
601 517 67 31 penni
685 518 34 24 för
737 518 94 24 versten.

277 552 149 24 Förestäende
452 552 206 31 sammanställning
676 559 39 24 ger
733 553 85 24 säledes
835 552 36 24 till
888 552 70 24 resul-

209 586 41 30 tat,
268 587 34 23 att
328 586 138 31 skjutslegan
492 588 39 22 bör
549 587 8 23 i
574 586 99 31 enlighet
690 586 49 24 med
757 586 200 31 Borgareständets

210 620 78 30 beslut,
306 620 84 25 hvilket
408 621 110 24 dessutom
536 621 73 31 ligger
628 621 93 23 emellan
740 621 163 31 Ridderskapet
917 621 40 24 och

209 654 89 30 Adelns,
313 656 30 29 pä
364 662 40 17 ena
422 654 62 25 sidan
502 656 57 23 samt
577 655 87 24 Preste-
678 655 40 24 och
735 655 190 29 Bondeständens,
943 656 14 22 &

210 689 41 23 den
278 689 75 30 andra,
378 689 123 24 fastställes
520 689 34 24 till
575 690 30 23 16
624 689 66 30 penni
707 689 34 24 för
759 690 87 23 versten
864 691 29 29 pä
911 689 46 24 lan-

210 723 36 24 det
273 723 41 24 och
342 724 32 23 20
401 723 67 30 penni
485 723 50 24 frän
553 723 58 28 stad;
631 723 40 24 och
689 730 64 17 anser
771 723 108 25 utskottet
897 724 6 23 i
921 731 37 16 en-

208 756 72 32 lighet
297 757 91 25 härmed
414 757 329 31 sammanjemkningsförslaget
770 758 52 24 böra
840 759 29 30 gå
887 758 24 23 ut
929 759 29 30 pä

210 799 27 16 en
263 791 129 31 inbjudning
412 792 36 24 till
465 792 162 30 Ridderskapet
646 792 40 24 och
703 791 72 26 Adeln
794 793 57 24 samt
869 793 87 24 Preste-

210 826 40 25 och
268 826 170 25 Bondestånden

414 877 40 20 att
470 874 91 30 förena
590 874 37 30 sig
658 880 38 16 om
726 873 233 31 Borgareståndets

346 907 80 24 beslut
452 907 46 24 och
526 911 96 27 antaga
655 908 116 31 följande
799 909 93 30 lydelse
918 909 42 31 för

346 941 21 33 $
386 941 31 24 13
435 949 70 16 mom.
527 941 27 24 1:

414 975 181 32 ”Skjutslegan
621 978 73 29 utgör
723 977 61 30 från
810 977 60 23 stad
888 978 71 30 tjugu

345 1011 76 29 penni
438 1010 46 23 och
502 1012 35 28 pä
556 1011 87 23 landet
659 1015 91 19 sexton
765 1012 77 28 penni
849 1012 43 30 för
901 1019 58 15 ver-

346 1048 61 26 sten,
418 1046 140 29 ersättning
576 1046 42 30 för
636 1045 175 30 begagnandet
828 1046 34 30 af
875 1045 83 31 skjut-

345 1079 92 23 sandes
455 1078 83 24 äkdon
558 1078 45 24 och
623 1078 172 30 körredskapi
813 1079 84 31 hvarje
909 1080 51 30 fall

346 1112 56 24 deri
419 1112 168 31 inbegripen”;

277 1158 13 23 I
307 1156 99 32 enlighet
424 1157 90 25 härmed
533 1157 40 25 och
591 1158 28 24 dä

279 1215 35 23 8:0
341 1213 134 25 beträffande
504 1213 5 33 $
529 1213 26 27 4
573 1219 104 21 mom.
697 1213 24 27 3

278 1258 185 32 Ridderskapet
482 1258 45 25 och
544 1258 79 25 Adeln

276 1303 36 24 väl
331 1303 98 30 godkänt
446 1304 154 29 betänkandet,
619 1311 49 17 men

277 1347 189 27 Presteständet
484 1349 41 24 och

277 1387 213 34 Borgareständet

277 1435 92 24 heslutit
387 1435 33 24 att
429 1435 61 25 ordet
513 1435 252 34 ”entreprenadlega”
785 1437 71 25 skulle
869 1437 89 32 uthytas

209 1470 45 24 mot
272 1469 62 24 ordet
351 1470 91 31 ”/ega”,
460 1470 69 24 under
547 1471 37 24 det

232 1521 75 23 Bihang
320 1521 28 18 till
360 1520 103 19 Sammans.
477 1521 50 23 Lag-
538 1527 17 12 o.
563 1521 184 19 Ekonomiutskottets
761 1522 112 19 betänkande
884 1522 39 19 N:o
937 1522 19 18 4.
