1023 1700
293 143 77 23 Ständ.
386 144 37 22 Sv.
439 156 27 4 —
480 144 67 30 Prop.
563 145 36 23 Nr.
615 146 32 23 16.

314 447 130 25 Finlands
471 449 138 24 Ständers
636 450 197 32 underdäniga

225 493 66 18 svar
309 488 6 23 i
335 487 117 31 anledning
470 489 26 24 af
511 489 66 24 Hans
596 489 168 32 Kejserliga
782 491 50 24 Ma-

221 527 110 30 jestäts
353 525 80 33 nädiga
451 528 133 31 proposition
603 529 113 31 angäende
735 531 97 29 grunden

225 566 36 25 för
280 566 181 33 tolagsafgiftens
480 568 148 26 beräknande.

159 639 206 28 Stormäktigste,
381 641 194 27 Allernädigste
590 641 107 28 Kejsare
713 642 46 21 och

383 674 154 22 Storfurste!

155 725 71 22 Sedan
241 725 79 22 Eders
335 725 148 28 Kejserliga
498 726 129 28 Majestät,
641 727 48 21 med
700 727 132 22 Ständernas

87 760 34 21 vid
144 759 114 22 sisthällna
280 759 103 28 landtdag
407 760 99 21 lemnade
523 761 115 28 samtycke,
656 768 78 20 genom
753 762 79 27 nådiga

87 794 162 27 Förordningen
269 793 24 21 af
311 794 40 21 den
371 794 26 21 17
415 794 119 21 November
549 795 55 20 1873
619 794 118 26 förordnat,
754 798 32 19 att
800 797 32 20 to-

87 828 138 27 lagsafgiften
241 828 57 21 intill
313 829 109 27 utgängen
437 828 24 21 af
474 828 145 22 innevarande
634 829 25 21 är
673 829 56 21 skall
741 829 91 22 bestäm-

87 870 45 14 mas
147 863 34 21 till
197 863 42 21 viss
254 865 91 25 procent
360 863 24 21 af
396 863 147 28 tullsatserna,
559 864 40 20 har
608 863 80 22 Eders
703 863 129 28 Majestät,

86 897 48 21 med
154 897 100 22 afseende
274 897 51 22 derä
343 899 33 20 att
390 897 91 22 berörda
496 897 70 28 grund
582 897 23 22 af
622 898 52 21 1872
689 898 35 21 ärs
740 898 92 21 Ständer

87 931 87 22 erkänts
192 938 40 21 ega
251 931 109 22 företräde
379 932 91 21 framför
485 933 41 20 den
542 932 59 21 förut
615 931 69 28 följda
699 932 40 21 och
755 932 27 21 dä
796 939 36 14 en-

87 966 49 21 dast
150 966 49 21 kort
214 965 42 22 tids
272 966 123 21 erfarenhet
409 967 58 20 ännu
483 967 86 20 vunnits
585 973 34 14 om
630 965 124 22 fördelarna
765 966 23 21 af
797 966 35 21 det

86 1007 43 22 nya
151 999 203 28 beräkningssättet,
374 1007 77 20 genom
471 1008 28 13 nu
519 999 131 23 församlade
669 999 93 22 Ständer
776 1000 56 21 före-

86 1035 50 27 lagd
159 1034 65 27 nädig
246 1035 141 26 proposition,
409 1035 117 27 föreslagit,
545 1036 32 19 att
596 1034 41 21 den
652 1034 7 20 i
674 1034 94 21 nämnda
791 1033 42 22 för-

86 1068 92 28 ordning
200 1068 116 22 faststälda
338 1068 70 28 grund
431 1068 69 22 skulle
523 1068 48 21 frän
590 1068 78 27 början
687 1068 23 21 af
723 1068 109 20 nästkom-

86 1102 77 22 mande
177 1103 25 20 är
217 1102 136 22 tortfarande
372 1102 65 28 gälla,
455 1102 57 22 intill
527 1102 48 21 dess
591 1102 73 21 derom
679 1102 72 20 kunde
766 1101 67 21 varda

86 1137 7 21 i
113 1136 177 28 grundlagsenlig
313 1137 92 27 ordning
428 1137 137 22 annorlunda
586 1136 110 28 stadgadt;
719 1136 113 21 hvarutom

86 1171 79 21 Eders
184 1171 122 27 Majestät
324 1171 57 20 velat
401 1171 95 21 inhemta
511 1171 133 20 Ständernas
659 1169 100 28 yttrande
774 1169 59 21 öfver

86 1206 69 26 några
176 1204 167 27 hufvudsakliga
364 1205 161 26 bestämningar
540 1205 7 20 i
563 1205 79 25 ämnet,
660 1203 73 22 hvilka
751 1204 82 20 ansetts

86 1239 55 22 böra
155 1239 7 21 i
177 1239 158 21 administrativ
350 1240 41 26 väg
406 1238 104 22 utfärdas.

155 1273 42 21 Vid
216 1273 167 26 öfvervägandet
402 1273 25 21 af
439 1273 71 20 denna
525 1272 80 26 nådiga
619 1271 135 27 proposition
768 1270 66 21 hafva

88 1307 121 21 Ständerna
232 1306 126 27 visserligen
380 1306 72 21 funnit
471 1305 162 27 bestämningen
649 1312 34 14 om
697 1303 136 28 tolagsafgif-

87 1343 47 18 tens
156 1340 139 21 beräknande
310 1340 7 19 i
333 1340 57 20 vissa
411 1341 90 25 procent
523 1339 24 20 af
565 1339 141 21 tullsatserna
725 1344 52 14 vara
792 1337 41 21 den

87 1373 225 27 ändamålsenligaste,
328 1379 45 15 som
388 1373 35 21 för
438 1373 134 21 närvarande
588 1373 42 20 kan
646 1372 7 20 i
668 1371 63 27 fråga
741 1371 90 20 komma.

86 1408 34 22 Då
139 1407 73 26 likväl,
231 1407 34 21 vid
285 1407 37 21 det
340 1407 136 22 förhållande
491 1408 32 19 att
538 1406 109 22 tulltaxan
663 1405 24 21 af
699 1405 134 27 Regeringen

88 1450 73 15 ensam
175 1441 105 26 utfärdas,
297 1443 30 20 ett
342 1442 47 21 med
407 1441 131 22 Ständernas
553 1441 63 22 bifall
631 1439 130 22 tillkommet
775 1439 59 22 stad-

87 1477 70 29 gande
172 1477 79 26 derom,
267 1477 32 20 att
313 1476 42 22 den
370 1476 92 22 sålunda
475 1475 116 22 faststälda
600 1475 97 27 grunden
708 1473 57 22 skall
775 1473 59 29 gälla
