1045 1700
410 152 54 22 N:o
481 152 33 23 8.
798 155 12 20 3

87 220 114 21 utfärdade
222 220 80 27 nådiga
324 220 114 22 försäkran
456 221 23 21 af
493 221 40 21 den
549 222 27 20 23
592 221 103 22 Februari
713 223 53 20 1789
782 222 59 22 inne-

87 254 69 21 håller
170 254 47 21 icke
233 255 32 21 ett
279 254 45 22 lika
339 254 120 22 vidsträckt
474 255 136 27 privilegium
625 255 7 21 i
647 255 101 22 afseende
758 255 12 21 å
779 262 62 20 qvar-

87 294 40 15 nar
141 288 13 22 å
170 288 113 22 städernas
298 289 108 21 donerade
419 289 56 27 jord.
505 289 41 21 Väl
561 291 24 19 är
600 289 48 21 dem
663 290 46 21 deri
723 289 117 22 tillförsäk-

87 323 50 21 radt
160 324 32 20 att
214 323 108 21 orubbadt
336 323 119 21 bibehållas
470 324 37 21 vid
522 324 63 21 deras
601 324 148 22 såbeskaffade
764 324 77 22 inrätt-

87 357 83 27 ningar,
186 364 48 15 men
249 357 71 27 någon
334 359 46 20 rätt
394 360 33 19 att
442 358 12 20 å
470 358 108 27 stadsjord
593 358 91 22 förmala
702 359 39 21 säd
756 358 85 22 utöfver

88 391 225 27 stadsbefolkningens
336 391 66 22 behof
423 392 52 21 eller
490 392 33 21 för
538 392 143 22 allmänheten
697 392 12 21 &
725 393 67 21 andra
806 398 35 15 or-

88 428 33 18 ter
137 427 57 19 emot
208 425 40 21 tull
264 425 52 21 eller
331 425 34 21 till
380 425 70 21 afsalu
465 425 43 22 kan
522 432 27 14 ur
563 426 92 21 nämnde
670 426 113 21 försäkran
794 426 47 21 icke

88 459 106 21 härledas.
226 459 74 22 Denna
324 459 56 26 äsigt
402 459 40 22 har
464 459 61 22 äfven
548 459 138 22 härförinnan
702 460 90 21 uttalats
808 460 34 21 uti

88 493 191 28 Kammarkollegii
295 494 40 21 den
351 494 26 21 28
394 493 96 22 Oktober
507 495 54 21 1784
572 494 81 27 afgifna
662 495 136 21 betänkande
808 495 33 20 uti

90 534 25 15 en
131 528 143 27 uppkommen
290 527 68 28 fräga,
373 527 106 22 huruvida
496 528 153 26 stadsgvarnar
665 529 61 21 skola
737 529 105 26 skattläg-

89 568 45 20 gas,
151 563 38 21 och
205 562 36 22 det
256 563 7 20 i
279 562 70 22 denna
363 561 62 27 fråga
441 562 114 22 utfärdade
570 563 77 27 Kongl.
663 563 49 21 bref
725 563 23 21 af
762 563 41 21 den
815 564 24 20 17

89 597 104 21 Februari
218 598 60 20 1785.
312 597 132 27 Obetingadt
467 604 62 20 synes
552 597 63 21 häraf
635 597 52 27 följa
709 600 33 18 att
762 598 79 26 jemväl

89 637 92 21 gvarnar
204 631 48 21 med
275 638 69 14 annan
368 631 105 21 drifkraft
495 634 26 18 än
544 633 79 24 vatten,
643 638 45 14 som
704 632 13 20 &
733 631 108 27 stadsjord

89 665 110 27 uppföras,
223 666 68 26 skola,
314 665 28 21 dä
357 666 26 21 de
398 666 87 26 betjena
500 666 68 20 andra
583 672 102 20 personer
701 668 27 18 än
744 666 97 21 stadsbe-

89 699 124 27 folkningen
235 699 34 21 för
292 699 194 27 sädesförmalning
509 702 58 18 emot
589 700 39 20 tull
649 700 51 20 eller
715 700 33 20 till
764 699 76 26 afsalu,

89 734 73 20 skatta
177 734 34 20 till
226 733 88 21 kronan.

158 768 10 20 I
192 768 221 21 öfverensstämmelse
436 768 49 21 med
508 767 153 21 ofvananförde
684 768 94 26 grunder
801 767 40 22 och

89 802 48 20 med
160 802 100 21 afseende
281 802 79 26 jemväl
376 802 12 21 å
404 802 40 20 den
459 802 24 21 af
496 802 101 20 Finlands
621 804 72 18 senast
711 802 130 21 församlade

90 836 92 21 Ständer
203 836 39 21 hos
265 836 60 21 Hans
348 836 121 27 Kejserliga
491 836 103 27 Majestät
615 836 135 21 framställda
766 836 38 21 och
820 835 25 22 af

89 871 60 21 Hans
172 870 103 28 Majestät
289 871 7 20 i
311 870 59 21 vissa
391 870 60 21 delar
473 870 90 21 bifallna
585 870 146 26 underdåniga
750 870 91 27 petition

90 911 34 15 om
147 905 132 26 granskning
302 904 39 22 och
363 904 102 26 tidsenlig
488 904 125 26 förändring
631 904 23 21 af
667 904 99 26 gällande
782 904 60 21 stad-

89 940 84 25 ganden
189 939 90 21 rörande
295 939 145 27 mjölgvarnar
459 939 39 20 och
517 938 128 27 stampverk,
661 938 40 21 har
716 938 59 21 Hans
791 938 50 27 Kej-

90 974 79 25 serliga
184 972 103 27 Majestät
301 972 50 22 lätit
366 974 97 25 uppgöra
481 972 81 27 förslag
581 972 32 21 till
628 972 132 27 förordning,
776 972 65 27 angä-

90 1008 53 20 ende
162 1007 129 27 anläggning
310 1006 40 22 och
365 1007 138 26 beskattning
518 1006 23 21 af
554 1006 144 27 mjölgvarnar
714 1007 39 21 och
768 1007 75 21 sädes-

69 1046 2 2 *
90 1041 123 27 stampverk
235 1041 48 21 med
306 1047 70 15 annan
398 1040 104 22 drifkraft
521 1043 26 19 än
566 1042 79 24 vatten,
664 1041 81 21 hvilket
760 1041 81 27 förslag

89 1076 88 21 härmed
200 1075 141 21 öfverlemnas
364 1075 33 21 till
420 1075 131 21 Ständernas
573 1076 130 26 antagande;
723 1075 118 27 hvarjemte

89 1110 33 21 till
138 1110 129 27 upplysning
281 1110 7 20 i
304 1111 71 20 ämnet
390 1110 96 27 bilägges
501 1111 32 20 ett
548 1109 104 21 särskildt
666 1110 117 27 uppgjordt
797 1110 44 20 för-

91 1145 46 26 slag
151 1145 33 20 till
200 1144 132 27 förordning,
348 1144 109 27 angäende
474 1145 65 21 sättet
550 1145 38 20 och
599 1144 118 27 ordningen
728 1145 33 21 för
772 1144 69 22 skatt-

90 1179 102 26 läggning
214 1179 23 20 af
257 1179 146 26 mjölgvarnar
425 1178 39 21 och
487 1179 187 26 sädesstampverk
699 1179 49 20 med
771 1185 69 14 annan

90 1213 105 21 drifkraft
217 1215 25 18 än
267 1214 80 24 vatten,
370 1211 110 22 äfvensom
502 1213 128 26 förmedling
653 1213 23 20 af
697 1213 59 21 förut
782 1213 58 20 äsatt

89 1247 133 26 gvarnskatt.

89 1320 112 26 Förslag
219 1320 40 21 till
277 1320 165 26 förordning,
460 1318 136 28 angäende
611 1320 165 26 anläggning
791 1320 52 20 och

133 1354 173 26 beskattning
322 1353 30 21 af
363 1353 182 27 mjölgvarnar
560 1353 49 21 och
624 1354 177 25 sädesstamp-

188 1388 68 21 verk
270 1388 61 20 med
346 1393 89 16 annan
450 1387 131 22 drifkraft
595 1390 34 19 än
643 1389 101 20 vatten.

440 1445 47 27 81.

162 1485 122 27 Mjölgvarn
300 1484 39 22 och
354 1484 189 28 sädesstampverk
557 1485 48 21 med
616 1491 70 15 annan
698 1484 104 22 drifkraft
814 1488 27 19 än
