1025 1703
295 136 26 17 U.
339 137 28 16 B.
384 147 22 2 —
426 137 81 22 Prop.
524 138 44 18 N:o
583 139 35 16 20.
786 139 13 18 5

152 201 73 26 mäler,
245 201 78 28 gäldas
345 202 27 27 af
391 202 33 20 det
446 203 107 26 samhälle,
578 203 80 20 hvarest
677 204 95 27 tiggaren
788 204 39 20 har

152 234 139 21 hemortsrätt.

152 275 95 21 Emedan
272 276 11 26 &
305 277 30 24 15,
358 282 76 15 senare
456 279 117 18 momentet
588 277 48 26 af
629 271 13 37 $
655 278 26 19 40
697 280 55 17 samt
770 277 11 27 $
800 278 26 20 48

85 309 6 20 i
103 309 40 20 den
164 308 79 27 nådiga
258 310 162 25 propositionen
435 313 73 24 syntes
523 311 122 25 förutsätta,
657 313 32 18 att
700 311 40 20 den
747 311 78 26 jemväl

85 342 34 20 till
142 342 70 21 denna
230 342 103 28 landtdag
349 343 83 21 aflätna
447 344 78 26 nädiga
539 344 161 26 propositionen
716 344 110 26 angäende

85 376 128 21 lösdrifvare
229 377 39 21 och
284 377 63 21 deras
362 378 132 26 behandling
517 378 22 21 af
553 378 121 21 Ständerna
689 378 71 20 blefve
775 378 50 26 god-

83 410 65 26 känd,
164 416 48 15 men
227 410 75 27 frägan
318 412 79 26 derom,
414 412 27 20 dä
456 412 141 21 förevarande
612 412 79 20 ärende
706 412 23 20 af
743 412 82 20 utskot-

83 446 32 19 tet
137 444 153 27 behandlades,
309 448 57 18 ännu
381 452 38 14 var
435 446 104 27 oafgjord,
555 446 94 27 föreslog
664 446 113 26 utskottet,
793 446 33 21 för

84 478 40 21 den
140 478 103 22 händelse
259 482 32 18 att
305 480 93 21 nämnda
413 480 79 27 nädiga
507 481 133 26 proposition
656 480 47 22 icke
718 480 71 21 blefve
804 480 23 21 af

84 512 121 22 Ständerna
220 516 100 25 antagen,
330 515 110 20 eventuelt
456 522 24 14 en
496 514 117 22 förändrad
628 515 82 26 lydelse
719 514 33 21 för
760 514 66 27 sagde

83 547 31 27 88,
134 547 73 21 hvilka
229 548 7 21 i
257 549 118 20 utskottets
400 549 81 27 förslag
503 549 33 21 till
559 549 128 26 författning
708 551 117 18 motsvara-

83 581 37 21 des
136 581 23 21 af
174 581 29 28 $$
220 582 41 25 15,
276 583 37 21 38
328 583 50 21 och
392 583 43 21 46.

150 616 94 21 Numera
259 619 24 18 är
298 617 161 27 propositionen
475 624 33 14 om
524 617 128 21 lösdrifvare
667 617 23 21 af
704 617 121 21 Ständerna

83 650 173 22 slutbehandlad.

150 684 63 21 Hvad
235 690 29 15 nu
282 684 11 27 $
315 685 23 20 15
364 685 6 20 i
386 684 140 22 förevarande
541 684 233 22 utskottsbetänkande
789 684 35 21 be-

83 718 74 21 träffar
173 718 38 21 har

151 764 164 28 Ridderskapet
331 765 43 22 och
390 765 68 22 Adeln

285 805 84 26 antagit
391 805 37 21 det
453 806 68 20 andra
543 805 22 21 af
587 805 106 21 utskottet
715 804 109 21 eventuelt

218 838 136 22 framställda
368 839 138 21 alternativet

151 888 175 25 Presteständet

285 931 84 27 antagit
391 931 70 21 denna
482 931 12 27 &
512 931 7 21 i
540 930 221 22 öfverensstämmelse
776 930 48 20 med

217 964 79 27 nådiga
318 965 159 26 propositionen
502 965 38 21 och
563 965 57 26 förty
642 964 80 21 lemnat
738 963 82 21 utskot-

218 1000 43 19 tets
277 999 113 21 eventuela
404 999 141 26 formulering
561 1001 51 19 utan
628 998 110 25 afseende;

151 1043 195 29 Borgareständet

286 1085 95 26 godkänt
404 1085 69 21 denna
488 1085 11 27 $
515 1085 6 21 i
537 1084 222 22 öfverensstämmelse
775 1084 48 21 med

219 1119 40 21 den
275 1120 80 26 nädiga
369 1119 160 27 propositionen
545 1121 58 19 utom
619 1119 41 20 den
675 1118 65 21 femte
755 1118 68 26 punk-

219 1156 35 19 ten
278 1153 68 26 deraf,
361 1153 7 21 i
383 1153 86 21 hvilken
486 1153 35 21 del
536 1153 75 27 frägan
626 1152 67 21 likväl
708 1154 24 19 är
747 1158 76 20 genom

219 1187 25 21 de
274 1190 32 18 tre
336 1188 70 26 öfriga
434 1188 103 20 ständens
566 1187 72 21 beslut
664 1187 91 26 afgjord,
775 1193 48 14 men

219 1222 70 20 tillika
318 1222 90 20 beslutit
438 1222 48 25 *att,
512 1221 33 21 för
569 1222 40 20 den
635 1221 103 21 händelse
762 1220 60 22 Stän-

218 1256 77 20 dernas
328 1256 71 20 beslut
431 1256 6 20 i
464 1256 115 26 anledning
601 1255 22 21 af
644 1255 80 26 nådiga
747 1261 75 20 propo-

218 1290 92 21 sitionen
342 1290 110 26 angående
481 1289 127 21 lösdrifvare
634 1289 39 21 och
700 1289 62 21 deras
787 1289 35 20 be-

218 1323 103 26 handling
344 1324 46 20 icke
410 1323 70 21 blefve
502 1323 23 21 af
546 1324 59 20 Hans
621 1323 121 25 Kejserliga
758 1323 64 25 Maje-

216 1358 43 19 stät
281 1356 150 25 stadfästadt,*
453 1356 34 21 för
508 1356 164 27 ifrågavarande
687 1356 69 25 punkt
771 1356 23 20 af
810 1356 12 26 $

217 1390 26 21 15
278 1390 89 27 "antaga
390 1390 40 21 den
445 1390 82 27 lydelse
542 1389 107 22 utskottet
664 1389 111 27 föreslagit
790 1389 33 21 för

218 1424 167 21 eventualiteten
401 1425 33 20 att
448 1423 147 22 förstberörda
603 1424 79 27 nådiga
689 1423 133 27 proposition

218 1458 47 21 icke
280 1458 70 21 skulle
364 1458 72 21 blifvit
451 1458 23 21 af
488 1458 120 21 Ständerna
623 1458 117 27 godkänd,"
756 1459 55 20 samt

150 1504 67 23 Bihang
229 1504 30 17 till
270 1504 173 18 Ekonomiutskottets
455 1504 103 18 betänkande
569 1504 34 17 N:o
616 1504 16 18 8.
