1020 1703
237 146 26 21 10
400 145 81 23 Ständ.
496 145 37 23 Sv.
550 158 24 4 —
590 145 70 28 Prop.
675 146 41 22 N:o
730 146 21 22 3.

207 208 40 21 dan
262 210 122 20 tonsättares
399 208 51 22 verk
465 208 64 29 enligt
544 209 13 20 2
573 209 12 26 $
601 212 35 17 äro
650 210 31 20 att
695 216 60 14 anses
770 208 43 22 lika
827 208 48 24 med
889 207 59 23 skrif-

206 245 38 24 ter,
260 243 86 21 hvarom
360 242 8 21 i
382 242 36 23 det
431 242 123 28 föregående
569 244 114 20 momentet
697 243 62 21 redan
775 242 55 22 varit
844 242 62 28 fråga.

275 277 35 22 Då
329 277 27 21 33
376 277 13 26 &
404 276 121 27 innehåller,
542 278 30 20 att
586 277 38 25 allt
637 276 56 22 hvad
707 284 73 21 genom
796 276 83 29 intrång
893 277 8 20 i
915 284 34 13 an-

206 319 52 14 nans
273 311 156 28 utgifningsrätt
443 311 51 22 eller
508 313 41 20 rätt
563 312 31 20 att
608 310 121 29 offentligen
742 311 88 28 uppföra
840 310 108 29 skädespel

207 345 51 21 eller
272 352 62 22 opera
349 345 50 21 eller
414 346 30 20 att
458 344 109 22 efterbilda
581 346 63 20 annat
656 344 114 22 konstverk
780 345 84 28 indyter
872 352 76 21 genom

206 379 69 29 oloflig
292 379 128 29 förevisning
438 379 50 21 eller
505 379 121 21 annorledes
644 378 39 22 och
699 380 67 20 finnes
783 379 7 21 i
809 378 140 30 förbrytarens

207 413 64 29 värjo,
290 413 34 22 mä
339 398 97 48 Pelaggas
454 414 49 20 med
520 413 96 28 gvarstad
634 413 33 21 till
681 413 97 22 säkerhet
792 413 32 21 för
838 412 111 29 mälsegan-

207 448 40 21 den
266 447 158 22 tillkommande
445 447 130 26 skadeständ,
594 455 48 13 men
664 448 36 21 det
721 446 62 23 oftast
804 447 60 22 torde
885 447 64 22 blifva

206 481 94 29 omöjligt
320 483 31 20 att
372 481 76 29 afgöra,
464 482 72 21 hvilka
555 481 114 29 penningar
687 481 129 29 förbrytaren
838 481 110 23 &tkommit

206 516 27 28 pä
247 516 73 22 sädant
338 518 46 24 sätt,
401 516 38 21 och
453 516 72 22 hvilka
547 516 41 21 han
603 515 84 23 erhällit
700 523 76 21 genom
790 516 69 28 lofliga
873 516 74 25 medel,

204 550 64 22 hafva
283 550 116 22 Ständerna
414 552 67 20 ansett
495 550 68 22 denna
578 551 13 25 $
606 550 50 22 böra
670 550 55 28 utgå.

273 585 27 21 35
316 585 13 25 8
344 583 8 21 i
366 583 154 29 propositionen
537 584 63 22 hafva
619 583 117 23 Ständerna
758 586 68 20 ansett
847 584 31 28 sig
899 584 50 22 böra

206 619 96 24 utesluta,
318 618 44 22 dels
383 618 86 22 emedan
492 618 120 22 densamma
626 618 71 22 kunde
716 617 124 23 missförstås
855 618 92 23 sålunda,

206 655 30 20 att
251 653 88 21 domstol
354 653 46 21 icke
415 652 7 21 i
437 652 69 26 andra,
522 657 27 16 än
564 653 36 20 der
614 652 132 22 omförmäldt
760 652 43 26 fall,
819 660 49 14 vore
883 653 66 21 berät-

206 687 57 28 tigad
277 689 31 19 att
322 686 50 22 höra
386 686 137 28 sakkunnige,
539 686 43 22 dels
598 686 87 21 emedan
700 686 36 21 der
750 686 7 22 i
773 686 51 22 strid
840 689 55 19 emot
909 687 40 27 gäl-

204 722 62 21 lande
287 722 34 27 lag
339 728 61 21 synes
418 720 125 26 förutsättas,
565 722 31 20 att
610 720 88 22 domstol
713 721 54 28 finge
782 720 58 22 stöda
854 721 32 21 sin
902 720 47 22 dom

205 754 27 30 på
254 755 112 29 yttranden
388 754 23 22 af
426 755 138 32 sakkunnige,
581 754 72 22 hvilka
667 754 47 22 icke
728 754 96 29 beedigat
838 755 45 22 sina
897 755 51 22 utlå-

205 790 83 25 tanden,
310 789 44 22 dels
376 789 87 21 emedan
485 789 137 28 anvisningen
641 789 22 22 åt
683 789 115 22 domstolen
813 792 31 19 att
858 789 91 22 infordra

206 824 96 28 yttrande
324 824 23 22 af
366 823 131 29 sakkunnige
518 832 49 13 vore
590 823 66 28 egnad
677 825 31 20 att
721 823 55 29 gifva
793 823 156 29 rättegången
937 819 15 37 i

205 859 42 22 mål
265 866 34 14 om
318 859 59 27 olaga
396 858 113 28 eftertryck
527 858 50 22 eller
597 858 148 28 efterbildning
760 857 22 22 af
794 858 114 22 konstverk
923 866 26 13 en

205 893 143 29 inqvisitorisk
369 893 77 28 prägel,
469 900 43 13 som
535 892 18 28 ej
575 896 23 17 är
620 892 89 28 förenlig
731 892 48 22 med
798 892 56 22 hvad
868 892 81 22 landets

206 928 104 22 allmänna
324 926 205 29 rättegångsordning
544 934 34 14 om
592 926 81 29 ringare
688 926 98 22 brottmål
800 926 79 29 bjuder,
895 929 54 19 samt

206 962 97 28 slutligen
326 961 62 22 också
410 961 86 21 emedan
518 961 121 29 paragrafen
659 965 23 17 är
697 961 126 28 öfverflödig,
839 961 27 21 då
879 962 36 21 det
929 961 18 29 ej

205 1001 22 17 är
241 996 81 22 landets
337 996 110 21 domstolar
462 995 116 22 förmenadt
592 997 31 21 att
637 995 74 22 afhöra
725 995 137 28 sakkunnige,
877 996 72 22 hvilka

206 1031 23 22 af
241 1032 96 27 parterne
352 1029 104 29 åberopas.

272 1065 13 21 I
306 1065 13 21 2
341 1071 61 14 mom.
425 1063 24 22 af
468 1064 27 21 36
515 1065 13 25 &
548 1063 62 22 hafva
631 1063 117 22 Ständerna
763 1066 46 19 näst
824 1063 53 22 efter
891 1064 58 22 ordet

205 1099 103 21 utländsk
331 1098 67 28 tillagt
419 1097 64 22 orden
501 1097 125 27 författare
648 1097 45 24 och,
715 1097 87 22 emedan
824 1097 59 22 dessa
905 1098 42 25 ord,

204 1133 73 22 hvilka
298 1132 92 29 påkallas
412 1131 24 22 af
455 1131 169 28 sammanhanget
646 1131 8 20 i
675 1131 68 22 denna
765 1133 20 25 $,
808 1139 62 20 synas
884 1132 64 21 hafva

205 1167 101 22 bortfallit
328 1165 90 22 derifrän
439 1173 75 21 genom
536 1165 59 22 skrif-
616 1165 51 22 eller
689 1165 95 28 tryckfel,
808 1165 67 22 såsom
889 1166 59 21 ordet

206 1201 115 28 «utgifver»
338 1200 8 21 i
361 1208 78 13 samma
457 1207 62 14 mom.
535 1202 54 19 samt
608 1199 64 22 orden
691 1199 117 22 «författare
828 1201 37 20 och
881 1200 68 22 konst-

204 1240 73 17 närer»
294 1235 8 21 i
316 1233 139 29 nästföljande
470 1234 72 27 stycke
557 1234 72 27 tyckas
645 1233 74 22 utvisa.

272 1267 95 22 Emedan
386 1267 25 21 de
429 1267 126 28 rättigheter,
576 1267 36 22 vid
630 1267 73 21 hvilka
722 1267 132 28 lagförslaget
871 1267 78 28 åsyftar

204 1305 31 19 att
249 1304 73 27 trygga
336 1300 106 23 författare
459 1301 39 22 och
512 1301 99 22 konstnär
624 1299 65 30 jemte
704 1301 59 22 deras
778 1301 65 22 enkor
858 1301 38 22 och
911 1301 38 22 arf-

204 1337 80 29 vingar,
300 1335 32 23 uti
346 1335 63 29 några
424 1336 29 27 $$
468 1335 22 22 af
506 1335 156 29 ifrågavarande
680 1335 128 29 författning,
827 1336 63 22 sådan
908 1336 40 22 den

205 1372 24 21 af
245 1371 116 22 Ständerna
378 1369 69 23 blifvit
465 1372 95 26 antagen,
579 1369 75 28 (såsom
672 1370 12 21 i
698 1371 13 20 3
726 1371 39 21 och
779 1371 14 20 4
808 1371 35 27 $8,
859 1378 62 14 mom.
937 1378 10 13 e

206 1406 23 21 af
241 1407 13 21 9
270 1406 20 26 &,
307 1405 32 26 12,
356 1405 26 21 13
397 1405 39 20 och
452 1405 24 21 17
493 1405 28 26 88
536 1407 53 20 samt
602 1405 26 21 27
640 1406 23 26 $)
677 1404 64 29 gjorts
756 1405 102 22 beroende
873 1405 23 22 af
908 1406 39 21 vis-

205 1449 23 14 sa
242 1440 68 22 vilkor
325 1440 51 21 eller
389 1439 106 27 förbehåll,
511 1439 62 23 hafva
588 1439 117 23 Ständerna
719 1440 8 21 i
740 1439 163 29 slutparagrafen
917 1440 30 21 in-

205 1476 42 22 fört
261 1474 112 28 stadgande
388 1474 105 27 angående
509 1474 34 22 det
557 1478 47 22 sätt,
627 1474 27 29 på
677 1474 82 22 hvilket
780 1474 106 22 författare
908 1475 38 22 och
