1039 1711
234 117 11 20 6
441 115 21 23 U.
480 115 22 23 B.
519 127 26 2 —
562 114 65 29 Prop.
645 115 38 22 N:o
699 113 22 24 3.

532 179 14 22 3
560 179 65 28 Kap.

502 227 155 24 Öfverskriften.

273 276 135 25 Ridderskapet
430 277 40 21 och
492 277 57 20 Adeln
571 276 40 21 har
631 276 95 26 godkänt
745 276 70 21 denna
835 275 123 22 öfverskrift

206 310 66 28 enligt
285 310 151 22 betänkandet.

273 347 139 19 Presteständet
426 346 40 20 har
475 346 7 21 i
493 346 59 21 detta
563 345 100 22 afseende
675 344 82 28 antagit
767 345 56 21 Herr
832 345 125 22 Ehrströms

204 380 138 22 reservation.

274 416 155 24 Borgareständet
443 415 40 21 har
498 416 88 20 stannat
601 414 6 21 i
622 414 43 22 lika
679 414 73 22 beslut
767 414 48 22 med
826 414 131 22 Ridderska-

205 451 37 26 pet
258 450 40 22 och
313 450 74 21 Adeln.

273 485 138 20 Bondeständet
425 484 39 21 har
479 484 81 22 biträdt
574 484 174 22 Presteständets
765 484 77 21 beslut.

274 519 34 21 Då
327 518 36 22 två
383 518 67 22 Stånd
465 519 7 20 i
487 518 61 28 fråga
562 518 75 22 härom
653 519 86 20 stannat
753 519 45 20 mot
813 518 42 27 två,
871 518 32 22 får
918 518 39 22 Ut-

206 554 82 21 skottet
304 555 51 19 äran
370 553 117 26 tillstyrka:

372 589 31 20 att
417 587 82 22 Preste-
516 587 36 21 och
566 586 166 23 Bondestånden
742 588 70 25 måtte,
823 587 9 21 i
842 587 61 22 likhet
912 588 47 21 med

343 622 24 21 de
382 623 35 20 två
433 622 67 21 andra
520 621 101 27 Ständen,
639 621 114 27 godkänna
769 621 145 28 öfverskriften
928 622 31 21 till

345 658 13 19 3
373 657 86 26 kapitlet
474 657 8 20 i
496 656 87 28 enlighet
598 656 47 21 med
658 656 144 22 betänkandet.

475 720 24 27 $$
514 721 31 24 15,
562 720 25 21 16
603 720 37 20 och
657 720 29 20 17.

274 766 137 26 Ridderskapet
426 767 40 21 och
481 767 56 20 Adeln
553 766 40 22 har
608 766 111 27 angående
735 767 65 21 dessa
815 766 22 28 $$
853 767 40 21 och
903 766 56 23 hvad

207 801 49 22 med
272 802 48 21 dem
336 801 176 27 sammanhänger
527 801 100 22 beslutit:

276 838 33 19 att
330 836 33 21 till
384 843 62 14 mom.
473 838 9 19 1
504 837 7 20 i
531 838 24 19 15
572 836 10 27 &
599 838 78 24 antaga
691 843 62 14 mom.
772 838 9 19 1
799 835 23 22 af
834 836 57 22 Herr
904 836 54 21 Ehr-

208 872 78 20 ströms
308 870 80 28 förslag
410 870 32 22 till
465 876 81 16 samma
568 870 16 28 $
607 871 40 20 och
667 872 33 19 att
714 870 32 21 till
761 877 62 15 mom.
840 872 13 20 2
869 870 22 22 af
907 873 24 19 15
947 870 11 27 $

207 906 115 27 godkänna
336 905 11 27 $
364 907 24 19 16
404 905 7 21 i
427 905 131 21 sistnämnde
573 906 122 20 reservants
711 905 90 27 förslag;

276 942 32 20 att
330 940 157 22 återremittera
510 942 26 19 16
557 939 11 28 $
588 939 31 21 till
638 940 113 21 Utskottet
765 940 32 21 för
812 939 111 23 införande
939 939 22 22 af

208 978 32 20 ett
260 975 120 27 stadgande
399 974 7 21 i
422 975 36 21 det
474 974 61 28 syfte,
558 976 6 19 2
580 980 63 15 mom.
661 976 24 19 15
701 974 11 27 &
728 973 23 21 af
763 974 56 21 Herr
834 974 123 21 Ehrströms

207 1010 132 23 reservation
353 1009 129 27 innehåller;

276 1047 32 19 att
326 1045 8 20 i
349 1044 94 22 särskild
458 1050 27 21 ny
501 1043 10 28 $
526 1043 69 21 skulle
611 1043 79 21 införas
707 1043 118 27 stadgande
841 1043 19 27 ej
876 1043 83 22 mindre

208 1081 74 21 derom
296 1081 32 20 att
343 1079 41 21 den
399 1078 32 21 uti
448 1080 24 19 15
488 1077 11 28 &
514 1077 105 22 konstnär
636 1077 89 27 tillagda
739 1079 44 20 rätt
798 1076 32 23 fär
846 1076 23 23 af
881 1077 79 22 honom

208 1114 94 27 ätnjutas
318 1113 69 20 under
401 1113 54 20 hans
470 1111 73 26 lifstid,
560 1113 27 19 än
603 1111 40 22 ock
659 1111 72 22 derom
745 1113 32 20 att
789 1111 39 22 den
839 1111 7 21 i
858 1113 25 19 16
895 1111 10 28 $
916 1118 44 15 om-

208 1148 92 22 nämnda
314 1146 104 26 rättighet
428 1145 128 22 tillkommer
567 1146 59 20 såväl
635 1145 106 21 konstnär
750 1146 68 20 under
827 1146 54 21 hans
893 1145 67 21 lifstid

208 1188 46 16 som
265 1182 40 22 ock
320 1181 115 21 konstnärs
450 1179 192 22 rättsinnehafvare
657 1179 72 22 femtio
741 1180 24 21 är
775 1179 54 22 efter
842 1180 53 21 hans
907 1180 52 26 död;

276 1218 34 20 att
330 1216 8 20 i
360 1214 93 22 särskild
475 1214 11 28 8
508 1214 66 22 borde
595 1214 95 26 stadgas,
709 1216 33 19 att
757 1214 48 26 den,
822 1220 46 15 som
883 1220 78 21 genom

208 1250 146 28 kopparstick,
377 1249 116 25 stentryck,
516 1248 88 20 träsnitt
626 1248 52 20 eller
699 1248 28 26 pä
751 1248 67 26 dylikt
840 1250 51 24 sätt,
912 1249 48 20 med

208 1286 116 21 konstnärs
339 1282 102 26 tillständ,
457 1282 155 26 mängfaldigar
623 1283 32 19 ett
665 1282 100 26 originalt
774 1282 124 26 konstverk,
910 1288 51 20 eger

208 1318 32 23 för
256 1318 33 28 sig
304 1317 40 23 och
360 1316 46 22 sine
420 1315 194 23 rättsinnehafvare
630 1316 41 20 den
685 1316 8 21 i
708 1322 76 16 senare
800 1322 62 16 mom.
874 1315 23 22 af
905 1315 55 23 före-

208 1354 83 28 gående
306 1352 11 28 $
334 1351 104 27 stadgade
452 1352 54 25 rätt;

278 1389 32 21 att
326 1387 89 22 ärendet
430 1385 70 22 skulle
514 1386 8 21 i
537 1384 102 24 afseende
655 1386 12 20 å
681 1386 122 27 redigering
814 1386 22 22 af
846 1386 64 22 dessa
920 1392 41 22 nya

208 1422 126 29 paragrafer
348 1421 122 22 remitteras
485 1420 32 21 till
533 1420 119 27 Utskottet,
668 1433 28 2 —
712 1421 108 21 äfvensom

276 1467 78 22 Bihang
370 1465 26 17 till
411 1463 134 24 Lagutskottets
560 1463 113 18 betänkande
689 1463 36 18 N:o
741 1462 18 20 8.
