1031 1700
293 125 26 19 U.
332 126 29 17 B.
376 135 22 3 —
411 126 81 22 Prop.
505 125 46 18 N:o
564 125 37 18 19.
763 128 28 20 25

145 190 33 21 Då
193 190 28 21 all
236 190 157 22 kommunernas
409 190 92 28 uppbörd
511 191 65 27 enligt
586 191 69 27 regeln
671 190 79 29 åligger
761 192 59 21 kom-

73 225 150 21 munalnämnd
238 226 38 20 och
291 226 68 20 denna
373 226 122 27 myndighet
514 226 7 20 i
541 226 40 20 alla
597 226 106 21 händelser
715 226 24 28 ju
755 227 65 21 måste

74 260 96 27 upprätta
186 260 193 28 uppbördslängder,
397 266 59 16 anser
469 261 43 27 jag,
529 261 7 20 i
551 260 211 22 öfverensstämmelse
773 262 48 21 med

73 295 54 21 hvad
148 295 39 21 den
208 295 75 27 nådiga
303 296 152 26 propositionen
479 295 7 21 i
507 296 70 26 början
599 296 22 21 af
640 296 11 26 $
674 297 27 20 14
722 302 63 15 mom.
809 298 9 20 1

74 330 70 22 derom
160 330 118 26 innehåller,
296 330 116 28 uppbörden
427 331 77 27 jemväl
515 330 22 22 af
550 331 172 28 prestaflöningen
737 332 83 26 lämpli-

73 367 47 27 gast
136 366 101 21 anförtros
253 372 80 15 samma
348 366 129 27 myndighet;
495 366 36 21 och
547 366 63 21 borde
625 367 60 26 förty,
702 367 65 27 enligt
777 368 43 20 min

74 402 67 25 tanke,
159 401 122 27 stadgandet
296 402 73 21 härom
383 402 7 20 i
405 402 39 21 den
460 402 75 27 nådiga
545 402 151 27 propositionen
708 402 112 22 bibehållas

74 436 139 22 oförändradt.

146 473 98 21 Deremot
260 474 37 20 och
313 479 44 15 som
377 474 30 20 ett
426 474 22 20 af
462 473 24 21 de
502 472 187 29 hufvudsakligaste
704 474 116 21 företräden

75 508 34 21 det
125 508 132 22 förevarande
272 508 135 28 lagförslaget
421 509 38 21 har
473 508 86 22 framför
574 515 27 14 nu
611 509 95 27 gällande
722 509 98 28 stadgan-

74 544 39 21 den
129 544 7 20 i
152 544 70 20 ämnet
238 544 145 27 obestridligen
398 544 67 27 ligger
481 544 48 26 deri,
546 544 31 21 att
587 544 150 28 presterskapet
752 545 67 27 skiljes

74 579 45 22 från
136 580 28 20 all
179 579 116 28 befattning
311 579 48 22 med
373 579 118 28 uppbörden
508 580 22 21 af
546 580 31 21 sin
597 580 95 27 aflöning,
712 587 59 14 anser
783 581 37 27 jag

74 615 60 21 detta
149 615 102 21 företräde
266 615 44 21 icke
325 615 50 21 böra
393 615 21 20 få
432 615 126 27 paralyseras
577 621 74 21 genom
670 617 37 24 att,
727 615 68 22 såsom
813 617 8 20 i

74 656 71 15 senare
164 656 62 15 mom.
247 649 23 22 af
286 651 12 26 $
317 652 26 20 14
363 650 59 25 skett,
443 650 137 27 uttryckligen
595 650 104 28 medgifva
713 651 107 28 löntagare

74 686 100 27 rättighet
191 687 37 24 att,
245 692 34 15 om
295 686 38 21 ock
348 685 45 22 med
410 685 149 28 löngifvarenes
571 686 63 25 bifall,
651 686 48 27 sjelf
711 687 109 21 verkställa

74 721 32 21 sin
121 721 103 27 uppbörd;
240 721 93 21 hvarföre
346 721 37 27 jag
398 721 63 27 vågar
474 721 104 21 vördsamt
593 721 80 26 föreslå,
690 722 31 21 att
736 722 83 27 nyssbe-

74 756 61 21 rörda
149 757 93 20 moment
257 756 68 21 kunde
340 763 24 14 ur
374 756 229 28 författningsförslaget
614 757 55 27 utgå.
694 757 126 28 Härigenom

75 797 54 20 vore,
155 791 26 21 då
201 791 69 21 förord
289 792 70 26 bryter
381 791 41 27 lag,
447 791 202 22 öfverenskommelse
670 793 150 21 vederbörande

74 827 89 20 emellan
180 827 17 26 ej
214 827 85 27 omöjlig
315 826 64 27 gjord,
400 827 50 20 utan
469 827 31 20 att
519 827 50 21 dock
585 827 38 20 den
639 827 8 20 i
661 828 71 27 början
749 828 23 21 af
785 829 34 26 $:n

75 861 91 22 uttalade
182 861 108 28 grundsats
306 861 67 21 blefve
388 862 7 20 i
411 862 45 26 $:ns
472 862 41 21 slut
528 861 95 28 upphäfd.

146 897 75 21 Vidare
237 897 37 20 och
294 897 85 20 emedan
398 897 69 27 hvarje
485 897 124 27 tjensteman
630 898 32 20 väl
681 897 37 22 bör
736 898 20 21 få
777 899 42 20 till-

75 933 112 27 godonjuta
202 932 38 21 den
256 933 75 20 honom
347 932 148 21 tillförsäkrade
516 933 89 27 aflöning
625 933 112 26 oafkortad,
763 940 58 15 anser

72 968 38 28 jag
125 967 32 22 för
172 968 43 21 min
231 967 38 26 del,
286 968 32 21 att
333 967 68 28 någon
417 968 86 21 kostnad
518 968 31 21 för
564 968 118 27 uppbörden
699 969 22 20 af
735 969 84 20 aflönin-

76 1009 39 22 gen
132 1003 44 21 icke
192 1003 37 21 bör
245 1003 77 21 drabba
337 1003 154 27 presterskapet,
511 1003 8 21 i
533 1003 51 27 följd
600 1003 73 21 hvaraf
685 1010 71 15 senare
775 1011 45 14 me-

76 1039 75 28 ningen
167 1038 21 21 af
204 1039 12 26 $
233 1039 26 20 15
275 1038 63 21 borde
354 1038 55 27 utgå.

554 1067 25 18 G.
593 1067 22 18 J.
627 1068 122 21 Järnefelt.

147 1146 119 20 Förenande
281 1146 50 27 mig,
348 1145 60 21 äfven
421 1145 42 28 jag,
481 1152 34 14 om
531 1145 139 27 önskligheten
682 1146 23 21 af
716 1152 24 15 en
757 1146 63 21 ända-

77 1181 109 27 målsenlig
202 1182 102 27 reglering
320 1181 23 21 af
358 1181 172 27 prestaflöningen
549 1181 31 21 för
599 1181 130 27 aflägsnande
748 1182 23 20 af
787 1181 35 21 det

78 1216 111 28 olämpliga
210 1216 37 21 och
270 1216 8 21 i
300 1216 77 28 många
399 1216 143 28 församlingar
566 1216 69 21 odiösa
657 1216 165 27 uppbördssättet

77 1252 38 21 och
134 1252 148 27 godkännande
302 1252 25 20 de
348 1252 23 20 af
386 1252 105 21 Utskottet
514 1252 119 25 omfattade,
656 1252 9 20 i
687 1252 38 20 den
748 1251 75 28 nådiga

77 1287 151 27 propositionen
245 1287 120 27 föreslagna,
383 1287 103 21 allmänna
497 1287 88 27 grunder
595 1287 31 21 för
636 1287 67 21 denna
712 1287 109 28 reglering,

77 1322 79 27 nödgas
172 1323 36 26 jag
230 1322 50 21 dock
299 1322 8 21 i
327 1322 64 26 några
412 1322 90 20 enskilda
522 1322 87 26 punkter
628 1322 67 20 uttala
714 1323 43 19 min
777 1322 44 20 från

78 1357 116 21 Utskottets
210 1356 105 27 pluralitet
331 1356 106 21 afvikande
453 1356 59 28 åsigt.

151 1393 38 20 1:o.
221 1392 11 20 I
246 1391 65 21 likhet
326 1391 47 21 med
388 1391 54 21 hvad
453 1391 34 21 vid
502 1391 149 27 behandlingen
668 1391 23 21 af
703 1390 72 28 frågan
787 1397 34 15 om

77 1427 180 28 tingsgästningen
276 1426 69 22 blifvit
363 1426 47 22 med
430 1427 37 21 allt
485 1426 44 22 skäl
544 1426 99 25 anmärkt,
665 1426 30 22 att
715 1426 66 22 derest
797 1426 24 22 de

78 1463 207 28 betalningsskyldige
303 1462 105 22 lemnades
424 1462 61 28 öppet
505 1462 31 22 att
554 1462 43 21 lösa
616 1462 44 21 sina
678 1462 78 27 kappar
775 1462 47 21 med

143 1510 129 18 Sammansatta
285 1510 47 23 Lag-
344 1510 29 18 och
386 1510 173 18 Ekonomiutskottets
571 1510 106 17 betänkande
689 1509 36 18 N:o
739 1508 17 19 6.

680 1545 11 17 3
