1048 1706
316 122 29 19 U.
358 122 31 18 B.
402 133 22 3 —
437 124 81 23 Prop.
532 123 46 19 N:o
591 124 25 18 6.
793 126 13 20 7

166 186 32 22 Dä
222 188 82 22 ärendet
327 188 120 23 behandlats
472 190 34 22 vid
531 190 89 22 nämnde
645 190 104 29 landtdag,
776 191 61 22 hafva

96 222 119 27 Ständerna,
237 223 67 22 såsom
320 225 30 21 uti
366 225 38 21 den
419 232 28 14 nu
463 226 140 28 föreliggande
624 226 75 27 nådiga
713 227 122 27 propositio-

94 264 40 15 nen
150 258 84 27 anföres,
256 260 33 20 väl
310 260 13 20 &
343 266 38 15 ena
401 260 57 22 sidan
479 262 68 20 ansett
567 262 61 26 högst
648 262 187 28 maktpäliggande,

94 293 32 21 att
141 293 39 21 den
195 294 104 28 betydliga
315 295 157 28 statsegendom,
489 303 50 20 som,
556 296 6 21 i
572 296 52 28 följd
635 296 23 21 af
666 296 34 22 det
710 296 27 28 pä
751 297 85 21 knekte-

94 328 122 22 kontrakten
231 330 104 28 grundade
351 330 152 27 rättstillstänä,
519 332 6 21 i
542 331 58 22 dessa
615 332 126 21 vidsträckta
759 332 78 22 trakter

94 364 44 22 stär
153 364 120 28 obegagnad
289 366 37 20 och
346 366 66 22 utsatt
433 366 31 22 för
484 366 96 26 vanvärd,
602 367 67 21 blefve
689 367 90 27 skyddad
799 368 38 22 och

94 400 94 26 bevarad,
210 402 53 20 samt
282 401 123 22 fördenskull
425 402 51 21 trott
497 404 30 20 ett
545 402 142 28 upphäfvande
707 403 23 21 af
747 404 90 21 nämnda

94 436 96 22 kontrakt
206 437 37 21 och
259 437 62 28 derpä
337 438 103 27 grundade
456 438 122 28 rättigheter
588 438 38 21 och
642 438 136 28 skyldigheter
788 446 49 15 vara

96 472 114 26 önskvärdt,
232 479 47 15 men
299 472 12 22 ä
326 473 63 22 andra
405 473 57 22 sidan
483 474 87 21 kommit
590 473 34 21 till
644 473 38 22 den
703 473 134 29 öfvertygelse

96 508 31 21 att
142 511 55 18 ännu
213 508 16 27 ej
246 509 82 20 vunnits
344 509 39 21 den
399 509 133 28 tillförlitliga
547 509 110 28 utredning
672 515 34 15 om
722 509 114 22 hbefolknin-

95 550 49 21 gens
160 543 26 28 pä
202 544 57 21 orten
273 544 65 22 behof
351 544 36 22 och
401 545 120 27 rättmätiga
532 545 123 27 önskningar
665 545 54 21 samt
735 545 102 22 derstädes

94 579 123 22 herrskande
233 580 143 28 egendomliga
396 580 147 26 förhällanden,
565 587 44 15 som
630 580 34 21 vid
685 587 24 14 en
729 580 23 22 sä
771 581 66 28 ingri-

95 615 66 28 pande
177 615 38 22 och
230 615 99 22 enskildes
345 615 98 22 intressen
459 615 26 28 pä
501 616 34 21 det
551 616 103 21 närmaste
668 616 111 22 berörande
795 617 41 21 för-

96 651 92 28 ändring,
211 657 43 15 som
276 651 37 21 den
334 657 29 16 nu
383 651 98 28 åsyftade,
503 658 47 15 vore
571 651 23 22 af
611 651 76 26 nöden;
711 652 7 21 i
739 653 98 20 anseende

96 687 83 22 hvartill
196 686 114 23 Ständerna
325 687 8 21 i
348 687 36 21 sitt
399 687 34 21 till
447 688 58 21 Hans
520 687 115 28 Kejserliga
650 687 97 28 Majestät
763 688 75 21 aflätna

96 723 139 28 underdäniga
250 729 46 15 svar
315 723 106 27 föreslagit
436 723 37 25 att,
493 723 62 21 innan
571 723 69 21 vidare
656 723 73 27 åtgärd
743 724 8 21 i
766 723 72 28 frågan

96 759 99 27 vidtoges,
217 765 24 14 en
256 758 138 26 kommission,
415 759 60 21 hvars
493 758 113 22 ledamöter
626 759 32 20 till
675 759 42 21 lika
733 759 56 21 antal
804 759 34 21 ut-

97 793 58 28 säges
172 794 22 21 af
208 794 103 27 Styrelsen
327 794 11 21 å
354 800 39 15 ena
408 794 38 21 och
461 801 28 14 nu
506 793 155 28 ifrågavarande
676 794 121 22 kommuner
811 795 28 26 pä

98 829 63 22 andra
176 829 64 27 sidan,
257 829 66 21 blefve
339 829 87 26 nedsatt,
444 829 31 21 för
491 830 30 21 att
536 829 118 22 införskaffa
669 829 120 28 fullständig
804 831 33 20 ut-

98 865 86 28 redning
204 865 16 28 ej
243 865 79 21 mindre
343 865 75 25 derom,
442 865 99 22 huruvida
562 865 37 21 och
619 865 47 21 med
686 865 69 22 hvilka
775 865 65 22 vilkor

100 901 37 22 och
153 901 162 22 modifikationer
330 900 95 28 gällande
444 901 126 28 stadganden
590 900 105 28 angående
714 901 125 28 öfverlopps-

96 937 57 28 jords
170 937 111 27 afvittring,
297 937 81 28 refning
394 936 38 21 och
447 936 155 29 skattläggning
612 936 85 21 kunde
690 932 14 38 i
712 937 128 21 merberörde

98 973 94 22 landsdel
207 972 134 29 genomföras,
363 975 25 19 än
405 972 104 27 angäende
528 972 24 21 de
568 972 137 28 skyldigheter
724 973 7 20 i
747 973 93 21 afseende

100 1009 12 22 å
126 1008 163 26 landsförsvaret,
312 1015 44 14 som
371 1008 66 22 kunde
453 1008 150 22 vederbörande
625 1008 90 28 åläggas,
737 1008 105 22 äfvensom

101 1045 31 21 att
147 1044 63 27 nädig
230 1044 125 27 proposition
375 1044 7 21 i
397 1044 76 26 ämnet,
493 1043 101 29 uppgjord
609 1043 48 22 med
672 1043 83 28 ledning
771 1045 22 20 af
806 1045 33 21 sä-

98 1080 64 21 lunda
176 1079 117 22 inhemtade
308 1079 152 28 upplysningar,
477 1079 66 22 blefve
560 1078 113 23 Ständerna
683 1079 34 21 vid
727 1079 116 28 päföljande

99 1115 100 28 landtdag
212 1110 10 37 —
227 1115 101 28 förelagd,
355 1116 54 20 samt
431 1115 108 21 bestående
564 1114 140 22 förhållanden
730 1115 115 22 emellertid

100 1151 94 22 lemnade
212 1151 7 21 i
238 1150 99 23 orubbadt
358 1151 55 21 skick
433 1150 33 21 till
487 1151 45 21 dess
555 1150 84 22 ärendet
661 1150 67 21 kunde
751 1151 63 21 blifva
836 1151 8 21 i

100 1187 64 28 laglig
180 1187 85 27 ordning
281 1186 97 27 slutligen
393 1186 95 27 afgjordt.
507 1198 27 3 —
550 1186 64 21 Detta
630 1185 123 22 Ständernas
767 1186 77 28 förslag

101 1221 116 29 godkändes
238 1222 22 21 af
278 1222 58 21 Hans
355 1221 116 28 Kejserliga
491 1221 106 28 Majestät;
623 1221 37 21 och
680 1221 96 22 tillsattes
796 1222 48 21 med

102 1258 110 27 anledning
228 1257 58 22 deraf
299 1257 39 22 den
357 1257 7 21 i
379 1257 76 28 nådiga
473 1257 150 26 propositionen
643 1257 124 21 omnämnda
785 1257 58 20 kom-

102 1293 89 26 mission,
214 1293 33 21 vid
267 1293 60 21 hvars
348 1292 165 21 sammanträden
529 1292 56 21 inom
605 1291 25 22 de
645 1292 98 21 särskilda
757 1292 87 21 försam-

101 1329 95 26 lingarna
215 1328 24 21 de
261 1328 22 21 af
301 1329 147 20 kommunerne
467 1328 85 20 utsedde
573 1327 138 20 ledamöterne
731 1327 114 21 förklarade

103 1364 173 20 soeknemännens
296 1363 53 27 äsigt
365 1368 54 19 vara,
442 1363 30 20 att
492 1361 195 22 knektekontrakten
709 1362 16 27 ej
742 1361 67 22 kunde
825 1361 23 21 af

103 1405 39 14 ena
160 1399 72 26 parten
252 1397 88 28 ensidigt
358 1397 77 26 häfvas,
459 1397 93 21 hvarföre
573 1397 37 20 och
632 1396 25 21 dä
677 1397 168 25 socknemännen,

105 1434 64 21 ehuru
184 1433 144 22 underrättade
347 1438 35 16 om
397 1431 67 22 Stats-
481 1432 38 21 och
537 1431 210 22 Ekonomiutskottets
766 1431 8 22 i
789 1438 57 21 nyss-

104 1469 91 22 nämnda
209 1469 127 21 betänkande
355 1467 92 22 uttalade
463 1467 58 29 äsigt,
543 1468 30 21 att
588 1467 103 28 Regering
706 1468 37 21 och
759 1467 88 22 Ständer

169 1517 128 18 Sammansatta
309 1515 47 24 Lag-
369 1515 29 18 och
411 1515 171 18 Ekonomiutskottets
595 1515 105 18 betänkande
713 1515 36 18 N:o
761 1515 19 19 5.
