1045 1709
230 134 13 20 6
420 135 27 18 U.
461 134 30 18 B.
508 143 23 13 —
548 134 81 22 Prop.
645 121 48 32 No
708 134 18 17 1.

202 202 91 26 ningens
315 200 151 26 nedläggande
490 199 118 26 bevisligen
626 194 155 25 underrättats.
803 210 25 3 —
844 198 43 21 Det
902 198 44 27 lag-

203 234 87 26 förslag,
311 240 46 14 som
372 233 62 26 ingär
448 233 8 21 i
472 233 41 21 den
528 232 79 27 nädiga
621 232 170 27 propositionen,
806 232 119 21 innehäller
940 232 7 20 i

203 268 12 27 8
232 268 18 26 1,
266 268 33 21 att
313 267 126 26 inteckning
454 267 7 20 i
473 266 239 28 jernvägsanläggning,
726 266 67 21 hvarä
807 265 86 21 enskild
900 272 48 21 per-

204 309 45 19 son,
272 301 65 26 bolag
361 301 52 21 eller
435 301 101 21 kommun
559 300 86 21 undfätt
664 300 137 26 koncession,
817 301 24 19 är
855 299 93 27 tilläten,

204 336 66 21 sedan
284 335 139 27 jordomräde
439 335 34 20 till
488 334 165 27 anläggningen,
669 333 68 27 enligt
752 334 55 20 1864
822 333 35 21 ärs
873 339 75 21 expro-

206 368 242 28 priationsförfattning,
472 368 72 22 blifvit
563 368 94 27 lagligen
676 367 95 22 afskildt.
808 367 67 22 Detta
891 368 57 21 stad-

204 403 69 27 gande
288 403 120 26 inrymmer
423 402 84 21 säledes
522 402 64 22 äfven
601 402 26 21 de
642 401 44 26 fall,
703 401 27 21 dä
746 403 69 20 större
831 401 52 21 eller
895 401 53 21 min-

204 437 38 21 dre
258 437 34 21 del
312 436 23 21 af
348 437 67 26 sagde
427 436 145 27 jordomräde,
588 435 71 22 säsom
673 435 101 22 stundom
789 435 44 22 kan
849 441 100 20 egarum,

204 471 75 20 tillhör
300 470 180 21 koncessionären
502 470 55 27 sjelf,
587 469 39 22 och
649 469 69 27 enligt
746 469 10 20 1
774 469 11 27 8
801 470 7 20 i
823 469 37 22 det
875 475 28 15 nu
919 469 31 21 fö-

205 504 125 28 religgande
352 504 143 27 lagförslaget
517 504 69 21 mäste
610 503 62 22 äfven
688 503 67 22 sädan
770 504 61 21 mark
847 509 51 16 vara
914 510 36 15 ex-

204 538 127 27 proprierad
345 538 34 21 för
394 540 32 19 att
441 538 124 27 inteckning
580 539 7 20 i
603 544 26 15 en
641 538 235 27 jernvägsanläggning
898 538 51 21 derä

202 573 34 21 får
250 573 117 21 meddelas.
400 572 126 22 Emellertid
544 572 61 22 har
595 567 15 37 i
624 572 238 27 expropriationslagen
881 571 24 22 af
927 572 25 21 är

204 607 62 26 1864,
288 607 28 26 pä
335 606 67 21 redan
421 606 95 27 antydda
530 607 55 24 skäl,
600 605 49 22 icke
663 606 153 27 föreskrifvits,
832 607 57 20 huru
904 607 46 20 vär-

205 641 77 27 dering
302 641 23 21 af
349 640 66 21 sådan
439 640 62 23 mark
527 641 40 21 bör
587 640 101 27 försiggä.
728 641 71 21 Sedan
823 641 89 26 kronan,
938 640 14 21 &

206 674 182 22 koncessionären
405 669 13 37 —
430 674 111 22 öfverlätit
577 675 32 21 sin
633 675 224 26 expropriationsrätt,
888 673 62 22 torde

206 709 38 20 det
281 709 48 20 icke
365 708 74 21 vidare
470 714 52 16 vara
554 709 83 21 kronan
669 710 53 20 utan
760 708 190 26 koncessionären,

206 749 44 15 som
268 738 15 36 =
292 742 149 27 exproprierar
483 742 102 27 marken,
627 742 84 22 hvilket
754 742 63 22 äfven
857 742 94 27 framgår

204 776 23 23 af
260 776 12 27 $
301 778 12 19 5
343 781 62 16 mom.
435 783 19 14 a
483 777 8 20 i
520 776 79 27 nådiga
627 776 163 27 Förordningen
815 777 41 21 den
884 777 12 21 3
912 776 39 22 Fe-

205 811 74 21 bruari
297 811 64 26 1876,
381 810 40 21 och
436 810 136 27 följaktligen
586 811 67 21 borde
669 811 18 26 ej
704 811 68 22 heller
787 810 141 23 Guvernören
943 811 7 20 i

205 845 56 22 slika
284 845 45 26 fall
352 845 69 22 ehvad
443 845 179 22 koncessionären
651 847 24 19 är
691 845 56 22 blott
761 845 123 22 tillträdare
898 845 54 22 eller

205 880 29 27 pä
248 885 81 16 samma
337 879 56 27 gäng
408 879 56 22 bäde
478 879 31 22 af-
524 879 40 22 och
579 879 130 27 tillträdare,
725 880 121 21 tillkomma
853 881 39 25 att,
903 879 49 22 med

206 913 136 27 tillämpning
360 913 23 21 af
403 914 13 20 6
436 913 12 28 $
468 914 7 21 i
496 914 242 27 expropriationslagen,
754 916 48 19 utse
816 913 136 27 värderings-

205 949 55 20 män.
290 947 44 22 Det
348 947 149 27 föreliggande
511 947 141 28 lagförslaget
666 948 120 21 innehåller
800 948 53 21 väl
846 943 15 36 i
867 948 12 21 3
889 954 62 15 mom:

206 981 23 22 af
249 981 12 28 &
276 982 22 25 2,
313 983 33 19 att
361 981 47 22 deri
423 981 90 22 afsedda
525 981 190 28 jernvägsomräde
731 982 56 21 skall
803 982 149 27 exproprieras

209 1015 39 22 och
270 1015 34 21 till
323 1015 247 28 jernvägsanläggarens
592 1016 122 26 besittning
730 1016 142 21 öfverlemnas
888 1016 6 21 i
910 1016 41 21 den

205 1050 92 26 ordning
311 1049 12 27 $
345 1050 12 20 6
368 1050 33 21 uti
409 1050 328 27 expropriationsförordningen
744 1050 136 21 bestämmer.
895 1050 57 26 Men,

205 1090 33 15 om
261 1083 40 22 ock
323 1083 71 21 denna
422 1083 64 27 sjette
508 1084 107 27 paragraf,
639 1085 39 20 och
696 1084 48 21 icke
759 1085 27 21 de
801 1084 151 27 efterföljande

206 1118 42 21 fem
270 1117 160 28 paragraferne,
460 1124 51 16 vore
534 1121 32 19 att
588 1118 108 27 tillämpas
719 1119 12 20 &
754 1118 27 22 de
805 1118 45 27 fall,
867 1119 27 20 dä
908 1119 42 20 den

206 1152 67 26 mark,
296 1157 45 16 som
365 1152 156 27 exproprieras,
542 1152 75 22 tillhör
635 1159 72 15 annan
722 1154 27 19 än
763 1152 187 26 koncessionären,

206 1185 24 21 sä
251 1186 62 20 torde
328 1185 55 21 dock
400 1186 101 27 samtliga
514 1186 162 27 bestämningar
689 1187 8 21 i
712 1192 51 21 nyss
778 1186 122 27 åberopade
914 1193 38 20 pa-

206 1219 96 26 ragrafer
317 1225 52 14 vara
379 1219 150 27 otillräckliga,
538 1221 53 20 eller
599 1220 130 22 åtminstone
743 1221 137 26 synnerligen
896 1220 56 21 sväf-

206 1253 76 24 vande,
303 1253 33 19 för
359 1253 40 19 den
420 1253 104 20 händelse
539 1255 33 18 att
586 1254 180 20 koncessionären
781 1254 51 26 sjelf
845 1259 51 21 eger
912 1254 42 21 den

207 1285 166 27 exproprierade
394 1286 89 21 marken
506 1286 39 21 och
568 1289 24 18 är
613 1287 104 26 missnöjd
740 1287 48 21 med
809 1287 141 26 värderingen

207 1319 67 21 deraf.
289 1332 28 2 —
331 1318 163 28 Lagförslagets
511 1320 12 20 4
538 1320 12 27 &
566 1320 73 21 stöder
655 1320 33 27 sig
703 1321 12 20 &
731 1320 27 21 de
772 1320 136 22 föreskrifter
919 1321 31 20 uti

206 1353 13 21 8
246 1353 38 28 Si
305 1353 56 21 1876
383 1353 35 22 års
433 1353 142 28 Förordning,
594 1360 33 16 om
645 1354 86 22 hvilkas
745 1354 144 28 oförenlighet
903 1355 49 21 med

206 1387 28 22 28
251 1387 11 28 $
278 1388 8 21 i
300 1387 55 22 1864
373 1387 35 22 års
428 1388 207 27 expropriationslag
655 1388 58 22 förut
731 1389 55 22 varit
807 1389 67 27 fråga.
904 1389 49 21 Sär-

211 1421 68 23 skildt
296 1422 62 22 torde
373 1424 57 19 emot
445 1423 163 27 bestämningen
623 1423 7 21 i
646 1423 48 23 4:de
709 1423 140 28 paragrafens
865 1424 87 21 slutme-

206 1456 51 28 ning
279 1457 53 21 böra
351 1456 130 28 framhällas,
497 1459 33 20 att
545 1458 123 22 densamma
683 1460 24 20 är
729 1458 69 28 egnad
813 1460 32 20 att
861 1458 91 22 smänin-

273 1508 126 22 Lagutskotlets
408 1508 116 22 Betänkande
535 1510 34 16 N:o
582 1510 15 17 2.
