1023 1709
344 143 20 22 U.
379 144 19 21 B.
414 157 26 3 —
456 144 50 28 Prop.
521 144 30 22 N:o
565 144 30 23 20,
791 145 27 21 37

98 206 22 21 få
134 206 114 28 undantag,
264 207 128 28 inhysingar,
409 208 174 28 backstuguhjon,
599 209 170 27 sytningstagarc
780 215 26 15 m.
819 215 27 15 m.

98 240 71 27 undgä
184 241 38 21 allt
238 242 126 26 deltagande
382 243 4 21 i
401 244 136 21 kommunens
553 244 106 21 allmänna
673 244 83 20 besvär.

166 275 34 21 Då
218 276 104 22 utskottet
340 277 72 21 vidare
432 279 69 19 ansett
520 278 78 26 skäligt
613 279 32 19 att
658 278 119 20 utmönstra
792 278 12 26 &
820 278 28 21 30

98 316 45 14 som
159 310 87 26 stadgar
261 310 259 27 lägenhetsinnehafvares
535 312 121 27 skyldighet
671 314 32 19 att
713 318 90 15 ansvara
813 312 35 21 för

98 344 38 21 sitt
150 344 151 22 försvarsfolks
320 345 76 27 bidrag
414 346 34 21 till
466 346 142 27 fattigvärden
624 347 38 21 och
677 346 123 27 derigenom
816 346 31 21 äf-

97 385 41 15 ven
152 378 34 22 för
202 379 25 21 de
242 379 22 21 fä
279 386 45 15 som
339 380 83 22 komme
438 382 32 20 att
483 380 116 27 beskattas,
613 383 39 25 gör
667 381 36 21 det
718 380 84 28 möjligt
817 382 31 20 att

97 413 139 27 undandraga
251 414 32 27 sig
298 414 104 28 bidraget,
418 417 55 19 samt
488 416 12 27 $
515 416 26 21 31
559 422 45 15 som
619 415 33 21 för
667 422 63 20 egare
745 415 24 21 af
778 415 70 21 fabrik

98 448 53 21 eller
166 454 69 16 annan
249 449 116 27 inrättning
380 450 49 21 med
445 451 67 20 större
525 450 57 21 antal
594 450 97 21 arbetare
702 450 92 21 föreslär
804 452 44 19 sär-

97 482 66 22 skildt
177 483 92 21 tillskott
284 484 48 21 med
347 484 101 22 afseende
458 484 12 22 å
481 485 26 21 de
523 484 190 26 arbetarehushäll,
722 484 74 22 hvilka
806 484 42 22 för-

97 517 63 22 slitne
175 518 7 21 i
197 518 155 27 inrättningens
366 519 66 27 tjenst
447 519 39 21 och
500 519 69 22 säsom
581 519 78 22 sädane
671 519 121 27 kasserade,
804 519 45 21 förr

97 552 54 22 eller
169 559 75 16 senare
262 554 74 26 mäste,
352 554 70 22 säsom
438 560 68 16 ovana
520 554 35 22 vid
568 554 212 27 jordbruksarbeten,
796 554 52 22 falla

97 587 143 27 fattigvården
258 588 33 21 till
306 588 48 27 last,
370 589 24 21 sä
408 589 57 22 inser
478 590 37 26 jag
529 589 47 22 icke
591 590 65 20 annat
671 591 26 19 än
713 590 32 20 att
761 589 40 21 den
817 589 31 21 öf-

97 622 129 27 verklagade
247 624 87 26 tungan,
352 624 7 20 i
378 624 62 21 ställe
459 624 33 21 för
511 626 32 19 att
561 624 70 26 lättas,
652 625 55 19 ännu
727 625 75 26 tyngre
822 626 26 19 än

96 656 58 22 förut
168 658 7 20 i
190 657 186 22 landskommuner
390 658 68 22 mäste
472 658 86 22 komma
573 660 31 19 att
618 658 83 22 belasta
712 658 136 27 jordegaren,

97 698 45 15 som
157 692 65 21 redan
238 692 24 21 af
275 692 76 27 förrigt
365 693 39 21 bär
419 693 41 21 don
475 694 86 26 tyngsta
575 693 81 21 bördan
671 693 24 21 af
709 693 89 21 skatten.

164 727 43 21 Vid
225 727 76 21 sädant
322 726 133 23 förhällande
473 728 42 21 kan
532 728 37 27 jag
588 728 47 21 icke
653 728 68 21 heller
736 728 113 22 underläta

97 762 32 21 att
146 761 57 22 fästa
220 762 187 26 uppmärksamhet
422 762 35 22 vid
473 763 40 21 den
529 762 58 22 makt
601 769 49 15 man
665 763 74 26 lägger
754 763 7 21 i
776 763 73 27 fattig-

97 796 181 28 värdsstyrelsens
300 797 88 27 händer,
407 798 22 26 ty
448 798 28 20 dä
493 797 191 22 inkomstkällorna
706 798 46 21 sina
769 799 24 20 ut
811 798 38 21 och

98 831 75 27 avalen
192 830 33 21 för
241 831 79 21 enhvar
336 831 23 21 af
372 832 26 21 de
414 832 165 27 skattdragande
595 832 42 21 blir
652 833 75 26 större,
743 832 42 21 kan
800 839 50 14 man

97 866 41 21 lätt
153 866 65 21 tänka
232 866 32 26 sig
280 868 32 19 att
326 867 119 26 samhället,
458 867 68 21 oftare
539 869 26 19 än
576 867 93 27 önskligt
679 873 56 21 vore,
746 869 40 25 gör
795 867 55 21 bruk

98 900 23 22 af
135 901 37 21 sitt
187 902 55 26 veto,
257 901 105 22 intilldess
378 902 36 21 det
429 908 75 20 genom
515 902 115 26 missnöjde
641 902 140 22 utvandrares
792 902 58 21 hem-

98 936 104 26 sändning
217 936 39 20 och
272 936 86 22 dermed
374 936 102 22 förenade
494 936 116 22 kostnader
625 936 95 22 kommer
735 937 33 21 till
783 936 65 28 insigt

98 970 71 22 deraf:
184 970 71 22 bättre
271 971 57 27 gifva
343 973 27 19 än
385 973 72 25 vägra.

166 1005 32 21 På
212 1005 90 21 anförda
317 1006 47 21 skäl
378 1006 66 26 vågar
457 1006 37 27 jag
509 1006 108 22 vördsamt
632 1006 79 21 föreslå
723 1007 32 20 att
765 1006 83 21 landets

98 1040 121 26 Höglofliga
238 1040 87 22 ständer
339 1040 7 22 i
362 1041 62 21 deras
443 1041 145 26 underdåniga
607 1047 49 15 svar
674 1040 28 27 på
717 1041 40 21 den
773 1040 77 27 nådiga

98 1075 158 27 propositionen
275 1075 50 21 ville
344 1075 89 27 anmäla,
449 1077 31 19 att
496 1076 25 20 de
537 1075 48 21 med
601 1075 89 27 ändring
705 1075 23 21 af
743 1075 11 27 $
771 1075 27 21 29
814 1082 35 14 an-

98 1110 54 26 tagit
167 1110 41 20 den
223 1109 22 21 af
260 1110 54 21 1872
330 1110 35 20 års
380 1110 79 21 komité
474 1110 121 26 föreslagna
610 1110 81 26 lydelse
706 1110 6 20 i
729 1110 24 27 $$
769 1110 33 26 29,
814 1110 34 26 30,

99 1144 25 20 31
142 1144 40 21 och
196 1144 34 26 32,
246 1144 48 21 med
309 1144 107 27 undantag
432 1144 22 21 af
468 1151 62 15 mom.
546 1144 13 21 3
575 1150 45 15 som
636 1144 38 21 bör
688 1144 52 27 utgå
755 1145 55 21 samt
824 1144 24 28 $$

99 1178 34 26 34,
150 1178 27 21 35
194 1178 38 22 och
247 1179 34 21 36.

168 1213 79 21 Likaså
265 1212 116 22 föranlåtes
397 1213 37 26 jag
454 1219 110 15 reservera
579 1213 42 21 min
637 1213 112 22 afvikande
765 1214 85 26 mening

99 1247 91 21 rörande
210 1246 11 28 $
240 1248 13 20 2
272 1247 7 21 i
298 1247 104 26 förslaget
425 1247 32 21 till
480 1247 128 27 kungörelse
631 1254 33 14 om
683 1248 167 21 arbetssökande

99 1282 57 20 inom
176 1282 52 20 eller
247 1283 58 20 utom
324 1282 96 26 Finland,
440 1282 88 21 emedan
541 1282 37 26 jag
594 1288 62 15 anser
671 1282 62 21 äfven
749 1282 40 21 den
804 1288 46 16 som

100 1316 44 21 står
159 1316 67 21 under
242 1322 80 15 annans
337 1316 172 22 husbondevälde
524 1322 52 16 vara
590 1316 124 22 förhindrad
729 1318 32 20 att
773 1317 33 21 för
816 1324 34 14 ar-

100 1350 142 21 betssökande
264 1350 56 20 inom
341 1350 53 21 eller
412 1351 58 20 utom
488 1350 127 21 kommunen
634 1350 81 21 erhålla
733 1350 71 27 betyg,
823 1351 27 20 då

100 1384 124 20 husbonden
247 1384 75 21 sådant
344 1384 84 21 tillåter.
459 1384 42 21 Det
523 1384 68 26 gifves
613 1384 46 21 icke
679 1384 68 21 sällan
765 1384 39 22 fall
823 1385 27 20 då

101 1418 114 27 ömsesidig
231 1418 68 21 fördel
315 1418 122 27 derigenom
452 1424 87 16 vunnes.
568 1418 41 28 Jag
625 1419 68 21 skulle
705 1419 84 22 derföre
800 1420 6 20 i
817 1426 33 15 se-

101 1459 51 15 nare
168 1459 62 15 mom.
246 1453 24 21 af
284 1453 11 27 $
310 1453 80 21 föreslå
404 1453 94 27 följande
513 1453 99 28 ändring:

170 1493 163 17 Ekonomiutskottets
344 1494 100 17 betänkande
458 1493 32 17 N:o
502 1493 17 19 8,
