1020 1703
271 152 80 23 Ständ.
365 153 38 24 Sv.
419 167 27 2 —
461 154 69 28 Prop.
546 154 39 23 N:o
600 154 20 22 7.
772 155 11 21 7

144 215 8 19 i
170 214 83 22 landets
275 216 94 27 officiela
391 217 113 28 tidningar
526 217 91 28 införas,
637 219 28 19 än
680 217 8 20 i
703 217 111 22 allmänna

139 247 270 32 författningssamlingen
423 252 58 27 ingå.

458 319 14 27 $
486 321 20 19 4.

210 347 34 26 Är
258 352 123 22 koncession
392 353 13 21 &
413 354 237 28 jernvägsanläggning
664 353 94 27 beviljad
767 354 48 21 med

143 386 69 21 vilkor
234 389 32 19 att
282 387 119 28 jernvägen
423 388 57 21 skall
502 387 54 28 efter
575 388 42 21 viss
636 388 32 21 tid
683 388 35 21 till
732 388 84 21 kronan

144 420 101 28 afträdas
260 424 54 18 emot
329 422 51 20 eller
394 424 55 19 utan
464 422 67 26 lösen;
546 422 37 22 bör
597 422 88 28 uppgift
699 429 33 15 om
746 423 70 21 sådan

144 456 34 22 tid
192 456 8 20 i
215 456 115 22 hvartdera
341 456 67 27 fallet
423 457 52 28 ingå
489 457 9 21 i
513 457 73 28 hvarje
599 456 158 29 förskrifning,
772 464 43 14 som

145 492 26 19 är
185 490 78 27 afsedd
278 493 32 19 att
324 491 9 20 i
343 491 121 27 jernvägen
478 491 116 21 intecknas.
626 491 37 21 Då
674 492 93 27 jernväg
783 491 34 21 till

144 524 83 23 kronan
242 528 53 19 utan
310 526 121 27 ersättning
445 526 104 28 öfvergår,
564 525 84 29 upphör
666 526 150 28 inteckningen

145 562 32 19 att
191 560 67 27 gälla,
273 560 68 21 ehvad
354 561 78 28 gälden
445 563 27 19 är
487 561 87 28 gulden,
589 561 52 21 eller
656 561 49 22 icke.

204 642 2 2 .
454 627 14 26 $
482 626 20 20 5.

187 680 2 2 .
214 658 37 21 Då
262 658 84 28 tryckta
357 659 52 20 eller
418 659 119 27 graverade
543 658 179 28 förskrifningar
730 659 88 25 inlösas,

145 693 36 20 må
195 692 25 21 de
235 692 30 28 af
276 692 136 28 låntagaren,
429 692 52 22 dock
496 693 45 21 icke
555 692 70 28 oftare
639 695 30 19 än
682 699 25 14 en
717 693 58 27 gång
785 699 32 14 om

146 727 53 25 året,
219 726 150 28 öfverkorsade
382 726 83 28 företes
483 726 37 22 hos
536 727 41 21 den
591 726 98 26 domstol,
704 733 44 15 som
761 726 58 26 fast-

146 761 53 21 stält
222 761 157 27 inteckningen,
395 762 8 20 i
418 761 98 28 afseende
535 762 13 20 å
566 762 133 20 densammas
721 761 99 21 dödande

146 796 24 20 så
185 795 45 21 vidt
246 796 70 27 angår
330 796 40 20 den
387 796 36 20 del
441 796 31 26 af
486 796 65 26 lånet,
566 802 44 15 som
631 796 95 21 sålunda
748 795 72 28 blifvit

146 830 86 28 gulden.
262 829 35 22 På
311 830 76 27 hvarje
401 830 7 20 i
419 830 52 21 slikt
480 830 58 28 syfte
547 830 110 21 inlemnad
667 829 153 29 förskrifning

147 864 84 28 åligger
246 864 36 20 det
295 864 117 21 domstolen
426 866 32 19 att
474 864 74 22 teckna
572 864 53 21 bevis
649 871 32 14 om
703 864 117 21 intecknin-

146 905 52 21 gens
213 898 104 22 dödande.

458 939 15 27 $
487 940 20 20 6.
713 948 2 2 :

215 972 104 26 Domstol,
332 972 32 28 pä
378 972 84 22 hvilken
478 973 35 21 det
522 972 121 21 ankommer
653 974 32 19 att
696 972 125 28 handlägga

148 1007 95 20 ärenden
258 1006 94 21 rörande
367 1006 123 28 inteckning
505 1006 9 21 i
522 1007 100 26 jernväg,
633 1006 57 21 skall
703 1006 59 27 öfver
776 1006 46 21 alla

148 1040 76 29 dylika
238 1040 94 21 ärenden
343 1039 55 28 föra
405 1040 110 28 protokoll
524 1041 8 19 i
542 1040 95 21 särskild
647 1040 44 26 bok,
703 1040 47 21 deri
760 1042 61 19 ären-

149 1075 62 24 dena,
222 1074 67 21 ehvad
299 1075 26 20 de
335 1075 58 27 angå
408 1074 134 28 intecknings
560 1075 126 27 beviljande,
697 1074 126 28 förnyande

148 1109 52 21 eller
216 1109 105 26 dödande,
338 1109 51 22 böra
404 1109 79 28 inflyta
498 1109 9 21 i
522 1109 42 21 den
581 1109 94 28 ordning
691 1109 26 20 de
732 1109 90 21 tillkom-

148 1145 45 24 mit,
213 1144 112 21 hvarutom
346 1150 83 15 samma
451 1143 39 21 bok
509 1143 56 22 skall
575 1143 78 28 finnas
667 1143 116 27 vidhäftad
797 1150 25 14 en

151 1179 73 27 längd,
242 1178 143 28 upptagande,
410 1178 35 21 till
468 1179 127 27 upplysning
617 1178 38 20 vid
671 1178 152 27 förefallande

152 1213 69 26 behof,
236 1213 75 27 hvarje
326 1212 8 20 i
346 1213 118 27 jernvägen
481 1212 123 21 intecknadt
624 1212 43 26 lån,
685 1212 47 21 dess
748 1212 74 28 belopp

150 1250 55 19 samt
228 1247 57 21 tiden
307 1248 42 19 när
370 1246 150 28 inteckningen
537 1246 118 21 meddelats
671 1246 44 25 och,
730 1253 33 14 om
773 1246 51 26 för-

150 1282 71 27 nyelse
236 1283 34 25 egt
284 1275 54 31 rum,
353 1282 42 20 när
409 1280 79 22 sådant
502 1281 61 24 skett,
579 1280 116 27 äfvensom,
706 1280 29 20 då
745 1280 79 20 inteck-

150 1316 80 28 ningen
246 1315 33 21 hel
294 1314 38 22 och
347 1315 73 21 hållen
435 1315 51 20 eller
502 1315 34 21 till
550 1315 71 27 någon
636 1314 35 21 del
680 1314 74 26 dödas,
766 1314 58 20 tiden

152 1349 76 26 derför
243 1349 38 20 och
296 1349 34 20 det
346 1348 73 27 belopp
435 1348 107 20 dödandet
556 1347 110 27 omfattar.
695 1346 63 21 Inom
773 1349 51 18 tret-

152 1384 28 19 tio
196 1383 70 26 dagar
280 1381 54 28 efter
349 1382 35 20 det
398 1381 124 28 inteckning
537 1381 9 20 i
554 1381 93 27 jernväg
662 1380 96 28 beviljats
773 1381 52 20 eller

152 1417 84 26 dödats,
250 1416 56 21 skall
321 1415 103 22 anmälan
434 1415 76 22 -derom
531 1415 31 28 af
572 1415 117 21 domstolen
708 1416 65 27 göras
788 1414 37 21 hos

152 1453 131 27 guvernören
298 1452 8 20 i
321 1451 64 27 länet,
399 1450 86 22 hvilken
500 1450 34 21 det
550 1450 73 21 tillhör
638 1452 33 19 att
679 1449 79 22 sådant
768 1448 56 28 oför-

153 1487 108 28 dröjligen
277 1487 34 21 till
329 1486 91 21 Senaten
433 1485 115 22 inberätta.
