1025 1706
252 148 12 19 2
561 145 53 21 N:o
632 144 44 22 13.

226 214 82 21 skrifna
322 212 87 27 påföljd,
425 214 52 19 utan
493 214 32 18 att
539 212 83 25 sådant,
637 212 27 26 pä
680 213 44 19 sätt
738 218 29 14 nu
783 213 23 19 är
821 211 107 27 stadgadt,
937 210 35 21 be-

226 246 74 22 höfver
318 246 84 27 föregäs
423 246 22 21 af
460 245 52 21 flera
533 246 115 26 varningar
670 246 39 20 och
728 245 131 26 uppmaning
881 246 32 19 att
930 244 43 21 för-

227 281 67 21 skaffa
312 280 34 26 sig
368 280 208 26 arbetsanställning,
596 279 143 26 hvarigenom,
761 279 66 26 enligt
843 278 57 21 hvad
919 278 54 20 erfa-

226 316 102 20 renheten
342 314 120 26 ädagalagt,
478 314 126 20 lösdrifvare
618 314 7 20 i
638 313 26 20 de
678 312 63 22 flesta
749 313 37 21 fall
801 312 76 22 endast
891 312 81 21 lemnas

226 349 84 21 tillfälle
332 350 32 18 att
382 348 49 20 med
449 348 33 20 sin
503 348 75 20 vanart
596 346 91 22 fortfara
705 347 39 20 och
764 346 99 21 stundom
882 346 34 21 till
935 346 38 20 och

225 383 49 21 med
291 382 84 26 undgår
389 381 133 27 päföljderna
540 381 65 26 deraf,
621 380 52 21 eller
693 380 40 21 ock
751 380 126 26 afgörandet
895 379 23 21 af
931 379 42 21 frä-

225 422 42 21 gan
282 422 34 15 om
330 416 54 20 hans
399 415 128 27 behandling
542 414 120 27 onödigtvis
677 414 112 26 fördröjes.

296 449 77 27 Nägon
391 449 62 26 giltig
471 449 113 25 anledning
602 450 32 19 att
649 448 73 21 vidare
741 448 108 21 bibehälla
863 448 41 20 den
920 447 53 21 olik-

225 484 37 21 het
277 484 7 20 i
298 483 186 26 behandlingssätt
498 489 29 14 nu
542 482 98 26 gällande
655 482 135 26 lagstiftning
805 481 127 22 föreskifver
940 481 33 21 för

226 518 58 21 vissa
298 517 122 26 kategorier
435 516 23 21 af
471 522 107 21 personer,
588 517 26 20 de
629 516 38 20 der
674 516 101 20 beträdas
785 516 49 20 med
845 515 128 26 lösdrifveri,

225 551 40 21 har
283 552 81 20 ansetts
384 550 46 22 icke
449 550 122 27 förefinnas,
586 550 100 21 hvarföre
705 556 25 15 en
749 550 52 21 hvar
817 552 55 19 samt
890 550 83 21 säledes

226 585 62 21 äfven
306 585 98 26 zigenare
424 585 39 20 och
482 585 31 25 de,
530 591 46 15 som
593 585 59 20 förut
671 584 94 21 straffats
785 584 33 21 för
832 585 66 25 brott,
913 585 7 20 i
936 584 37 20 all-

225 619 87 21 mänhet
329 618 71 21 blifvit
414 619 31 20 uti
465 618 140 22 omförmälda
622 618 121 21 hänseende
761 618 116 26 likstälida,
893 618 81 21 hvilket

227 652 18 27 ej
261 652 67 21 borde
347 652 96 21 medföra
462 652 70 26 någon
548 652 119 26 olägenhet,
684 651 27 21 dä
726 652 26 20 de
767 652 122 26 föreslagna
905 651 68 21 straff-

226 686 188 26 bestämningarna
429 688 37 18 äro
481 686 139 21 latitudinära
636 686 39 21 och
689 685 135 27 följaktligen
838 686 73 21 kunna
919 686 54 21 efter

227 720 211 26 omständigheterna
453 722 99 19 utmätas.

296 754 12 22 I
323 754 69 27 öfriga
411 754 59 21 delar
488 754 200 21 öfverensstämmer
706 753 104 27 förslaget
827 754 7 20 i
852 753 122 22 hufvudsak

225 788 49 22 med
288 788 152 26 förordningen
456 788 23 21 af
492 788 40 20 den
547 789 27 20 23
588 788 90 20 Januari
695 788 60 21 1865.

296 822 71 21 Jemte
385 822 36 21 det
439 822 137 21 förenämnde
598 822 220 27 författningsförslag
836 822 88 21 härmed
943 822 31 22 öf-

226 856 118 22 verlemnas
363 856 33 21 till
417 856 130 22 Ständernas
568 856 125 27 antagande,
713 856 40 21 har
774 856 61 22 Hans
853 856 121 28 Kejserliga

226 891 102 26 Majestät
346 891 57 21 velat
420 890 119 22 förbehälla
558 891 32 26 sig
609 893 32 19 att
659 891 32 20 uti
710 891 48 21 dei
773 891 154 27 författningen
942 892 31 22 in-

226 925 81 27 gående
322 924 141 28 föreskrifter,
478 925 72 21 hvilka
566 927 37 19 äro
618 925 24 21 af
655 925 158 21 administrativ
821 926 152 26 beskaffenhet,

225 959 114 21 framdeles
355 961 53 24 göra
423 959 26 21 de
464 959 115 26 ändringar
594 959 39 21 och
648 959 81 27 tillägg,
746 965 46 15 som
806 959 68 22 finnas
889 966 52 15 vara
952 960 24 21 af

225 992 100 23 behofvet
339 992 120 27 påkallade.

224 1089 112 26 Förslag
354 1089 43 21 till
415 1089 167 26 förordning,
598 1087 137 29 angående
748 1090 160 22 lösdrifvare
923 1091 50 22 och

474 1123 77 22 deras
564 1123 171 26 behandling.

574 1191 11 26 &
603 1192 17 19 1

295 1228 114 22 Arbetsför
427 1228 56 21 finsk
501 1229 145 27 medborgare,
666 1236 47 15 som
731 1232 60 19 utom
809 1231 40 21 den
864 1231 107 26 kommun,

225 1263 38 20 der
277 1261 43 21 han
338 1261 52 21 eller
408 1261 43 20 hon
465 1261 40 22 har
523 1262 38 20 sitt
579 1263 57 20 rätta
655 1263 27 20 bo
699 1262 38 21 och
756 1263 97 27 hemvist,
870 1265 102 26 sysslolös

225 1295 84 26 stryker
328 1295 98 26 omkring
443 1297 53 19 utan
511 1297 32 19 att
558 1297 40 26 äga
614 1296 33 21 sin
661 1296 105 27 bergning
781 1297 23 21 af
818 1303 54 21 egna
886 1298 87 27 tillgån-

224 1334 38 21 gar
277 1329 52 21 eller
349 1335 75 20 genom
442 1335 81 16 annans
538 1329 102 27 vårdnad,
656 1331 35 20 mä
706 1331 96 22 anhållas
818 1331 23 22 af
847 1333 73 20 ortens
935 1339 37 21 po-

223 1363 152 27 lismyndighet
389 1363 52 22 eller
455 1364 24 21 af
492 1364 53 27 dem,
560 1365 74 21 hvilka
648 1365 73 27 tillsyn
733 1365 60 22 öfver
805 1366 54 22 slike
869 1373 104 20 personer

222 1397 67 28 enligt
307 1397 11 31 $
334 1398 13 20 4
367 1397 134 22 tillkommer.
532 1398 71 22 Gitter
622 1399 41 22 den
685 1399 99 22 anhållne
803 1401 18 27 ej
841 1407 76 20 genom
936 1402 37 21 be-
