1048 1703
236 131 27 20 22

426 129 28 18 U.
467 129 31 17 B.
512 138 22 3 —
546 129 82 21 Prop.
642 128 46 16 N:o
701 126 24 18 6,

350 199 33 21 att,
410 195 7 20 i
439 195 92 21 händelse
554 195 64 20 sådan
641 194 55 19 inom
721 192 120 21 kronomark
866 191 84 28 bejintlig

278 231 79 21 mindre
372 230 87 28 lägenhet
474 230 40 21 icke
530 230 40 20 kan
586 229 29 20 till
630 229 83 27 nybygge
732 228 46 21 eller
797 228 106 26 kronotorp
919 227 31 19 in-

278 270 67 22 rättas,
363 266 117 21 densamma
495 266 36 20 bör
546 265 30 21 till
591 265 76 20 kronan
678 264 102 28 afträdas;
796 263 49 21 dock
860 264 35 19 mä
910 262 41 22 icke

278 303 38 20 den
331 301 128 21 innehafvare
474 302 25 28 af
511 301 117 29 lägenheten,
646 308 42 12 som
703 301 34 20 vid
753 299 126 29 afrösningen
895 298 56 21 besit-

278 342 28 17 ter
322 338 123 23 densamma,
462 341 49 17 emot
522 338 30 20 sin
563 336 47 29 vilja
620 336 87 25 afhysas,
724 340 49 16 utan
783 336 94 27 gvarsitta
887 335 64 20 under

278 374 30 20 sin
332 372 62 29 lifstid
417 372 34 21 och
470 373 49 20 hans
538 373 68 20 hustru
625 371 47 28 efter
690 372 77 23 honom,
788 372 31 26 pä
832 370 59 28 förut
907 369 45 29 gäl-

279 409 60 20 lande
354 408 69 25 vilkor,
443 410 22 19 sä
481 408 55 29 länge
552 409 24 19 de
592 407 40 21 icke
641 407 96 29 förgripa
752 407 29 28 sig
800 409 50 18 emot
865 406 87 21 kronans

280 448 45 21 rätt,
345 444 46 22 eller
407 445 6 20 i
429 445 59 28 öfrigt
504 444 108 21 åsidosätta
628 443 43 20 sina
686 442 144 29 förbindelser;
851 441 100 26 skolande,

279 481 34 20 vid
329 480 50 21 slika
394 480 119 29 lägenheters
529 479 121 29 afträdande
664 479 30 21 till
704 479 83 24 kronan,
804 477 147 29 innehafvaren,

279 517 64 20 derest
358 515 107 29 afträdelse
484 517 66 20 under
564 516 50 20 hans
634 515 63 28 lifstid
717 514 162 28 ifrägakommer,
899 513 52 26 eller,

279 552 48 28 efter
349 552 49 21 hans
415 552 110 28 frånfälle,
552 552 49 20 hans
624 550 183 28 rättsinnehafvare,
832 550 24 28 af
876 550 77 20 kronan

280 590 81 18 ersättas
371 587 37 28 för
427 587 41 21 alla
489 587 87 27 odlings-
596 587 35 20 och
652 586 210 28 byggnadskostnader,
885 585 68 29 äfven-

280 630 43 13 som
338 623 161 28 uppkommande
520 623 66 20 tvister
601 622 76 25 härom,
697 625 51 17 samt
763 621 100 21 huruvida
878 624 25 18 ett
918 628 35 18 ny-

280 659 59 26 bygge
354 658 46 21 eller
418 662 44 24 torp
483 658 40 20 kan
538 661 69 24 utgöra
626 657 146 28 sjeljbestäende
787 657 92 28 lägenhet,
901 664 52 20 upp-

282 697 56 24 tagas
357 693 34 21 och
410 693 107 20 behandlas
536 693 8 20 i
560 694 38 20 den
613 693 85 28 ordning
716 692 33 29 lag
764 692 35 21 och
808 691 146 29 författningar

278 729 101 28 päljuda;

351 768 28 17 att
394 764 41 21 alla
451 765 45 20 med
515 763 281 29 kronoöfrerloppsjordarnas
812 762 142 29 provisionella

281 801 106 27 afrösande
403 801 54 20 inom
473 799 156 29 ifrågavarande
647 803 29 17 tre
695 799 83 21 socknar
788 799 100 28 förenade
903 799 51 20 kost-

280 837 65 20 nader
360 836 95 21 bestridas
471 835 24 28 af
507 836 86 23 kronan;

353 875 33 21 att,
401 875 68 24 genast
484 871 48 28 efter
547 872 32 19 det
597 871 37 20 slik
651 870 129 28 provisionell
795 871 102 28 afrösning
907 870 48 28 för-

280 907 77 28 siggätt,
383 906 249 29 lägenhetsinnehafvarene
654 906 8 20 i
681 906 67 29 hvarje
768 906 133 28 samfällighet
924 913 30 13 er-

281 942 55 21 hålla
354 941 30 21 till
405 942 38 20 den
466 941 156 29 samfälligheten
645 941 95 28 tillfallna
762 941 120 28 skogsmark,
906 945 49 17 utan

281 977 91 28 afseende
387 977 50 20 derå
453 981 27 16 att
501 977 220 27 kronoöfeerloppsjord
742 977 128 27 tilläfventyrs
885 977 70 27 fram-

283 1012 52 21 deles
351 1012 38 20 kan
405 1012 80 21 komma
501 1016 27 17 att
547 1012 92 27 derifrån
657 1012 93 25 utbrytas,
772 1012 65 20 sådan
857 1012 98 27 nyttjorätt

282 1049 50 20 både
347 1047 30 21 till
391 1047 96 29 husbehof
505 1048 34 20 och
554 1047 72 28 afsalu,
648 1054 42 14 som
710 1047 33 28 lag
758 1047 35 21 och
807 1047 148 28 författningar

280 1083 120 21 tillerkänna
415 1083 89 28 delegare
519 1084 8 19 i
542 1082 58 28 oskift
616 1083 67 24 mark;

354 1122 26 17 att
396 1119 156 20 socknemännen
567 1118 137 28 tillförsäkras,
724 1122 26 17 att
767 1118 77 21 kronan
860 1119 33 20 vid
909 1119 46 27 blif-

283 1155 62 20 vande
365 1154 102 27 ordentligt
487 1154 96 28 storskifte
606 1155 33 20 och
664 1155 85 27 definitiv
773 1153 143 29 skattläggning
939 1155 16 28 cj

282 1190 79 20 mindre
377 1197 97 13 ansvarar
483 1190 38 27 för
539 1190 107 20 kostnaden
666 1191 34 19 vid
720 1190 64 27 sagda
804 1189 96 28 storskifte
920 1190 35 20 och

282 1225 149 28 skattläggning,
454 1226 43 19 med
519 1225 102 28 undantag
636 1225 26 28 af
674 1226 106 27 ersättning
800 1225 29 20 till
844 1226 25 20 de
884 1225 71 21 dervid

282 1260 71 27 nödige
366 1260 50 27 gode
431 1263 49 16 män
499 1259 35 21 och
549 1259 256 28 handräckningsbiträden,
826 1260 66 20 hvilka
908 1261 48 19 böra

284 1294 26 28 af
321 1293 248 29 lägenhetsinnehafvarene
585 1294 134 28 kostnadsfritt
734 1294 37 28 för
791 1295 77 20 kronan
879 1298 76 25 preste-

284 1337 39 18 ras,
345 1333 27 18 an
387 1329 58 29 äfven
461 1329 87 28 erlägger
564 1329 40 22 alla
620 1331 131 28 ersättningar
764 1330 37 29 för
816 1331 80 21 skeende
912 1338 43 21 ego-

283 1365 311 29 delningsvättssammanträden,
620 1366 8 20 i
647 1365 42 29 fall
714 1370 28 16 att
767 1366 123 29 klagomålen
915 1366 40 22 icke

283 1410 57 13 anses
355 1402 114 28 obefogade;

356 1441 27 17 att
397 1438 141 28 grundräntan
554 1439 7 20 i
579 1438 113 22 Kemiträsk
712 1438 74 26 socken,
808 1440 32 20 vid
856 1440 38 20 den
910 1439 45 29 blif-

284 1474 64 20 vande
367 1473 79 28 slutliga
464 1473 167 30 skattläggningen
650 1474 24 28 af
686 1475 62 28 sagda
764 1475 74 25 socken,
860 1475 50 20 skall
926 1475 31 21 be-

278 1521 130 17 Sammansatta
421 1520 46 23 Lag-
480 1521 29 16 och
521 1521 173 18 Ekonomiutskottets
707 1522 105 17 betänkande
825 1522 36 17 N:o
874 1522 18 17 5.
