1036 1706
387 130 53 22 N:o
457 130 47 22 14.
793 133 12 19 3

89 199 71 20 damål
179 200 32 20 att
229 199 79 21 bereda
325 199 203 27 kronobetjeningen
544 199 84 21 tillfälle
644 201 32 19 att
691 201 52 19 utan
758 200 77 21 sådant

90 232 97 28 äfventyr
208 234 49 20 med
280 234 129 25 häradspost
427 233 101 21 försända
543 234 129 20 åtminstone
687 234 82 20 mindre
784 240 51 20 pen-

89 267 148 26 ningebelopp.
261 267 45 21 Och
322 273 45 15 som
382 274 26 14 en
424 267 58 26 dylik
497 267 119 26 anordning
630 268 65 20 redan
706 268 68 20 under
784 267 51 21 flera

90 301 35 21 års
148 301 31 21 tid
202 302 56 20 varit
279 301 70 21 införd
364 302 7 19 i
387 301 120 26 Uleåborgs
524 302 41 25 län,
585 303 53 19 utan
656 303 32 19 att
703 302 133 26 svårigheter

90 334 63 22 deraf
172 336 100 26 uppstått
289 335 34 21 för
340 335 159 27 postföringens
514 335 130 27 upplåtande
660 336 12 20 å
687 336 148 26 entreprenad,

90 370 62 20 torde
171 370 37 20 det
226 370 72 20 kunna
312 371 79 19 motses
407 371 33 19 att
455 370 69 21 denna
538 370 130 26 anordnings
684 370 153 21 utsträckande

93 404 34 20 till
143 404 68 26 öfriga
227 404 59 21 delar
302 404 22 21 af
337 404 73 20 landet
425 404 18 26 ej
459 404 67 21 heller
542 404 54 20 skall
610 406 59 18 möta
679 404 66 27 något
754 404 82 21 hinder.

162 438 42 21 För
220 440 31 19 att
266 439 43 20 alla
322 438 226 26 häradspostföringen
557 438 93 21 rörande
660 438 133 27 stadganden
803 438 34 21 må

92 472 119 21 innehållas
227 473 7 20 i
250 479 26 15 en
298 479 122 20 gemensam
443 472 132 27 författning,
591 472 39 21 har
645 472 7 20 i
668 472 35 21 det
719 472 120 21 Ständerna

93 513 29 14 nu
137 506 111 27 förelagda
262 507 104 26 förslaget
381 507 88 26 intagits
483 507 78 27 jemväl
577 506 80 21 sådana
668 507 171 21 administrativa

93 541 141 26 föreskrifter,
253 541 180 26 hufvudsakligen
453 541 230 21 öfverensstämmande
698 541 48 21 med
761 541 78 26 nådiga

94 576 142 26 kungörelsen
252 576 23 20 af
289 576 40 20 den
345 576 12 20 6
372 576 59 20 Mars
445 576 59 25 1848,
515 575 109 26 angående
635 575 205 27 häradspostinrätt-

94 610 90 26 ningens
203 610 98 26 förening
319 610 48 20 med
385 610 41 20 den
441 610 107 20 allmänna
562 609 139 27 postgången,
717 610 72 20 hvilka
805 610 36 20 det

94 644 75 20 tillhör
183 644 60 20 Hans
258 643 121 27 Kejserliga
394 644 103 26 Majestät
512 644 69 20 allena
592 645 32 19 att
634 643 91 21 utfärda.
749 638 18 26 Å
779 644 61 20 Stän-

96 678 77 21 dernas
188 678 99 26 pröfning
303 678 39 20 och
357 678 120 26 antagande
491 678 106 20 ankomna
611 677 65 21 likväl
692 678 17 26 ej
726 678 73 26 andra,
815 680 26 18 än

97 712 26 21 de
138 712 6 21 i
161 712 36 21 det
212 712 128 26 föregående
358 712 127 21 omnämnda
499 712 38 21 och
548 712 31 21 uti
590 712 24 27 $$
627 713 53 20 1—6
690 712 105 26 ingående
804 712 37 21 be-

97 746 138 27 stämningar,
251 746 99 21 hvarföre
365 746 103 26 förslaget
482 747 8 20 i
506 747 62 21 dessa
584 746 59 21 delar
658 746 140 21 öfverlemnas
809 746 34 22 till

97 781 40 21 den
153 780 23 21 af
190 781 120 21 Ständerna
324 781 107 21 beroende
446 781 134 26 behandling.

155 896 119 30 Förslag
288 895 43 21 till
346 894 164 26 förordning,
524 892 136 28 angående
675 895 108 21 härads-

346 934 250 26 postinrättningen.

172 996 49 21 Som
236 996 162 26 lagstiftningen
414 996 110 26 angående
539 995 226 27 häradspostföringen
781 996 7 20 i
801 996 45 20 lan-

101 1032 37 20 det
152 1030 81 21 funnits
248 1030 7 21 i
271 1030 57 20 vissa
344 1029 59 21 delar
417 1030 87 26 påkalla
519 1030 115 26 ändringar
650 1030 38 20 och
703 1030 82 26 tillägg,
800 1036 47 14 var-

102 1065 44 26 der,
169 1065 48 20 med
238 1063 151 28 upphäfvande
408 1063 22 21 af
446 1063 78 27 nådiga
542 1063 143 26 kungörelsen
704 1063 40 21 den
761 1065 11 19 6
788 1063 59 21 Mars

104 1100 59 25 1848,
186 1099 110 26 angående
317 1098 286 27 häradspostinrättningens
625 1097 98 26 förening
741 1098 49 20 med
809 1098 46 20 den

102 1134 106 20 allmänna
230 1132 139 27 postgången,
393 1131 39 21 och
455 1132 66 20 andra
535 1132 7 20 i
558 1133 71 19 ämnet
648 1131 98 26 gällande
764 1131 85 21 författ-

102 1168 82 25 ningar,
196 1166 126 21 förordnadt
333 1166 35 20 det
377 1165 60 21 skola
445 1165 161 21 nedannämnda
614 1165 135 21 föreskrifter
757 1165 92 21 rörande

103 1200 227 27 häradspostföringen
345 1199 114 21 framdeles
474 1199 64 21 lända
552 1199 33 20 till
601 1198 149 21 efterrättelse.

457 1273 10 26 8
485 1273 17 20 1.

177 1326 137 25 Häradspost
329 1327 23 18 är
367 1324 95 21 inrättad
477 1324 5 20 i
500 1323 97 21 ändamål
613 1324 33 19 att
660 1322 46 21 från
722 1322 40 21 och
772 1322 32 21 till
815 1322 38 21 hä-

107 1359 145 26 radshöfding,
268 1358 133 25 kronofogde
416 1357 39 21 och
470 1357 102 24 länsman,
588 1356 73 21 hvilka
675 1355 34 21 för
719 1355 47 21 sina
775 1355 78 21 befatt-

107 1394 77 26 ningar
200 1395 36 19 äro
252 1393 13 20 å
280 1392 73 21 landet
367 1392 92 25 bosatte,
475 1390 112 21 fortskaffa
598 1389 135 26 embetsbref,
745 1389 109 20 äfvensom

103 1428 38 25 för
159 1427 151 27 kungörelsers
329 1426 39 21 och
386 1425 107 22 allmänna
510 1424 83 27 påbuds
609 1423 142 22 befordrande
766 1423 33 21 till
815 1423 39 21 och

107 1463 57 21 ifrån
182 1462 108 27 kyrkorna
305 1461 13 21 å
333 1461 81 25 landet;
433 1460 39 21 och
492 1461 39 24 äga
549 1458 97 22 bemälde
660 1458 128 26 tjenstemän
801 1457 53 27 jem-
