1023 1711
409 118 52 23 N:o
477 118 49 24 10.

365 394 68 23 Hans
449 394 147 29 Kejserliga
612 393 136 29 Majestäts
763 391 79 32 nådiga

297 429 129 30 proposition
441 428 32 24 till
489 428 102 25 Finlands
606 428 94 30 Ständer,
708 435 32 17 om
752 429 90 30 ändring

296 463 24 24 af
334 464 11 23 T
362 464 11 27 $
388 463 23 24 17
427 463 49 30 kap.
491 463 26 24 R.
532 463 30 29 B.,
574 461 108 31 angående
697 463 95 25 enskilde
803 464 38 29 tje-

297 504 62 17 nares
372 497 107 30 jäfvighet
493 498 31 23 att
539 498 74 23 vittna.

160 573 43 21 Det
220 572 140 27 förhållande,
376 579 46 15 som
441 573 35 22 vid
494 573 132 21 tillkomsten
645 573 23 21 af
683 575 54 20 1734
756 574 36 21 års
807 574 35 26 lag

92 607 54 27 ägde
161 614 48 14 rum
228 608 90 20 emellan
337 607 111 21 husbonde
466 607 40 21 och
520 607 136 27 tjenstehjon,
672 607 40 21 har
726 608 68 22 under
810 614 32 15 se-

92 648 52 15 nare
159 642 38 26 tid,
214 642 39 21 och
268 642 124 27 isynnerhet
407 642 54 21 efter
477 642 37 21 det
521 648 29 15 nu
564 642 100 27 gällande
675 642 125 28 legostadga
808 642 34 22 för

90 676 125 22 husbönder
230 676 39 21 och
284 676 129 28 tjenstehjon
429 676 23 21 af
463 676 40 21 den
516 678 26 20 30
557 676 91 21 Januari
662 677 54 21 1865
728 677 114 26 utfärdats,

91 711 117 26 undergått
222 717 26 15 en
264 711 120 27 väsendtlig
399 710 132 27 förändring.
558 710 69 22 Sedan
642 711 164 27 tjenstehjonets
822 718 20 14 e-

91 745 96 26 genskap
204 745 23 21 af
239 745 92 21 medlem
346 745 7 20 i
368 745 137 22 husbondens
520 745 68 27 familj
600 745 39 21 och
653 745 107 22 beroende
769 746 23 21 af
801 747 41 20 den

92 779 134 21 sistnämnde
240 779 8 20 i
264 779 36 22 det
314 780 108 20 närmaste
437 779 100 27 upphört,
546 779 102 22 bedömas
664 779 62 22 deras
741 779 101 22 inbördes

91 813 206 22 rättsförhällanden
312 820 35 20 nu,
360 820 59 15 mera
433 816 27 19 än
475 813 114 27 tillförene,
606 814 54 21 efter
674 815 169 25 grundsatserna

92 848 33 20 för
141 848 53 21 aftal
213 849 89 20 emellan
322 849 117 20 ömsesides
457 849 44 20 lika
520 848 136 26 berättigade
670 855 110 19 personer.
810 849 33 21 Då

91 882 120 21 emellertid
229 882 32 21 uti
282 883 10 20 7
309 882 11 27 &
338 883 24 19 17
378 882 49 26 kap.
446 882 24 21 R.
486 882 24 21 B.
528 882 94 26 stadgas,
642 883 32 19 att
689 885 49 23 eget
756 882 86 22 husfolk

92 916 40 21 och
152 916 98 21 enskilda
268 916 88 27 tjenare,
375 916 76 22 medan
470 917 26 21 dei
533 917 94 27 tjensten
647 918 43 24 äro,
707 917 18 26 ej
741 916 23 22 fä
778 917 8 20 i
800 918 43 20 mäl

93 950 91 21 rörande
198 950 111 22 husbonde
324 950 84 27 aflägga
422 950 130 26 vittnesmål,
564 952 24 19 är
600 950 41 26 det,
654 950 36 21 vid
702 950 142 22 bedömandet

92 984 24 22 af
128 984 94 22 nämnda
239 984 212 26 rättsförhällanden,
467 985 33 21 till
518 984 52 28 följe
588 984 23 22 af
628 984 36 22 det
682 990 54 21 egna
755 985 87 27 tjenste-

92 1019 79 21 folkets
184 1019 112 27 jäfvighet,
312 1019 99 21 förenadt
425 1019 49 21 med
490 1021 46 19 stor
552 1018 109 27 svärighet
675 1018 34 22 för
721 1020 122 21 rättsökan-

93 1053 26 21 de
134 1055 33 19 att
182 1053 148 21 åstadkomma
345 1053 41 21 den
400 1053 74 21 härför
488 1053 80 27 nödiga
582 1053 144 27 bevisningen.
757 1054 43 20 För
812 1056 32 19 att

93 1087 134 27 undanrödja
242 1088 60 21 detta
316 1087 34 21 för
365 1087 54 21 bäde
434 1088 111 20 husbonde
561 1088 39 20 och
611 1087 130 27 tjenstehjon
752 1088 93 27 menliga

93 1122 134 21 förhällande
242 1121 39 22 och
297 1121 165 27 tillvägabringa
475 1128 26 15 en
511 1122 85 21 lättnad
607 1121 7 21 i
629 1122 214 27 bevisningsmedlen,

94 1155 81 21 hvilket
190 1155 70 21 skulle
277 1155 140 26 fördelaktigt
431 1156 89 20 inverka
535 1155 28 27 pä
578 1155 63 21 dessa
654 1162 115 19 personers
786 1157 58 20 ställ-

94 1189 52 26 ning
161 1189 33 21 till
209 1189 127 26 hvarandra,
352 1191 55 19 samt
426 1189 48 21 med
489 1189 82 22 fästadt
586 1189 101 22 afseende
702 1189 62 22 äfven
779 1190 66 27 derpä

94 1225 33 20 att
142 1223 48 21 frän
208 1223 40 22 den
267 1224 90 26 princip,
373 1229 46 15 som
437 1224 31 21 uti
487 1224 122 26 äberopade
627 1224 83 26 lagrum
725 1225 97 26 uttalats,
838 1226 6 19 i

94 1258 134 21 omedelbart
246 1258 152 26 sammanhang
420 1258 87 21 dermed
528 1258 68 27 gjorts
619 1257 36 22 det
678 1258 116 27 undantag,
814 1261 32 19 att

95 1292 130 27 tjenstehjon
243 1293 72 20 kunna
333 1293 68 20 vittna
416 1293 7 20 i
438 1293 103 20 händelse
560 1292 58 27 groft
632 1291 60 22 brott
710 1293 57 21 inom
782 1293 63 21 huset

96 1327 58 20 skett
169 1327 40 20 och
223 1327 67 20 andra
306 1327 18 25 ej
340 1326 100 26 närvarit,
453 1326 110 21 äfvensom
578 1332 76 20 genom
669 1326 77 26 Kongl.
762 1327 83 20 förord-

96 1360 79 25 ningen
193 1359 40 22 den
252 1360 11 20 7
282 1359 52 21 Juni
354 1359 53 21 1749
422 1360 73 20 vidare
513 1359 130 26 medgifvits,
659 1361 33 18 att
709 1360 6 20 i
735 1360 49 25 mål,
800 1366 46 15 som

97 1392 55 28 angä
169 1392 115 28 förbjudna
302 1392 46 27 spel
363 1392 49 22 med
427 1392 114 28 omyndiga
556 1394 56 20 samt
622 1392 223 28 penningeförsträck-

96 1427 78 27 ningar
189 1427 32 21 till
240 1427 54 27 dem,
309 1427 35 21 mä
362 1427 95 26 betjente
476 1427 40 20 och
534 1427 124 26 tjenstefolk
678 1427 12 21 å
709 1429 59 19 ömse
787 1428 60 21 sidor

96 1467 54 16 vara
168 1461 138 27 vittnesbära,
323 1462 51 20 utan
393 1463 33 19 att
445 1461 71 27 nägon
530 1461 112 22 rättsväda
656 1461 7 20 i
678 1461 54 28 följd
747 1462 23 20 af
784 1463 63 20 dessa
