1034 1706
281 137 31 21 U.
327 138 33 20 B.
377 137 85 25 Prop.
502 143 25 14 N:o
543 138 27 19 2.
758 138 10 20 3

55 211 129 26 uppmaning
206 211 32 19 till
261 211 41 20 bön
323 210 32 20 för
377 210 141 26 fästehjonens
533 210 64 26 lycka
613 211 38 19 och
667 212 131 26 välsignelse,

54 245 96 20 hvarföre
173 246 29 18 ett
223 244 100 20 formulär
345 244 32 20 till
399 244 84 26 lysning
501 245 7 19 i
524 244 57 20 detta
597 245 53 25 syfte
662 246 80 26 jemväl
757 246 45 20 blef

55 280 80 24 intaget
149 279 7 19 i
173 278 53 20 1571
244 280 32 18 års
295 278 171 26 Kyrkoordning,
482 280 54 18 samt
551 278 60 20 äfven
628 280 26 19 72
670 280 86 24 $11869
767 280 32 20 års

54 312 110 26 Kyrkolag
185 312 134 20 föreskrifver
341 319 25 13 en
386 312 40 20 bön
442 312 35 20 vid
492 312 90 26 lysning.
612 312 41 20 Vid
669 313 76 19 sädant
759 314 40 20 för-

54 347 99 20 hällande
168 346 38 20 har
221 347 36 19 det
272 346 23 20 af
307 346 88 27 mängen
412 348 78 18 ansetts
505 353 51 14 vara
571 348 117 24 opassande
704 349 30 18 att
749 351 51 23 göra

55 388 25 13 en
96 382 74 20 förbön
186 388 33 12 om
234 381 64 27 lycka
313 381 39 20 och
367 381 127 26 välsignelse
509 381 32 20 för
551 387 104 21 personer,
667 382 83 20 hvilkas
758 383 41 19 till-

55 416 89 19 ämnade
167 415 117 26 äktenskap
301 416 64 25 gjorts
381 416 65 19 ovisst
461 422 74 19 genom
552 416 30 19 ett
597 416 93 19 anmäldt
702 416 42 25 jäf;
760 417 39 19 och

55 449 27 20 dä
97 450 13 19 2
126 452 9 22 $
152 450 11 19 7
180 449 47 26 kap.
251 449 25 20 G.
292 449 23 20 B.
332 450 17 25 ej
366 449 132 26 fullständigt
512 451 103 24 upprepat
629 449 171 27 Kyrkolagarnes

56 484 105 20 föreskrift
183 490 34 13 om
239 483 122 26 lysningens
377 483 135 20 afkunnande
531 485 30 18 tre
577 484 104 26 söndagar
696 485 25 20 ”&
736 485 64 26 slag”,

55 518 23 19 sä
93 518 44 26 har,
146 517 106 21 sannolikt
266 518 6 19 i
289 517 113 26 anledning
416 518 67 24 häraf,
492 518 66 20 under
572 519 56 18 förra
639 519 72 26 seklet,
720 520 18 25 ej
748 519 53 20 blott

55 553 7 18 i
77 552 90 20 Finland
189 553 50 18 utan
262 552 62 20 äfven
347 552 6 19 i
369 552 93 26 Sverige,
478 553 39 20 den
533 553 71 26 praxis
620 553 134 26 uppkommit,
771 555 30 18 att

55 593 26 13 en
97 587 97 19 anmälan
210 592 32 13 om
255 585 36 28 jäf
303 586 45 20 haft
363 586 31 19 till
410 586 79 26 påföljd
506 593 25 13 en
546 587 47 20 icke
605 587 90 20 afslutad
706 588 96 26 lysnings

56 620 147 25 afstannande;
226 620 40 20 och
289 621 58 19 detta
366 620 52 20 bruk
434 620 37 20 har
486 621 18 25 ej
522 621 54 20 blott
590 621 68 19 funnit
672 623 30 18 ett
717 621 84 26 uttryck

56 655 7 19 i
79 654 35 20 det
129 655 29 18 uti
173 654 112 19 hvartdera
301 653 72 21 landet
387 657 79 23 gängse
483 654 110 25 talesättet,
611 656 30 18 att
651 655 47 26 den,
709 662 43 13 som
764 659 38 22 gör

54 688 37 27 jäf,
114 688 119 26 ”förbjuder
251 687 132 27 lysningen”,
398 689 50 18 utan
464 688 61 19 äfven
540 689 74 19 vunnit
629 690 29 18 ett
673 689 46 20 stöd
735 689 65 26 deraf,

56 724 31 18 att
108 722 64 27 nägre
194 721 109 21 författare
326 722 7 19 i
356 722 91 19 civilrätt
469 722 39 20 och
527 722 116 26 kyrkorätt,
662 723 80 20 sädane
757 729 44 14 som

56 756 109 26 Tengvall,
188 756 123 21 Nordström
335 756 39 20 och
397 756 125 26 Schauman,
539 756 86 20 anslutit
640 757 32 26 sig
686 757 32 19 till
734 757 68 20 denna

56 790 135 27 uppfattning
205 790 23 20 af
241 790 72 26 saken,
329 792 53 18 samt
397 792 31 18 att
443 793 30 17 ett
488 791 69 26 dylikt
572 790 118 21 förfarande
706 793 49 18 utan
766 791 35 20 nä-

57 827 36 24 got
108 824 106 26 ogillande
237 820 70 24 blifvit
331 824 121 20 omnämndt
473 825 7 19 i
494 825 119 26 Kejserliga
627 825 84 20 Brefvet
726 825 23 20 af
762 825 39 20 den

59 859 24 20 13
100 858 94 21 Oktober
219 858 58 20 1834.
315 858 77 20 Senare
414 859 38 19 har
468 859 57 20 detta
540 859 53 20 bruk
608 860 18 25 ej
643 859 65 20 heller
722 859 82 20 kunnat

57 896 52 17 röna
131 893 64 26 något
219 893 156 20 inskränkande
396 893 116 26 inflytande
528 892 23 21 af
569 893 54 20 1869
640 893 32 20 års
687 893 115 27 Kyrkolag,

57 928 86 19 emedan
161 927 68 20 denna
244 927 42 25 lag,
301 927 7 18 i
323 927 60 25 fräga
397 933 35 12 om
447 927 94 26 lysnings
557 927 140 25 afkunnande,
714 928 18 25 ej
746 927 56 20 med-

58 962 58 19 delar
131 960 85 26 utförlig
231 960 113 26 föreskrift,
365 962 49 18 utan
428 960 8 20 i
450 960 27 20 72
493 963 10 22 $
519 960 98 20 hänvisar
631 961 31 19 till
678 960 56 20 hvad
748 961 6 19 i
770 967 32 13 sa-

57 996 42 20 ken
114 994 99 22 särskildt
228 997 23 17 är
266 994 103 27 stadgadt.

126 1025 69 24 Äfven
218 1029 7 19 i
243 1028 153 27 hufvudfrägan
413 1028 58 20 delar
486 1028 146 27 Lagutskottet
646 1028 102 26 enhälligt
763 1028 39 21 den

58 1064 5 18 i
81 1063 155 27 propositionen
252 1063 94 20 uttalade
361 1064 91 25 mening,
468 1065 31 17 att
513 1066 95 17 närmare
624 1063 130 25 bestämning
769 1063 33 20 be-

59 1097 72 20 höfves
147 1103 34 14 om
197 1097 39 19 den
253 1098 38 25 tid,
307 1097 56 20 inom
378 1097 85 20 hvilken
479 1097 40 20 den
535 1098 78 25 borgen
628 1097 37 19 bör
680 1097 72 20 ställas
764 1097 39 20 och

59 1132 41 19 den
116 1131 104 26 stämning
242 1133 66 24 tagas,
331 1137 33 14 om
387 1131 72 20 hvilka
482 1131 10 19 3
509 1134 10 21 $
535 1132 11 19 7
564 1131 49 26 kap.
629 1130 23 22 G.
668 1131 23 21 B.
708 1131 95 20 handlar.

58 1166 10 19 I
90 1166 73 26 hvarje
183 1165 101 20 händelse
307 1168 23 16 är
352 1172 25 13 en
400 1165 59 26 dylik
477 1165 174 26 tidsbestämning
665 1165 101 26 påkallad
783 1164 23 20 af

58 1200 88 19 rättvisa
168 1198 39 21 och
231 1199 102 26 billighet,
348 1199 88 21 emedan
451 1198 143 27 fästehjonens
609 1200 41 18 rätt
664 1206 28 12 nu
706 1202 24 16 är
744 1198 58 20 bero-

59 1233 53 20 ende
128 1233 23 19 af
172 1232 123 27 tolkningen
319 1233 47 19 utaf
386 1233 34 20 det
442 1233 123 20 obestämda
580 1232 60 21 ordet
654 1232 82 20 Ystrax”
750 1234 54 18 samt

60 1267 22 20 af
104 1267 40 20 den
167 1269 56 18 utom
246 1269 93 24 prestens
355 1267 105 27 egentliga
479 1267 44 19 kall
539 1266 98 27 liggande
651 1266 153 20 vidsträcktare

59 1301 104 27 pröfning,
186 1307 51 19 som,
259 1302 66 26 enligt
339 1308 28 12 nu
381 1301 99 27 gällande
494 1300 111 21 redaktion
621 1300 23 20 af
656 1300 89 20 berörda
760 1300 43 26 lag-

59 1342 52 17 rum,
125 1336 42 18 kan
189 1336 76 18 honom
289 1335 108 19 åhvälfvas
416 1336 8 17 i
438 1335 60 25 fråga
512 1335 79 24 derom,
607 1334 101 18 huruvida
723 1336 30 17 ett
768 1339 35 13 an-

59 1368 67 20 mäldt
145 1368 34 26 jäf
198 1367 70 21 blifvit
281 1368 93 26 lagligen
389 1366 108 27 fullföljdt,
512 1367 53 19 eller
578 1367 54 24 icke,
647 1366 40 20 och
701 1366 103 20 huruvida

60 1401 132 27 följaktligen
208 1402 29 19 ett
252 1401 88 26 förelyst
355 1407 37 20 par
411 1400 37 21 har
464 1402 42 18 rätt
521 1402 30 18 att
566 1400 64 27 vigas,
646 1400 51 20 eller
712 1400 25 26 ej.
766 1398 39 21 Att

61 1436 61 19 äfven
145 1437 93 24 prestens
263 1442 52 19 egen
334 1437 41 18 rätt
389 1435 42 20 kan
447 1442 51 13 vara
513 1434 61 21 deraf
586 1434 112 26 beroende,
714 1433 90 27 framgår

128 1473 135 24 Lagutskottets
275 1474 110 18 betänkande
396 1479 31 13 n:o
438 1474 16 17 1.
