1014 1706
254 150 29 22 U.
302 151 32 20 B.
351 160 25 5 —
396 151 83 24 Prop.
495 150 51 21 N:o
564 151 43 21 18.

331 314 167 31 Lagutskottets
514 313 87 31 förslag
619 313 32 25 till
669 313 84 25 ändrad
771 314 32 31 ly-

266 354 62 24 delse
348 354 26 24 af
390 353 14 25 7
422 355 15 27 $
456 354 13 24 8
488 354 52 31 kap.
550 349 164 29 Ärfdabalken
704 345 12 44 i
729 353 75 25 öfver-

264 393 168 25 ensstämmelse
451 394 46 24 med
513 393 25 25 de
550 392 182 33 beslut,
638 388 8 42 i
659 392 71 33 hvilka
741 392 62 26 Stän-

267 434 40 24 den
327 436 77 21 senast
423 435 87 23 stannat
528 433 35 24 vid
582 432 66 31 fräga
657 440 34 17 om
700 439 105 18 samman-

263 473 116 32 jemkning
402 473 26 25 af
444 473 66 24 deras
528 473 59 24 förut
606 472 83 25 fattade
709 473 96 31 skiljak-

269 514 47 29 tiga
334 513 72 24 beslut
428 513 8 24 i
455 513 116 30 anledning
594 513 26 24 af
639 512 56 25 Hans
714 512 91 32 Kejser-

265 553 48 31 liga
332 552 116 31 Majestäts
470 551 80 32 nädiga
572 552 143 31 proposition,
738 551 68 32 angä-

267 593 55 24 ende
342 592 173 31 förändringar
509 587 11 41 i
527 592 77 30 lagens
623 591 134 32 stadganden
773 599 33 18 om

266 631 70 25 oäkta
354 631 66 25 barns
439 632 101 24 arfsrätt.

132 699 69 21 Sedan
216 699 147 26 Lagutskottet
379 699 39 19 den
435 698 26 20 16
478 699 95 20 sistlidne
588 699 60 26 April
664 699 31 20 till
711 700 96 26 samtliga

64 733 94 22 Stånden
167 733 138 20 öfverlemnat
314 733 36 20 sitt
366 733 22 20 af
402 733 60 20 deras
479 733 134 20 derförinnan
625 733 80 20 fattade
721 733 85 27 skiljak-

64 769 43 26 tiga
123 768 69 20 beslut
205 768 7 19 i
224 767 169 20 ofvannnämnda
404 767 77 20 ärende
492 767 123 20 föranledda
624 767 78 27 förslag
713 767 30 20 till
755 775 52 13 sam-

65 801 156 27 manjemkning
236 801 24 20 af
272 807 79 14 samma
366 801 76 25 beslut,
452 801 64 20 hafva
526 801 153 26 Ridderskapet
690 802 39 19 och
739 801 70 20 Adeln

65 838 54 19 samt
133 836 80 20 Preste-
230 835 39 20 och
285 835 162 20 Bondestånden
467 835 129 20 underrättat
611 835 152 26 Lagutskottet,
780 838 30 17 att

65 870 62 20 dessa
142 872 30 17 tre
188 869 61 20 stånd
265 869 52 20 först
331 869 96 26 godkänt
448 869 89 21 berörda
556 869 253 27 sammanjemkningsför-

66 905 51 26 slag,
138 904 66 27 enligt
222 904 87 25 hvilket,
329 903 64 21 bland
414 906 70 23 annat,
503 905 11 18 7
534 906 10 22 $
563 904 12 19 8
595 904 48 26 kap.
658 901 26 24 Ä.
700 904 23 20 B.
743 904 68 21 skulle

67 938 80 21 erhälla
163 938 42 20 den
219 938 7 19 i
242 939 40 19 den
303 938 77 26 nädiga
402 939 157 25 propositionen
582 937 119 28 föreslagna
723 939 88 26 lydelse,

68 979 46 14 men
131 972 96 25 derefter,
244 972 47 20 med
307 972 119 27 antagande
437 971 23 21 af
468 972 186 26 Borgareständets
670 973 140 20 nedannämn-

69 1007 26 20 da
106 1006 132 27 inbjudning,
254 1006 31 20 till
297 1006 147 26 Lagutskottet
459 1006 160 20 äterremitterat
634 1006 87 21 ärendet
735 1007 7 20 i
757 1007 56 20 hvad

69 1041 35 20 det
119 1041 66 26 angår
201 1040 143 27 nyssnämnda
358 1040 100 26 paragraf
471 1041 6 18 i
494 1041 11 19 8
525 1040 48 26 kap.
588 1037 26 24 Ä.
630 1040 23 19 B.
669 1052 27 3 —
712 1041 101 26 Borgare-

68 1075 90 25 ständet,
174 1080 43 14 som
233 1074 32 20 för
280 1074 32 19 sin
328 1073 34 20 del
378 1073 47 20 lätit
439 1074 61 19 anstä
518 1074 47 20 med
585 1074 41 20 den
648 1074 85 26 slutliga
747 1075 66 20 hand-

69 1109 129 26 läggningen
216 1107 24 21 af
252 1107 316 27 sammanjemkningsförslaget
582 1108 6 19 i
604 1108 69 26 öfrigt,
689 1107 37 21 har
741 1109 72 20 nemli-

70 1149 47 20 gen,
134 1142 66 26 enligt
215 1142 55 19 hvad
286 1141 89 20 Ständet
390 1141 106 20 meddelat
510 1141 152 26 Lagutskottet,
682 1141 31 21 till
728 1142 86 21 Utskot-

71 1178 30 18 tet
124 1176 132 20 äterförvisat
278 1175 87 21 ärendet
379 1175 6 20 i
401 1175 55 20 hvad
476 1175 34 20 det
532 1179 57 17 rörer
604 1177 11 18 7
632 1178 10 22 $
658 1177 11 18 8
686 1176 48 26 kap.
750 1173 25 23 Ä.
791 1177 24 20 B.

71 1210 48 21 med
135 1209 104 20 anmodan
256 1212 31 17 att
302 1209 128 20 underkasta
446 1209 100 27 förslaget
561 1209 31 20 till
608 1209 80 27 lydelse
704 1210 32 20 för
747 1210 68 21 denna

72 1246 10 23 $
98 1251 26 14 en
140 1243 170 27 omformulering
324 1244 7 19 i
348 1244 34 19 det
397 1243 62 26 syfte,
475 1245 30 18 att
520 1244 36 19 det
571 1243 94 27 tydligen
676 1244 67 20 skulle
754 1244 61 20 fram-

72 1278 34 27 gå,
121 1279 32 19 att
167 1277 65 20 oäkta
247 1277 51 20 barn
315 1277 35 20 vid
365 1277 34 19 arf
412 1277 52 20 efter
480 1278 71 19 moder
571 1279 59 24 tager
644 1277 46 20 half
703 1277 39 20 lott
761 1281 56 17 emot

74 1312 50 20 äkta
135 1311 79 26 syskon
229 1311 23 20 af
265 1317 80 14 samma
359 1311 55 26 kön;
429 1311 115 26 hvarjemte
559 1311 176 26 Borgareständet
750 1312 66 25 inbju-

74 1346 30 19 dit
121 1346 26 19 de
163 1345 67 25 öfriga
245 1344 93 20 Ständen
354 1346 30 17 att
400 1345 73 19 förena
483 1345 31 25 sig
525 1351 34 13 om
570 1351 25 13 en
610 1344 65 19 sädan
692 1345 125 19 äterremiss.

143 1378 32 19 Då
191 1377 69 21 denna
275 1377 131 27 inbjudning,
423 1377 68 20 såsom
507 1377 64 20 redan
586 1377 107 25 nämndes,
709 1377 24 20 af
746 1378 26 19 de
787 1377 30 20 öf-

74 1413 46 25 riga
136 1411 92 21 Ständen
248 1411 98 26 antagits,
370 1412 37 19 har
422 1410 166 27 Lagutskottet
586 1406 12 36 i
606 1410 139 21 omförmälda
764 1413 55 24 syfte

75 1445 141 27 omredigerat
239 1445 39 20 den
300 1446 6 19 i
325 1445 117 20 Utskottets
464 1445 134 20 betänkande
620 1444 39 21 N:o
679 1446 11 18 5
707 1445 112 21 förordade

75 1480 83 27 lydelse
173 1479 23 21 af
209 1480 11 19 7
238 1482 9 22 $
263 1480 12 19 8
291 1479 49 26 kap.
357 1475 25 26 Ä.
397 1479 31 26 B.,
443 1485 45 14 som
504 1481 22 18 är
541 1479 118 26 föreslagen
670 1479 6 19 i
688 1479 40 20 den
742 1479 77 28 nådiga

145 1519 66 19 Andra
222 1519 84 23 bVihanget
318 1519 30 18 till
360 1519 136 22 Lagutskottets
508 1518 110 19 betänkande
630 1518 37 18 N:o
678 1520 16 16 5.
