1042 1703
192 139 14 21 4
381 138 63 21 Ständ.
460 138 31 20 Sv.
509 150 23 3 —
548 138 54 27 Prop.
617 138 32 20 N:o
666 138 32 20 20.

163 200 81 22 sådana
263 199 67 27 skola,
350 200 38 21 der
408 200 67 21 andra
489 199 130 27 tillgängliga
633 199 117 21 inkomster
764 199 46 21 icke
825 201 37 19 äro
877 199 42 21 till-

164 234 93 26 räckliga
275 233 33 21 för
328 233 117 22 desammas
467 232 142 25 bestridande,
629 233 114 27 tillskjutas
761 232 23 22 af
797 232 122 22 samhällets

165 268 138 22 medlemmar
318 266 53 23 efter
386 267 26 21 de
426 267 99 27 grunder,
540 273 45 15 som
600 267 33 21 för
647 266 136 22 kommunala
800 266 119 28 utskylders

166 302 127 27 erläggande
311 299 41 24 'äro
372 301 108 27 stadgade.
511 301 81 21 Genom
612 301 69 21 denna
697 300 133 28 bestämning
845 301 74 27 skulle,

164 336 72 21 derest
254 336 41 21 den
314 335 127 22 oförändrad
458 338 93 24 antoges,
567 335 72 26 hvarje
654 335 109 26 möjlighet
778 334 95 22 afskäras
888 337 32 19 att

163 370 34 21 för
210 369 142 27 fattigvärden
366 369 98 22 beskatta
479 371 67 20 större
562 369 61 21 delen
639 369 22 21 af
669 369 127 27 inhysingar,
808 369 39 22 och
857 369 63 21 back-

164 403 120 28 stuguhjon,
307 403 23 22 af
348 403 73 21 hvilka
443 403 74 21 endast
539 409 26 15 en
585 403 82 21 mindre
686 403 33 21 del
734 403 71 21 kunde
819 403 101 27 päläggas

164 438 116 26 skattören,
297 437 27 22 dä
339 437 36 22 det
389 443 50 15 vore
454 437 34 22 för
503 437 47 21 dem
566 437 71 21 alltför
646 437 134 27 betungande
791 439 33 19 att
831 437 90 27 bidraga

164 471 33 22 tili
212 471 140 22 kommunens
366 471 42 21 alla
423 471 91 27 utgifter.
541 471 40 21 Till
596 470 172 22 förekommande
783 471 62 22 häraf
857 471 64 22 hafva

164 506 125 26 Ständerna,
312 511 46 16 som
380 511 51 16 anse
450 505 62 21 äfven
529 505 164 21 medlemmarne
712 504 23 22 af
752 505 40 21 den
812 505 109 21 samhälls-

164 540 64 26 klass,
243 539 48 21 frän
305 539 85 21 hvilken
400 539 139 26 fattighjonen
549 538 148 22 företrädesvis
707 539 57 26 utgä,
775 538 58 27 böra,
844 539 77 21 medan

165 574 26 21 de
206 576 37 19 äro
258 572 124 27 arbetsföra,
398 572 7 22 i
420 574 70 25 nägon
505 578 48 16 mon
564 572 69 21 lemna
643 572 76 27 bidrag
729 572 32 21 till
771 572 148 27 fattigvärden,

164 607 32 22 uti
211 607 11 27 $
238 608 32 21 29.
280 607 65 21 infört
360 608 32 20 ett
406 606 74 27 tillägg
495 606 78 26 derom,
589 608 32 19 att
631 606 227 27 fattigvärdssamhälle
868 606 53 27 jem-

164 641 35 22 väl
220 641 122 27 berättigas,
366 642 32 20 att
420 647 75 20 genom
511 646 26 16 en
555 640 98 27 personel
672 640 59 26 afgift
750 640 33 22 för
801 640 120 22 ändamälet

164 675 99 22 beskatta
277 675 73 27 hvarje
365 674 105 22 arbetsför
479 674 197 27 samhällsmedlem,
692 681 46 14 som
751 674 39 27 fylt
799 674 80 21 femton
889 675 30 20 är.

234 709 119 21 Ständerna
375 708 62 21 hafva
458 709 17 26 ej
495 708 67 21 heller
577 708 81 21 kunnat
672 709 113 26 godkänna
799 708 100 27 förslaget
913 708 7 21 i

165 743 12 28 8
192 744 34 26 30,
246 744 32 20 att
296 742 243 27 lägenhetsinnehafvare
555 743 13 20 &
582 741 73 22 landet
669 742 68 21 skulle
751 742 103 21 förklaras
869 742 52 27 plig-

164 777 32 28 tig
210 779 32 20 att
257 783 90 16 ansvara
361 776 33 22 för
409 776 27 21 de
451 776 82 27 afgifter
548 776 33 21 till
595 775 147 28 fattigvärden,
755 776 72 22 hvilka
836 776 84 27 päföras

164 811 122 28 inhysingar
308 811 39 21 och
369 810 104 22 särskilda
494 810 67 21 andra
579 809 113 22 obesuttna
713 817 107 20 personer,
842 811 26 21 de
883 811 38 21 der

164 845 40 22 hos
225 845 79 22 honom
324 844 69 22 blifvit
412 845 52 21 eller
481 844 50 21 bort
550 843 65 22 blifva
630 844 175 25 mantalsskrifne.
835 839 39 35 Att
886 839 35 35 ut-

164 879 75 22 kräfva
259 879 91 22 berörda
372 879 83 27 afgifter
478 878 22 22 af
518 878 266 27 lägenhetsinnehafvaren,
804 879 33 26 dä,
855 879 66 27 enligt

164 913 98 28 gällande
284 912 251 27 kommunalförfattning,
558 913 65 26 nägot
646 913 67 26 dylikt
733 913 18 27 ej
770 913 33 21 fär
820 919 39 21 ega
873 920 47 15 rum

164 947 132 23 beträffande
316 947 25 22 de
361 947 123 22 obesuttnas
503 946 67 28 öfriga
588 947 136 21 kommunala
739 947 114 28 utskylder,
869 954 51 15 vore

166 982 66 26 enligt
246 981 129 22 Ständernas
390 981 65 21 tanke
470 988 26 14 en
512 981 115 27 obillighet,
640 981 85 21 hvilken
736 982 107 21 dessutom
853 981 68 22 skulle

165 1018 53 25 göra
232 1016 36 20 det
282 1015 33 21 för
330 1015 79 21 sädana
423 1021 102 20 personer
539 1016 85 20 svärare
639 1016 32 19 att
686 1014 99 22 förskaffa
800 1015 31 27 sig
841 1015 80 27 stadigt

165 1049 96 22 hemvist.
291 1045 68 25 Äfven
378 1049 41 20 den
433 1048 7 21 i
455 1055 80 15 samma
554 1048 100 27 paragraf
671 1049 158 26 sjömanshusen
844 1049 77 27 älagda

166 1083 146 28 skyldigheten
327 1084 32 20 att
374 1089 89 14 ansvara
476 1082 33 21 för
519 1082 107 21 derstädes
637 1082 105 27 inskrifne,
753 1083 14 21 ä
776 1089 59 15 resor
845 1083 75 22 stadde

166 1117 114 27 skeppares
296 1116 39 22 och
350 1116 91 27 sjömäns
463 1115 144 28 fattigafgifter
627 1122 60 21 synes
707 1117 119 21 Ständerna
841 1117 78 27 obillig,

167 1151 27 22 dä
209 1151 159 27 sjömanshusen
383 1150 46 21 icke
444 1150 81 27 förfoga
540 1149 58 22 öfver
614 1150 70 21 dertill
695 1151 135 21 användbara
839 1151 80 25 medel;

166 1185 40 22 och
219 1191 51 22 som
288 1184 154 21 fabriksidkare
457 1185 68 20 redan
537 1185 28 26 pä
579 1185 69 26 grund
663 1185 22 20 af
698 1185 11 26 $
725 1186 12 19 5
753 1187 24 19 är
791 1185 82 27 skyldig
888 1187 32 19 att

166 1219 66 26 draga
246 1218 82 27 försorg
348 1224 40 20 om,
409 1219 32 20 att
459 1218 94 21 hvarken
567 1218 53 21 hans
636 1218 97 21 arbetare
749 1218 50 22 eller
815 1219 60 21 deras
890 1219 29 21 fa-

166 1252 69 26 miljer
248 1251 50 21 falla
312 1251 140 26 fattigvården
467 1251 33 20 till
514 1252 46 25 last,
577 1251 76 21 saknas
668 1252 72 26 hvarje
755 1252 112 26 anledning
881 1254 38 24 att,

166 1286 70 20 såsom
250 1285 7 20 i
273 1285 11 26 $
300 1285 25 20 31
342 1286 24 19 är
380 1283 118 28 föreslaget,
519 1284 122 27 ytterligare
662 1284 82 22 utöfver
758 1285 91 21 nämnda
864 1285 55 27 skyl-

167 1318 72 27 dighet
254 1318 39 21 och
309 1318 25 21 de
350 1317 88 28 afgifter,
454 1317 153 22 fabriksidkare
622 1319 27 26 på
664 1318 69 27 grund
747 1318 23 22 af
782 1318 70 28 vanlig
863 1321 57 20 taxe-

166 1353 47 26 ring
235 1355 37 18 äro
291 1352 87 27 pligtige
393 1353 32 20 att
446 1352 89 27 erlägga,
555 1351 98 22 åhvälfva
668 1353 47 20 dem
730 1353 103 21 särskilda
848 1353 71 27 fattig-

166 1387 114 27 utskylder.

235 1422 31 20 På
288 1420 62 22 ofvan
372 1420 88 22 anförda
482 1420 46 22 skäl
546 1420 62 22 hafva
627 1421 118 22 Ständerna
764 1423 69 21 ansett
852 1422 24 28 $$
892 1423 27 21 30

167 1456 39 21 och
222 1456 25 21 31
264 1456 52 21 böra
330 1462 26 14 ur
370 1454 234 28 författningsförslaget
619 1456 55 26 utgå.
