1034 1706
227 154 25 19 14
497 153 55 22 N:o
570 153 47 22 11.

197 221 58 25 eller,
279 226 34 15 om
335 220 53 21 flera
410 220 45 22 lika
476 220 123 22 beskaffade
618 220 96 27 afgifvits
730 222 12 20 &
757 221 136 27 gästgifveri-
909 222 38 21 och

198 254 193 27 skjutshällningen
407 254 35 21 vid
458 260 81 16 samma
554 254 133 28 gästgifveri,
702 256 38 20 det
754 255 24 21 af
792 256 54 26 dem,
862 262 46 15 som
917 262 32 15 er-

196 288 78 27 bjuder
289 289 82 21 största
385 288 107 22 säkerhet.

269 322 46 22 Har
333 323 71 26 någon
422 323 35 21 vid
472 323 89 22 auktion
577 324 69 26 åtagit
660 324 33 26 sig
708 324 122 27 hållgöring
846 324 13 21 å
874 326 31 20 ett
921 325 28 21 el-

197 358 32 20 ler
252 356 53 22 flera
327 357 152 27 gästgifverier
501 360 51 19 utan
575 364 71 15 annan
660 358 121 27 ersättning
796 360 27 20 än
838 358 109 22 fastställd

198 391 125 28 skjutslega,
340 393 39 25 äge
395 392 145 27 Guvernören,
557 392 82 22 ändock
654 394 33 20 att
702 393 95 21 anbudet
804 393 24 21 af
834 393 26 21 de
869 393 80 27 skjuts-

197 426 163 27 ningsskyldige
384 426 125 26 förkastats,
532 428 79 25 antaga
633 427 39 21 och
694 426 109 22 fastställa
825 428 125 26 detsamma,

199 460 91 22 såframt
305 460 48 27 den,
369 466 45 16 som
430 460 95 22 anbudet
539 461 64 27 gjort,
620 463 51 24 äger
686 461 42 27 god
743 461 57 27 fräjd
808 461 40 22 och
856 462 94 21 befinnes

199 495 62 21 äfven
284 495 64 27 eljest
369 495 89 27 lämplig
476 497 57 19 samt
547 495 34 21 för
596 495 127 27 ätagandets
739 495 135 27 fullgörande
890 496 61 21 ställt

199 529 135 27 vederhäftig
349 530 87 26 borgen.

271 564 250 26 Entreprenadsumman
535 564 107 27 uppbäres
658 564 23 21 af
694 563 154 28 Kronofogden
864 564 54 22 efter
928 564 23 22 af

200 598 195 22 Häradskrifvaren
411 598 118 21 verkställd
544 598 122 27 fördelning
682 598 62 22 deraf
758 598 13 22 å
786 599 43 21 alla
839 599 55 26 dem,
904 605 46 15 som

199 633 7 21 i
222 632 235 28 skjutsningsbesväret
472 633 57 21 inom
546 633 128 27 skjutslaget
690 633 92 27 deltaga.

272 668 166 27 Skjutsningens
454 668 39 20 och
508 667 263 28 gästgifverihållningens
783 668 133 28 utbjudande
923 668 30 27 på

200 702 144 27 entreprenad
359 702 55 21 skall
430 702 38 22 ske
484 702 34 21 för
533 708 25 15 en
574 702 32 22 tid
621 702 23 21 af
657 702 42 21 fem
715 702 30 27 är,
754 709 46 15 som
809 703 79 21 räknas
896 702 55 22 ifrån

201 737 41 21 den
259 738 8 19 1
285 737 99 25 Januari;
407 736 56 22 dock
485 737 77 21 varder
577 738 7 20 i
600 737 26 21 de
645 736 113 28 skjutslag,
775 738 39 20 der
828 737 125 27 hållskjuts-

200 771 79 27 ningen
293 771 70 21 första
379 770 83 28 gången
478 773 24 19 är
517 770 12 22 å
545 771 142 27 entreprenad
696 771 109 27 upplåten,
814 773 139 25 entreprenör

200 805 117 27 medgifvet
333 806 38 25 att,
388 805 65 21 sedan
469 805 41 21 han
527 807 31 19 ett
573 805 24 21 år
612 806 49 20 med
671 806 171 26 entreprenaden
850 806 102 26 fortfarit,

201 840 124 21 densamma
339 839 40 21 hos
394 838 140 23 Guvernören
550 841 102 26 uppsäga.
676 839 54 22 Sker
743 840 136 27 uppsägning
888 840 66 21 innan

201 874 110 26 utgången
326 873 23 21 af
362 874 90 21 Januari
467 874 78 21 månad
560 874 124 26 påföljande
699 874 31 26 år,
745 874 85 27 upphör
846 876 108 26 entrepre-

201 910 78 20 nörens
302 908 132 22 förbindelse
457 908 35 21 vid
516 909 66 20 slutet
604 908 23 20 af
648 914 81 15 samma
744 908 33 26 år;
793 914 48 16 men
856 908 98 22 inträffar

201 942 164 28 uppsägningen
381 943 54 21 efter
450 943 134 21 sistnämnda
598 942 85 26 månad,
698 942 40 22 bör
747 944 166 26 entreprenören
921 943 35 21 för

202 977 40 21 sitt
256 977 108 27 åtagande
380 983 91 15 ansvara
486 977 33 21 till
535 976 215 28 entreprenadtidens
766 977 49 21 slut.

555 1040 12 25 $
583 1040 18 21 8.

275 1079 41 21 Till
331 1079 122 26 fördelning
468 1079 23 22 af
505 1079 40 22 den
564 1078 175 27 hållskjutsning,
756 1085 45 15 som
818 1079 23 21 af
855 1076 103 31 skjutsla-

202 1115 37 25 get
254 1113 133 21 omedelbart
402 1114 95 25 utgöres,
512 1114 102 26 upprätte
630 1112 263 27 Kronofogden
792 1108 9 36 i
807 1112 86 27 samråd
905 1115 50 20 med

203 1147 80 22 ombud
305 1147 34 21 för
361 1147 26 20 de
410 1147 33 21 till
463 1147 130 27 skjutslaget
608 1147 96 20 hörande
719 1147 127 22 kommuner
862 1148 93 21 särskild

202 1182 72 26 längd,
293 1182 61 21 hvari
369 1183 106 26 upptages
491 1182 82 21 antalet
587 1181 24 21 af
625 1180 26 22 de
666 1181 199 28 skjutsningsdygn,
882 1188 45 15 som
943 1183 13 21 å

202 1216 74 27 hvarje
291 1216 107 26 kommun,
415 1215 55 22 efter
485 1216 50 21 dess
551 1215 161 27 sammanlagda
726 1216 88 26 mantal,
827 1216 32 27 sig
868 1216 88 27 belöper

203 1252 56 19 samt
273 1251 14 20 å
300 1250 75 20 hvilka
396 1250 151 26 gästgifverier
569 1250 39 20 och
626 1250 50 20 med
690 1250 55 20 huru
760 1249 79 27 många
853 1249 75 22 hästar
943 1250 14 21 &

202 1284 74 26 hvarje
299 1283 64 21 dessa
385 1283 63 21 hafva
470 1285 33 19 att
525 1283 93 27 fullgöra
641 1283 33 20 sin
689 1283 265 28 skjutsningsskyldighet.

202 1318 161 21 Kommunerna
384 1317 116 27 meddelas,
520 1317 25 22 så
560 1317 46 22 vidt
621 1317 47 22 dem
684 1323 25 16 en
725 1317 53 22 hvar
793 1319 67 25 rörer,
876 1319 79 27 utdrag

203 1359 26 15 ur
244 1353 69 21 denna
328 1352 71 27 längd,
414 1352 110 22 hvarefter
539 1353 26 21 de
581 1351 223 28 skjutsningskyldige
819 1354 41 25 äga
873 1353 13 21 å
896 1353 59 22 kom-

202 1388 166 21 munalstämma
377 1387 51 27 ingå
436 1387 216 22 öfverenskommelse
660 1393 33 15 om
702 1387 124 27 grunderna
833 1387 33 22 för
875 1387 80 28 skjuts-

203 1423 90 27 ningens
309 1422 121 27 fördelning
446 1421 48 22 dem
510 1422 97 22 emellan.
630 1421 51 22 Med
695 1421 89 29 ledning
798 1422 24 21 af
835 1422 57 22 hvad
907 1423 48 22 der-

202 1457 37 22 vid
253 1457 208 26 öfverenskommits,
476 1459 84 25 uppgör
568 1457 149 22 Länsmannen
725 1457 41 21 den
775 1457 93 27 speciela
876 1457 79 28 skjuts-

202 1492 99 28 längden,
317 1491 86 23 hvilken
418 1491 54 23 skall
488 1492 35 21 för
538 1491 74 29 hvarje
631 1491 127 28 gästgifveri
772 1494 97 25 upptaga
884 1492 26 22 de
925 1493 31 21 lä-
