1020 1700
245 170 13 19 4
527 169 54 21 N:o
598 168 49 22 16.

386 236 136 20 Nikolaistad
563 253 3 3 .
597 253 4 3 .
633 252 3 5 .
668 237 12 19 3
699 237 95 25 procent.

386 270 123 26 Nykarleby
528 286 3 4 .
563 287 4 3 .
598 286 4 4 .
634 286 4 5 .
669 270 12 20 3
740 286 11 9 ää

386 304 87 26 Nyslott
495 320 1 4 .
527 320 4 4 .
563 320 4 4 <
634 305 47 19 0.03
740 320 12 9 ”

387 338 82 26 Nystad
493 354 4 4 .
528 354 4 4 .
563 354 4 4 .-
598 354 4 4 -
635 355 4 4 -
669 337 49 26 2
741 354 11 9 55

386 372 81 21 Raumo
492 389 3 4 .
528 388 3 4 .
563 389 4 3 .
598 389 4 4 .
634 389 3 4 .
669 371 49 26 2/7
741 388 11 9 55

387 406 108 27 Uleåborg
528 423 4 3 .
563 423 4 4 .
598 423 4 4 .
634 423 4 4 .
669 408 13 18 8
741 422 11 9 3

387 441 89 26 Wiborg
492 457 4 4 .
527 457 4 4 .
563 457 4 4 .
598 457 3 4 .
633 457 4 4 .
668 442 13 19 4
741 457 12 9 ”

387 469 47 26 Åbo
461 491 1 4 .
529 491 109 4 .....
670 475 12 20 8
741 491 12 9 »

288 549 95 21 Emedan
394 549 41 21 den
445 555 41 21 nya
496 549 96 27 grunden
602 548 34 22 för
646 548 172 28 tolagsafgiftens
829 547 136 22 beräknande

217 584 49 20 med
280 584 44 20 viss
338 584 90 26 procent
443 584 23 20 af
479 589 103 15 varornas
598 583 87 21 tullsats
700 584 66 20 redan
782 582 71 21 blifvit
868 582 23 21 af
905 582 61 21 Stän-

218 618 66 20 derna
306 617 80 22 erkänd
409 617 71 21 såsom
504 617 82 27 ägande
608 617 109 21 företräde
739 616 89 22 framför
851 617 40 21 den
909 616 59 21 förut

216 652 68 27 följda
299 652 51 21 eller
364 652 135 26 varuvärdet,
516 653 56 20 samt
586 654 51 18 enär
652 652 110 20 dessutom
778 654 56 18 ännu
850 651 75 21 endast
941 657 26 15 en

214 686 157 26 jemförelsevis
387 685 49 21 kort
451 686 42 20 tids
509 686 122 21 erfarenhet
642 692 34 14 om
686 686 121 20 fördelarne
818 684 22 22 af
850 686 66 26 sagda
925 691 43 20 nya

217 720 175 26 beräkningssätt
407 720 92 26 vunnits,
516 720 37 21 har
568 720 60 21 Hans
644 720 121 26 Kejserliga
780 719 103 27 Majestät
897 719 70 21 funnit

218 754 47 21 skäl
283 754 33 21 för
334 754 133 21 närvarande
486 754 47 21 icke
552 761 50 14 vara
620 754 118 21 förhanden
757 754 34 21 till
806 754 125 26 förändring
947 752 22 22 af

218 788 118 21 detsamma
352 788 39 21 och
406 788 56 26 förty
472 788 57 21 velat
539 789 34 20 till
584 788 121 26 antagande
716 788 22 20 af
748 788 120 21 Ständerna
877 787 90 21 föreslå:

423 859 31 17 att
470 856 38 21 den
523 856 31 20 uti
570 855 149 27 ofvanberörda
728 856 124 28 förordning
862 854 25 28 af
894 856 37 20 den
944 853 24 22 17

355 889 114 22 November
483 889 58 22 1873
552 890 120 27 fastställda
681 891 69 27 grund
760 890 34 27 för
804 889 164 29 tolagsafgiftens

354 925 119 27 utgörande,
490 924 48 21 eller
553 928 30 16 att
598 926 65 19 denna
679 924 65 28 afgift
759 924 117 21 bestämmes
887 924 32 20 till
929 922 38 22 nä-

354 965 40 20 gon
410 959 40 19 viss
464 962 87 24 procent
565 958 26 28 af
604 958 105 20 tullsatsen
719 956 13 22 å
743 959 37 19 den
791 958 40 21 slik
841 958 127 27 beskattning

354 992 149 21 underkastade
519 1000 72 18 varan,
608 992 54 20 skall
674 990 52 29 från
742 992 36 20 och
794 993 45 20 med
854 993 37 20 den
906 992 11 20 1
927 991 39 20 Ja-

354 1026 63 19 nuari
439 1025 58 21 1878
517 1026 133 27 fortfarande
667 1034 52 12 vara
738 1026 96 28 gällande
853 1026 56 21 intill
923 1026 44 20 dess

356 1060 68 20 derom
447 1060 40 20 kan
509 1060 9 20 i
534 1060 169 28 grundlagsenlig
725 1061 87 27 ordning
835 1060 131 20 annorlunda

354 1093 66 27 blifva
436 1094 100 27 stadgadt.

289 1162 11 21 I
315 1162 152 26 sammanhang
489 1162 88 21 härmed
599 1162 39 21 har
652 1163 61 20 Hans
728 1162 121 27 Kejserliga
864 1163 103 26 Majestät

218 1197 57 21 velat
290 1196 94 21 inhemta
400 1196 129 20 Ständernas
544 1196 100 26 yttrande
659 1196 60 21 öfver
732 1196 94 26 följande
837 1197 130 20 hufvudsak-

218 1231 44 25 liga
279 1230 165 25 bestämningar,
465 1236 44 13 som
529 1229 109 20 dessutom
657 1231 82 19 ansetts
758 1230 52 20 böra
826 1230 6 19 i
848 1231 71 20 ämnet
933 1232 34 19 ut-

221 1264 79 26 färdas,
316 1263 115 26 nemligen:

424 1328 30 17 att
472 1323 161 29 tolagsafgiftens
652 1332 28 12 nu
694 1324 96 28 gällande
805 1324 160 29 maximibelopp

356 1358 26 28 af
393 1358 50 28 fyra
455 1363 86 23 procent
557 1356 115 26 bibehålles,
688 1360 49 20 enär
748 1358 18 28 ej
776 1358 62 22 heller
849 1359 120 29 förhöjning

357 1393 63 29 deraf
433 1394 25 20 är
471 1392 108 29 påkallad,
595 1394 62 20 sedan
671 1394 63 27 sagda
745 1394 160 27 maximibelopp
913 1395 56 27 före-

360 1428 72 28 slagits
447 1428 71 21 endast
533 1429 26 27 af
571 1428 97 21 städerna
687 1426 106 31 Uleåborg,
805 1428 118 22 Brahestad
933 1429 36 21 och

366 1462 86 28 Wiborg,
467 1464 74 19 medan
556 1464 23 20 de
594 1463 70 29 öfriga
680 1463 96 21 städerna
789 1463 71 28 funnit
875 1467 27 17 ett
917 1464 54 27 lägre

358 1498 115 27 procenttal
482 1505 50 13 vara
543 1499 45 20 med
598 1498 61 21 deras
664 1497 69 28 fördel
740 1498 231 28 öfverensstämmande;
