1036 1709
294 130 29 22 U.
337 129 75 25 B.
387 122 17 39 —
422 129 73 28 Prop.
510 129 45 23 N:o
569 130 30 22 11.
764 126 27 22 29

76 191 129 22 föreskrifna
226 191 159 29 anteckningar,
407 192 100 23 hvarföre
527 191 104 23 utskottet
652 192 67 22 infört
740 191 80 23 sädana

77 226 159 28 bestämningar
250 226 8 21 i
273 226 70 22 denna
357 227 18 29 8.

143 262 44 20 Det
208 261 120 28 stadgande
349 263 9 21 i.
379 264 13 24 $
410 263 35 26 22,
463 262 29 28 pä
506 263 70 27 grund
591 263 77 21 hvaraf
681 269 26 15 en
722 263 55 20 hvar
792 261 28 29 pä

76 295 73 22 landet
167 296 69 21 'bosatt
252 296 70 21 skulle
337 302 41 22 ega
392 298 42 20 rätt
448 298 37 26 att,
501 299 51 19 utan
567 296 72 29 någon
653 297 165 27 inskränkning,

77 329 46 23 frän
147 331 109 21 närmaste
275 330 122 28 gästgifveri
413 330 82 22 erhälla
509 331 116 28 skjutshäst
639 331 30 21 till
684 332 66 21 annat
764 333 56 26 gäst-

76 364 76 29 gifveri
174 364 52 22 eller
250 365 81 21 hvilket
352 366 60 21 ställe
433 366 58 21 invid
509 369 70 25 vägen
595 373 46 15 som
656 366 62 28 helst,
735 366 39 21 har
788 367 31 20 ut-

75 400 81 21 skottet
171 401 69 19 ansett
254 400 49 20 icke
317 400 75 22 kunna
407 400 132 28 godkännas.

144 434 44 21 För
205 434 137 22 närvarande
356 437 24 19 är
395 434 37 22 det
446 441 79 21 genom
540 435 49 28 Kgl.
605 435 157 28 Förklaringen
778 436 42 22 den

76 468 27 22 11
118 468 123 22 December
255 468 56 21 1766
327 468 71 28 ,,dem,
415 475 47 15 som
477 470 28 21 bo
519 468 29 29 pä
562 470 73 21 landet
650 470 40 21 och
704 470 65 22 hafva
784 477 36 21 eg-

76 510 37 20 ne,
137 505 55 19 samt
213 502 25 22 sä
252 502 80 28 många
347 504 71 20 hästar
434 504 27 21 de
476 504 30 21 till
521 504 31 21 sin
567 510 50 15 resa
631 503 90 26 tarfva*,
739 507 81 25 ,strän-

76 537 86 28 geligen
176 537 109 27 förbjudet
299 539 31 19 att
343 538 59 21 inom
417 544 27 16 en
460 539 37 21 mil
511 537 47 23 frän
573 538 205 28 gästgifverigärden
791 540 29 20 ta-

77 578 28 22 ga
120 570 226 30 gästgifvarehästar.*

143 605 73 29 Något
236 607 48 21 skäl
306 609 36 24 att,
365 606 29 28 pä
416 608 41 20 sätt
479 608 7 20 i
508 607 40 21 den
568 607 80 28 nådiga
662 608 159 27 propositionen

77 641 127 27 föreslagits,
221 640 77 29 frångå
313 642 63 22 dessa
391 642 140 27 grundsatser
544 642 115 22 förefinnes
675 642 55 22 icke.
747 643 73 21 Tvärt-

77 682 36 15 om
135 682 65 20 synes
220 676 36 22 det
269 677 101 21 utskottet
386 676 74 28 nödigt
474 678 30 20 att
518 679 27 18 än
562 682 81 22 nogare
657 677 109 27 begränsa
780 679 41 19 rät-

77 710 94 28 tigheten
193 711 33 22 för
249 711 57 24 dem,
330 710 73 22 hvilka
421 711 28 21 bo
464 710 29 28 på
507 711 80 27 landet,
604 712 29 19 att
648 710 81 22 erhålla
744 712 76 27 skjuts.

76 745 10 21 I
108 746 37 20 fall
171 745 108 27 nemligen
302 745 101 28 förslaget
426 746 29 20 att
477 746 29 20 de
527 747 96 20 närmast
637 744 184 29 gästgifvaregård

76 779 94 28 belägna
185 780 270 28 hemmanslägenheterna
470 780 69 21 skulle
554 780 109 27 förpligtas
679 781 29 19 att
722 780 36 21 vid
766 781 54 21 före-

76 814 95 22 fallande
185 814 67 22 behof
264 815 82 27 skjutsa
361 816 44 20 mot
420 814 80 22 dudbe/
514 814 194 28 entreprenadlega
724 816 96 26 antages,

76 849 75 22 kunde
173 849 69 22 andra
263 852 54 19 nära
338 849 85 22 boende
446 849 109 28 möjligen,
579 855 79 21 genom
678 850 30 20 att
723 850 33 21 för
770 855 52 21 syns

76 884 56 22 skull
148 884 65 22 anlita
228 884 28 21 de
270 883 29 29 pä
313 884 146 28 gästgifveriet
473 882 88 23 stående
577 884 102 21 hästarne
693 884 30 21 till
736 884 86 22 kortare

77 920 79 26 färder,
173 919 106 28 förhjelpa
294 919 27 21 de
336 919 147 22 förstnämnde
498 919 29 21 till
542 920 57 26 höga
614 918 136 29 skjutslegor.
775 918 47 23 Och

77 954 63 22 äfven
163 953 39 22 der
223 952 78 23 sådant
322 949 108 26 missbruk
451 954 49 21 icke
521 954 72 22 blefve
607 953 80 28 följden
704 954 42 20 af
735 945 15 41 i
761 952 61 29 fråga

76 988 97 22 varande
187 988 120 28 stadgande
321 988 6 21 i
343 990 13 24 $
370 989 35 26 22,
422 988 74 22 kunde
512 989 121 21 detsamma
648 988 55 22 dock
715 988 49 22 leda
773 988 48 22 der-

77 1023 42 21 hän
143 1024 30 20 att
192 1023 133 27 närboende,
342 1024 42 21 ofta
399 1028 44 22 nog
458 1023 51 21 blott
523 1024 33 21 för
570 1024 61 26 nöjes
647 1022 62 28 skull,
727 1023 97 28 upptagit

76 1058 101 21 hästarne
199 1056 31 28 så,
255 1059 29 19 att
306 1056 76 23 efteråt
403 1057 131 22 kommande
556 1057 93 21 resande
670 1057 58 28 finge
748 1060 72 18 vänta.

77 1093 43 21 Det
138 1094 25 18 är
178 1092 119 22 emellertid
311 1092 101 22 förenadt
427 1092 51 22 med
493 1092 85 21 mindre
593 1092 141 27 olägenheter
748 1092 33 22 för
796 1092 27 21 de

77 1128 58 21 förre
157 1129 29 19 att
208 1127 76 27 sjelfve
306 1127 140 21 annorstädes
468 1127 87 27 betinga
570 1127 33 27 sig
617 1126 48 21 häst
679 1125 29 29 på
723 1126 42 22 den
781 1128 39 25 ort,

78 1162 39 21 der
139 1161 27 22 de
188 1164 38 19 äro
241 1162 92 27 boende,
350 1164 27 18 än
393 1162 33 21 för
442 1168 25 14 en
484 1161 107 28 långväga
607 1161 91 21 resande
714 1162 30 20 att
758 1161 65 21 blifva

77 1195 131 28 uppehållen
231 1196 7 21 i
253 1196 52 21 brist
319 1194 29 29 på
362 1196 78 20 hästar.
472 1195 31 22 Af
514 1194 67 22 sådan
598 1194 124 28 anledning,
739 1195 40 21 och
795 1194 29 22 då

78 1229 141 29 hållskjutsen
242 1230 122 28 egentligen
380 1230 40 22 bör
435 1236 52 16 vara
501 1230 30 21 till
546 1230 33 21 för
594 1231 30 20 att
639 1230 117 28 tillgodose,
774 1230 48 28 icke

78 1265 28 21 de
113 1265 68 22 förres
189 1266 52 20 utan
248 1265 103 21 resandes
360 1265 71 27 behof,
443 1265 39 21 har
490 1265 101 21 utskottet
599 1264 112 22 verkställt
718 1270 27 15 en
754 1263 69 23 sådan

78 1299 177 28 omredigerning
270 1300 23 20 af
306 1300 13 24 $
333 1300 35 25 22,
385 1301 30 19 att
430 1300 107 21 missbruk
549 1300 23 20 af
582 1298 146 27 ofvanantydd
738 1299 84 21 beskaf-

77 1334 74 20 fenhet
173 1333 139 27 förbyggdes.
343 1332 79 22 Likaså
438 1334 38 19 har
491 1334 100 19 utskottet
606 1332 68 20 tillåtit
689 1333 32 25 sig
736 1333 88 26 tillägga

78 1374 27 14 en
128 1373 72 15 annan
223 1367 136 27 bestämning
380 1367 30 21 till
432 1366 158 27 slutmeningen
613 1366 7 20 i
643 1366 71 21 denna
737 1367 13 23 $
764 1366 7 20 i
787 1366 37 21 det

78 1402 63 26 syfte,
158 1402 29 20 att
202 1401 125 28 skjutsande
343 1402 19 26 ej
378 1400 70 22 skulle
464 1401 73 21 kunna
552 1400 109 27 förpligtas
677 1400 147 22 attfortskaffa

80 1436 93 22 resande
195 1436 30 21 till
248 1436 61 21 ställe
330 1434 29 29 på
379 1436 62 21 sidan
457 1442 36 16 om
507 1437 77 25 vägen,
602 1434 73 22 derest
689 1434 73 22 denna
776 1435 49 21 icke

151 1481 139 18 Sammansäita
303 1480 49 24 Lag-
364 1482 31 17 och
408 1480 181 19 Ekonomiutskottets
601 1480 111 18 betänkande
725 1480 36 18 N:o
774 1479 18 19 4.
