1025 1703
203 141 35 21 28-
392 141 63 22 Ständ.
470 141 32 22 Sy.
519 152 23 4 —
557 140 55 29 Prop.
626 140 33 22 N:o
674 140 32 22 11.

314 213 3 3 +
338 209 50 15 vare
410 203 41 21 den
472 202 95 29 skyldige
582 203 101 27 ansvarig
704 201 76 29 derför
797 202 68 28 enligt
881 202 46 27 lag.

337 232 35 25 Är
387 236 131 22 båtroddare
533 236 122 28 försumlig
678 237 52 20 eller
751 235 101 28 drucken,
871 236 52 21 eller

338 271 122 21 uraktlåter
473 270 44 21 han
531 271 44 21 helt
589 269 38 22 och
637 270 67 21 hållet
714 272 33 19 att
756 270 91 22 resande
857 269 71 28 öfver-

333 305 63 27 föra,
411 305 47 21 böte
471 305 59 22 ända
546 306 34 20 till
589 304 87 29 fyratio
691 304 63 22 mark
768 304 38 21 och
810 304 42 27 för
856 303 70 29 fylle-

337 340 41 20 riet
396 339 73 27 skildt,
487 339 38 21 der
541 339 44 21 han
600 345 33 15 om
648 339 70 21 sådan
728 337 106 28 förseelse
848 339 78 21 varder

331 373 134 27 förvunnen,
486 376 56 18 samt
559 373 102 28 godtgöre
676 374 32 20 all
717 372 93 28 förlust,
824 380 45 14 som
884 373 41 21 den

336 408 90 21 resande
448 407 121 29 derigenom
582 407 139 27 förorsakas.
750 407 123 21 Fortsätter
892 414 35 14 re-

336 442 67 21 sande
412 442 85 27 färden
512 445 53 18 utan
580 444 32 19 att
627 442 71 21 betala
714 441 84 28 bätlega
808 442 46 20 böte
858 440 69 30 fyra-

337 477 30 21 tio
382 476 68 21 mark.

602 505 15 27 $
631 506 36 20 30.

393 539 21 27 Ä
434 544 134 28 gästgifveri,
588 545 8 20 i
610 544 50 22 stad
675 544 39 22 och
724 545 33 27 på
772 544 80 26 landet,
866 544 59 22 skall

335 581 30 19 ett
386 580 110 26 exemplar
517 579 28 27 af
564 579 71 21 denna
651 578 144 28 förordning,
810 578 71 29 tryckt
891 579 33 27 pä

336 613 96 27 svenska,
441 613 75 27 finska
531 613 38 22 och
584 613 65 29 ryska
663 612 101 29 spräken,
778 620 54 14 vara
841 612 43 28 för
898 613 26 21 de

335 648 90 20 resande
440 648 141 28 tillgängligt.

392 682 16 20 I
427 682 50 21 stad
498 682 57 27 gälle
577 682 105 21 dessutom
704 681 115 22 enahanda
834 681 89 21 bestäm-

335 715 53 28 ning
403 716 9 20 i
425 715 88 28 hänsigt
532 716 35 21 till
583 716 25 21 de
617 714 151 29 föreskrifter,
782 722 45 15 som
843 715 80 28 beträf-

329 749 73 28 fande
423 750 80 28 skjuts-
524 750 37 21 och
581 749 255 29 gästgifverihållningen
851 749 73 28 blifvit

335 783 29 28 af
375 785 156 21 vederbörande
545 784 124 29 myndighet
677 784 43 27 för
733 785 75 21 staden
818 784 106 22 särskildt

329 818 131 28 faststälda.

599 847 16 28 $
629 849 36 20 31.

390 887 73 28 Böter,
477 895 44 14 som
540 889 67 27 enligt
625 888 71 21 denna
711 887 141 28 författning
871 887 53 22 ådö-

333 929 54 20 mas,
408 923 28 27 gå
457 923 35 21 till
510 922 107 29 treskiftes
633 922 37 21 och
679 922 134 27 förvandlas
828 922 36 21 vid
879 921 43 22 bri-

333 957 77 21 stande
425 957 92 28 tillgång
533 957 35 22 till
573 957 102 28 fängelse
686 957 35 21 vid
731 959 72 19 vatten
813 956 39 21 och
862 956 59 28 bröd,

334 991 67 28 enligt
416 992 84 20 allmän
515 992 42 27 lag.

599 1054 15 27 $
629 1055 34 20 32.

389 1093 80 21 Denna
478 1093 135 28 förordning
628 1094 73 20 träder
716 1094 8 20 i
739 1093 131 22 verksamhet
879 1094 42 21 den

333 1129 13 19 1
362 1128 98 20 Januari
474 1129 45 20 187

234 1262 50 22 Med
305 1263 135 26 åberopande
464 1263 22 21 af
504 1263 56 21 hvad
578 1263 118 22 Ständerna
712 1263 61 22 ofvan
788 1264 8 21 i
809 1264 60 27 fråga
884 1272 35 15 om

165 1295 13 22 5
194 1302 62 16 mom.
273 1296 22 22 af
309 1297 12 20 7
337 1296 12 28 $
363 1296 8 21 i
386 1296 41 22 den
444 1296 77 27 nådiga
534 1296 165 28 propositionen,
714 1298 148 22 motsvarande
877 1300 13 21 5
906 1299 12 28 $

164 1330 8 21 i
187 1330 41 22 den
243 1330 22 22 af
278 1330 118 22 Ständerna
411 1332 92 26 antagna
515 1330 156 28 förordningen,
681 1330 77 28 anfört,
768 1330 22 24 fä
800 1332 119 24 Ständerna

165 1364 68 23 tillika
246 1364 8 22 i
268 1364 168 27 underdänighet
456 1365 90 22 anmäla:
571 1367 31 20 att
621 1365 125 28 Ständerna,
764 1365 33 22 för
812 1366 40 22 den
866 1367 54 22 hän-

165 1398 58 23 delse
245 1400 32 20 att
299 1399 61 22 deras
381 1398 70 23 beslut
464 1399 8 21 i
487 1399 113 28 anledning
621 1398 23 23 af
663 1399 77 28 nädiga
760 1400 159 28 propositionen

164 1433 109 27 angäende
295 1439 26 16 en
342 1432 129 29 förordning,
489 1433 144 23 innefattande
651 1434 73 29 tillägg
738 1434 34 23 till
786 1435 76 28 nädiga
876 1435 44 23 för-

165 1467 114 28 ordningen
302 1474 35 15 om
358 1467 276 32 kommunalförvaltningen
652 1469 27 27 pä
698 1469 78 28 landet,
792 1469 69 28 gifven
876 1471 44 23 den
