1048 1706
331 146 25 22 U.
371 146 22 22 B.
409 159 28 3 —
451 147 64 28 Prop.
530 146 38 23 N:o
582 146 20 22 4.
799 147 12 21 7

89 216 47 15 som
155 210 45 26 ega
213 209 37 22 sitt
268 209 92 22 hemvist
378 210 3 20 i
396 210 133 26 kommunen,
548 216 48 16 men
615 209 19 27 ej
653 209 54 22 bebo
722 215 55 21 egna
792 208 47 28 går-

88 244 46 26 dar,
151 243 91 22 drabbas
257 243 24 22 af
294 243 66 27 högre
375 244 111 28 utskylder
500 244 33 21 till
544 244 128 22 kommunen
682 243 56 22 blott
747 243 91 27 derföre,

90 278 31 20 att
138 277 67 27 några
224 277 67 21 andra
308 277 141 22 medlemmar
463 277 23 21 af
499 278 63 21 deras
580 278 63 21 stånd
657 279 37 20 äro
709 278 129 26 gårdsegare

89 311 8 21 i
112 312 81 20 staden.
212 312 141 26 :Privilegiet,
369 317 45 16 som
429 318 81 21 gynnar
520 312 73 27 några,
604 312 64 21 faller
678 312 90 21 sålunda
777 313 62 25 tungt

89 345 27 27 på
131 345 67 21 andra
212 345 139 21 medlemmar
366 345 23 21 af
403 346 36 21 det
452 346 164 27 privilegierade
629 346 93 26 ståndet;
738 346 40 21 och
787 347 52 20 utan

89 380 32 20 att
138 380 205 21 tidsmedvetandets
361 379 88 22 fordran
465 380 29 27 på
509 380 127 27 jemnlikbet
652 380 57 21 inför
723 380 63 26 lagen
801 386 37 15 ens

89 414 102 22 behöfver
213 414 102 22 särskildt
336 414 131 27 framhållas,
489 420 62 22 synes
569 415 57 21 hvad
642 414 151 27 Lagutskottet
810 420 29 15 nu

88 448 72 22 anfört
174 450 76 25 utgöra
264 448 126 28 tillräckligt
406 449 46 21 skäl
466 449 34 22 för
514 449 148 27 upphäfvande
677 448 23 22 af
709 449 8 21 i
727 448 61 28 fråga
802 455 36 15 va-

89 483 65 21 rande
169 483 141 27 privilegium.

157 517 60 21 Inom
232 516 111 22 Utskottet
358 517 39 21 har
411 518 127 26 visserligen
552 518 70 22 blifvit
637 517 103 27 anmärkt,
756 519 32 19 att
803 517 36 22 det

88 557 29 15 nu
131 551 8 21 i
154 551 61 27 fråga
233 551 78 21 komna
328 551 122 27 privilegiet
468 552 69 22 skulle
555 554 77 25 utgöra
647 558 26 15 en
687 551 90 27 förmån,
793 557 46 16 som

88 590 51 16 vore
155 586 31 20 att
201 585 101 22 hänföras
318 586 33 20 till
366 586 143 21 läroståndets
528 586 156 22 löneförmåner
699 586 39 21 och
752 586 87 21 hvilken

88 619 47 21 icke
149 620 67 20 borde
232 619 87 27 rubbas,
335 620 119 20 allraminst
468 626 35 20 nu,
519 620 27 21 då
561 621 36 20 det
608 622 56 19 ännu
674 620 47 21 icke
732 622 24 18 är
766 620 72 26 kändt,

88 652 55 22 huru
161 653 41 21 den
220 653 89 21 afsedda
328 653 134 27 regleringen
477 654 23 21 af
513 654 169 27 presterskapets
699 653 140 21 löne-inkom-

88 688 45 20 ster
147 687 96 21 kommer
258 689 32 19 att
304 688 83 21 utfalla.
416 688 51 22 Men
482 688 27 21 då
523 688 63 22 ofvan
597 688 92 21 nämnda
698 688 140 26 förhållande,

88 723 32 19 att
139 722 26 20 de
183 722 139 21 medlemmar
340 722 24 21 af
380 722 137 27 läroståndet,
534 728 46 16 som
594 722 20 27 ej
628 722 79 21 besitta
722 728 55 20 egna
791 722 47 26 går-

88 756 45 26 dar,
153 758 37 19 äro
210 756 69 21 såsom
298 756 139 22 medlemmar
453 757 23 21 af
489 757 127 21 kommunen
633 756 67 27 högre
717 756 121 27 betungade

88 790 55 21 blott
165 790 91 27 derföre,
275 792 32 20 att
325 791 157 27 gårdsegarene
500 792 57 21 inom
576 791 85 22 ståndet
678 792 37 20 äro
734 790 103 28 gynnade,

87 824 126 26 tillräckligt
228 825 141 27 vederlägger
384 826 69 21 denna
467 826 145 26 anmärkning,
627 826 40 20 har
680 824 111 22 Utskottet
802 830 36 16 an-

87 860 43 20 sett
145 859 123 21 densamma
283 859 53 21 böra
350 859 93 22 förfalla.

156 893 79 21 Vidare
250 893 40 21 har
304 894 58 20 inom
376 893 111 22 Utskottet
501 894 70 22 blifvit
584 894 8 21 i
607 894 61 26 fråga
682 895 49 25 satt,
746 894 32 20 att
787 893 51 21 Pre-

86 927 120 21 steståndet
223 928 36 20 vid
277 928 56 20 1872
353 928 34 21 års
403 928 102 26 landtdag
520 928 69 22 skulle
604 928 64 21 hafva
682 927 108 22 framstält
805 928 32 20 sin

87 960 156 23 ofvannämnda
256 962 91 26 petition
362 962 67 22 under
444 962 69 22 vilkor
528 962 46 22 dels
590 964 31 20 att
635 962 63 22 äfven
707 961 130 22 Ridderska-

86 996 36 26 pet
138 996 39 20 och
191 996 69 22 Adeln
275 996 70 21 skulle
360 996 56 22 afstå
430 996 48 22 från
489 997 42 21 den
541 996 106 22 likartade
656 996 181 26 undantagsställ-

86 1029 56 27 ning,
162 1036 46 15 som
227 1036 76 21 genom
323 1031 27 20 12
368 1030 94 27 punkten
479 1031 8 21 i
505 1031 132 21 sistnämnda
655 1030 77 22 Ständs
747 1030 90 22 Privile-

86 1063 46 27 gier
147 1063 23 22 af
184 1064 41 21 den
242 1064 26 21 16
284 1064 96 22 Oktober
395 1065 56 21 1723
462 1067 24 19 är
497 1071 81 16 samma
589 1065 65 22 Stånd
665 1065 121 26 tillerkänd,
798 1064 39 22 och

86 1097 46 22 dels
148 1099 32 20 att
194 1098 26 21 de
234 1098 234 27 undantagsförmåner,
479 1099 72 22 hvilka
561 1106 76 20 genom
647 1099 121 27 Kejserliga
778 1099 58 21 Kun-

86 1132 100 26 görelsen
204 1132 23 21 af
244 1132 41 21 den
302 1133 29 20 29
349 1133 59 21 Mars
428 1133 54 21 1858
500 1133 82 28 tillagts
604 1133 138 22 medlemmar
759 1133 24 21 af
800 1133 36 21 det

86 1166 170 27 grekiskt-ryska
274 1167 160 26 presterskapet
449 1167 39 21 och
502 1167 118 22 skollärare
635 1167 7 20 i
657 1167 101 21 afseende
772 1167 13 20 å
800 1167 36 21 de-

86 1206 36 15 ras
138 1200 97 21 enskilda
249 1200 84 27 gårdar,
350 1200 69 22 skulle
433 1201 124 27 upphäfvas,
572 1203 40 19 när
625 1201 65 26 nådig
703 1201 133 26 proposition

86 1233 7 21 i
108 1235 72 20 ämnet
194 1234 84 21 komme
293 1236 32 19 att
340 1234 119 21 Ständerna
468 1235 128 26 föreläggas.
617 1235 63 21 Hvad
689 1235 147 21 förstnämnda

86 1267 157 26 omständighet
261 1267 108 27 beträffar,
385 1268 24 21 så
423 1268 40 21 har
477 1268 150 27 Lagutskottet
644 1268 46 21 haft
703 1268 86 21 tillfälle
804 1270 32 19 att

85 1307 26 15 ur
125 1301 113 26 konseptet
252 1301 34 21 till
301 1301 173 22 Presteståndets
484 1303 142 26 nyssnämnda
635 1302 90 27 petition
735 1303 100 26 inhemta,

86 1336 32 21 att
136 1335 59 22 detta
213 1335 67 22 Stånd
298 1336 20 27 ej
334 1336 95 27 uppstält
446 1337 65 26 något
528 1337 70 21 vilkor
612 1343 34 15 om
662 1338 31 20 att
707 1336 63 23 äfven
784 1337 52 27 hög-

85 1369 72 28 lofliga
175 1370 158 27 Ridderskapet
352 1371 38 22 och
405 1371 70 22 Adeln
489 1371 70 22 skulle
574 1371 74 27 afsäga
663 1371 33 27 sig
711 1371 37 22 sitt
763 1371 72 22 ofvan-

85 1405 91 22 berörda
190 1405 141 27 privilegium.
354 1405 168 22 Vidkommande
537 1406 96 22 deremot
642 1406 128 27 petitionens
780 1413 55 15 sam-

85 1439 57 22 band
160 1440 49 21 med
226 1439 77 28 frågan
323 1446 33 15 om
375 1440 148 27 upphäfvande
538 1440 24 22 af
575 1441 36 22 det
625 1441 63 28 ryska
702 1441 134 27 presterska-

153 1479 125 22 Lagutskottets
288 1480 105 17 betänkande
405 1480 35 17 N:o
453 1480 15 17 9.
