1039 1703
258 151 13 18 2
437 150 31 19 U.
484 149 32 20 B.
534 160 23 3 —
575 149 86 23 Prop.
677 148 49 20 N:o
739 149 26 19 2.

228 215 155 20 Presteständet
404 215 36 19 vid
464 215 53 20 1872
538 215 32 19 ärs
594 214 102 25 landtdag
717 215 7 18 i
740 214 129 25 underdänig
885 214 87 25 petition

228 249 59 27 gjord
310 249 105 24 anhällan,
431 249 89 26 förelagt
536 247 117 21 Ständerna
669 248 40 19 den
723 249 8 18 i
745 248 60 26 fräga
820 248 92 19 varande
927 254 46 19 pro-

226 283 117 26 positionen
359 283 48 19 med
422 282 115 26 förklaring
553 282 74 24 tillika,
643 283 31 18 att
688 282 57 20 Hans
755 282 98 26 Majestät
863 282 47 20 icke
921 283 50 18 kun-

226 319 37 18 nat
278 317 112 26 godkänna
405 317 40 19 den
461 316 23 19 af
496 316 156 20 Presteständet
667 315 30 26 dä
709 316 93 20 uttalade
818 317 59 25 äsigt,
894 318 30 18 att
937 317 35 26 pä-

228 351 73 26 börjad
323 350 84 26 lysning
431 350 64 20 borde
514 350 7 19 i
544 349 52 27 följd
621 349 21 19 af
664 350 93 19 anmäldt
772 350 159 26 äktenskapsjäf
945 350 28 20 af-

227 387 80 23 stanna,
324 384 27 20 dä
366 384 64 26 nägot
445 384 115 26 stadgande
575 383 7 20 i
598 383 75 20 sädant
688 383 116 27 syfteilag
815 385 18 25 ej
845 384 128 21 förekomme

228 419 39 20 och
282 419 48 20 icke
345 418 66 20 heller
426 424 50 14 vore
491 418 48 20 med
554 418 123 26 lysningens
693 418 97 20 ändamål
805 418 104 27 förenligt.

295 450 69 23 Äfven
387 452 145 26 Lagutskottet
549 452 90 27 hyllar.i
655 452 128 20 sistnämnda
799 453 119 20 hänseende
934 453 40 20 den

228 488 60 25 äsigt,
303 494 45 12 som
362 487 7 19 i
385 487 39 19 den
440 487 78 26 nådiga
532 486 157 26 propositionen
705 489 23 16 är
744 487 86 19 uttalad.
859 487 114 19 Föreskrif-

228 523 59 18 terna
302 528 27 13 om
343 520 91 27 lysning
450 520 63 21 hafva
528 520 105 27 nemligen
649 521 30 18 sin
695 522 34 17 rot
743 521 29 19 uti
789 521 40 19 den
839 521 65 20 redan
915 521 6 19 i
932 520 41 20 kri-

228 556 133 19 stendomens
384 555 68 19 äldsta
467 555 53 20 tider
535 555 120 26 uppkomna
670 554 71 25 seden,
757 556 30 18 att
801 557 83 23 presten
900 554 74 21 offent-

228 589 55 26 ligen
306 589 87 26 frägade
414 588 156 26 församlingen,
593 594 34 13 om
650 588 39 19 den
705 587 55 21 hade
775 589 32 25 sig
821 589 65 26 nägot
900 589 74 20 hinder

229 625 55 18 emot
300 623 35 19 det
357 623 107 19 tilltänkta
486 623 139 25 äktenskapet
646 622 83 25 bekant,
749 623 40 19 och
805 623 57 19 detta
877 623 97 20 ändamäl

229 658 46 19 med
290 657 121 26 lysningen:
428 659 30 17 att
473 657 21 18 fä
509 657 84 19 okända
607 656 202 26 äktenskapshinder
820 657 154 26 uppenbarade,

229 690 37 20 har
282 690 117 20 sedermera
422 690 64 20 ocksä
500 690 97 20 stundom
613 689 124 21 framhällits
755 691 3 19 i
775 690 39 20 den
831 690 89 20 svenska
936 691 39 20 och

230 724 67 20 finska
312 724 167 26 lagstiftningens
494 724 75 25 källor,
585 723 68 20 såsom
669 730 47 13 man
732 724 42 20 kan
789 730 22 13 se
826 725 7 19 i
848 724 26 20 15
890 724 48 27 kap,
955 724 23 20 af

230 757 168 27 Uplandslagens
412 757 125 26 Kyrkobalk
552 757 40 20 och
607 757 7 19 i
631 758 50 18 1571
700 757 33 20 ärs
747 758 170 26 Kyrkoordning.
943 758 33 19 Dä

230 792 44 19 åter
289 792 65 24 sagda
370 791 97 19 ändamål
482 791 41 19 kan
539 791 86 19 säkrare
641 790 38 20 och
695 791 6 19 i
717 793 65 17 större
794 791 125 26 omfattning
930 792 44 19 vin-

229 832 37 13 nas
289 831 75 20 genom
382 824 121 26 lysningens
519 824 120 26 upprepade
655 824 142 26 afkunnande,
812 825 37 19 har
864 825 84 26 lysning
964 825 13 19 &

230 860 31 18 tre
276 861 46 17 sön-
339 858 51 20 eller
411 858 128 26 helgedagar
557 857 66 20 redan
639 858 60 25 tidigt
715 858 69 20 blifvit
798 858 106 26 päbjuden
922 860 54 18 samt

231 892 118 20 sedermera
363 892 54 20 bäde
432 892 7 18 i
456 892 49 19 1571
525 892 33 19 ärs
573 891 164 27 Kyrkoordning
753 892 39 19 och
808 892 6 20 i
831 892 26 20 18
868 894 10 22 $
891 893 24 19 15
926 892 48 26 kap.

230 926 23 20 af
276 926 52 20 1686
354 926 32 19 års
408 925 109 27 Kyrkolao
539 924 112 21 förklarats
667 924 51 21 böra
733 925 37 19 ske
786 925 43 20 ”tre
844 926 105 26 söndagar
964 926 13 19 ä

231 960 63 26 slag”.
320 955 7 35 =
333 960 112 19 Gentemot
467 959 57 20 detta
546 959 129 26 uttryckliga
697 960 116 25 stadgande
832 960 65 20 finnes
912 961 7 19 i
935 960 40 20 den

230 993 110 20 inhemska
361 993 157 26 lagstiftningen
541 993 52 20 eller
615 993 7 19 i
645 993 46 20 dess
710 993 69 20 källor
793 994 62 26 ingen
871 994 106 20 föreskrift

232 1027 78 26 derom,
326 1028 30 18 att
372 1028 29 18 eit
415 1027 6 19 i
438 1026 112 27 anledning
566 1025 23 20 af
602 1026 65 20 skedd
683 1027 84 25 lysning
777 1027 136 26 anmäldt
879 1021 33 36 jäf
921 1029 57 18 emot

232 1061 35 19 det
283 1061 106 19 tilltänkta
404 1060 139 26 äktenskapet
559 1060 37 20 bör
611 1060 63 19 hafva
689 1061 32 18 till
733 1061 80 26 påföljd
825 1063 30 18 att
865 1061 111 26 lysningen

231 1094 54 19 skall
307 1094 105 25 afstanna;
435 1096 49 17 utan
507 1094 27 19 dä
552 1093 26 20 26
599 1096 10 21 $
631 1094 24 19 15
676 1094 48 26 kap.
741 1094 22 19 af
778 1095 52 19 1686
847 1095 32 19 års
895 1095 81 26 Kyrko-

231 1127 35 26 lag
282 1127 139 20 omvexlande
444 1127 105 26 begagnar
572 1127 121 26 uttrycken:
713 1127 64 26 ”göra
789 1128 35 25 jäf
836 1128 51 20 eller
902 1129 75 20 förbud

232 1161 27 26 pä
274 1161 142 27 äehtenskap”
437 1161 39 20 och
496 1161 64 20 ”söka
582 1161 99 26 guarstad
704 1161 13 20 &
731 1161 132 27 vigningen”,
879 1164 53 18 samt
947 1163 29 20 of-

232 1201 41 14 van
288 1195 88 20 anförda
391 1195 119 20 öfverskrift
526 1194 31 20 till
579 1196 5 18 7
604 1195 49 26 kap.
671 1195 24 19 G.
711 1196 24 18 B.
750 1196 7 19 i
775 1196 52 20 1734
843 1196 33 20 års
891 1197 36 26 lag
941 1204 36 13 an-

232 1229 68 26 gifver
315 1231 31 18 att
361 1230 57 20 detta
440 1229 86 26 kapitel,
544 1229 3 19 i
564 1229 55 19 hvad
635 1229 36 21 det
685 1229 89 21 handlar
789 1236 34 14 om
841 1231 136 27 äktenskaps-

230 1262 38 26 jäf,
284 1263 65 25 angår
364 1263 81 19 sådana
460 1262 44 26 fall,
515 1263 27 19 dä
557 1262 79 26 Yvigsel
651 1266 74 23 vägras
741 1264 51 19 eller
803 1264 141 27 uppehälles?,
955 1266 23 18 sä

233 1302 62 20 synes
318 1296 62 20 häraf
398 1297 118 25 otvetydigt
538 1296 87 26 framgä,
647 1298 32 18 att
700 1298 143 25 lagstiftarene
866 1300 69 18 ansett
949 1301 31 18 ett

234 1330 94 20 anmäldt
340 1330 33 26 jäf
386 1330 35 20 väl
439 1332 75 24 utgöra
528 1331 74 19 hinder
617 1330 32 21 för
663 1332 87 26 vigseln,
766 1338 47 14 men
827 1332 48 20 icke
890 1333 32 20 för
936 1334 43 26 lys-

232 1364 88 26 ningens
335 1364 144 20 fortsättande.

300 1397 61 20 Dock
376 1404 60 13 anser
451 1399 31 26 sig
496 1398 147 27 Lagutskottet
653 1399 62 20 äfven
727 1399 52 21 böra
788 1399 117 27 framhälla,
916 1400 61 21 huru-

233 1438 44 14 som
300 1431 84 27 lysning
406 1432 32 20 till
461 1433 115 26 äktenskap
599 1433 65 20 redan
679 1434 6 19 i
701 1433 59 21 äldre
776 1434 53 20 tider
845 1435 97 26 åtföljdes
957 1436 24 20 af

300 1471 136 23 Lagutskottets
447 1472 111 18 betänkande
569 1477 30 12 n:o
612 1473 15 17 1.
