1028 1700
404 172 53 27 N:o
472 174 29 24 3.
785 179 12 20 fa

79 249 46 15 som
147 243 34 22 för
203 243 36 21 det
260 243 77 21 alsters
360 243 174 28 frambringande
555 244 137 21 uteslutande
714 245 56 21 varit
791 245 35 21 be-

78 277 90 22 stämda.
198 277 79 22 Dömes
296 277 152 28 efterbildning
466 277 23 22 af
506 278 116 21 konstverk
644 278 113 27 förbrutet,
776 285 50 15 vare

77 312 36 25 lag
129 317 87 16 samma.
246 307 31 25 Är
292 311 56 22 blott
362 312 70 26 någon
448 313 34 20 del
498 312 22 21 af
534 312 128 27 tryckalster
680 313 53 20 eller
750 312 77 27 bildlig

78 345 157 27 framställning
256 345 120 28 förgriplig,
399 346 39 21 och
460 346 44 22 kan
525 346 41 22 den
584 346 34 21 del
637 346 48 21 frän
703 346 37 21 det
758 346 69 27 öfriga

78 381 53 20 utan
146 380 109 26 svärighet
273 379 106 28 afskiljas;
399 387 51 14 vare
468 381 76 21 endast
562 381 40 21 den
620 380 127 28 förgripliga
765 380 61 22 delen

78 414 121 21 förverkad.

149 449 12 20 I
175 449 75 26 beslag
265 450 60 26 taget
339 449 60 26 gods,
416 455 46 15 som
477 450 73 21 dömes
565 449 130 26 förverkadt,
707 449 65 22 varde
784 449 43 22 för-

79 483 77 26 stördt,
175 489 35 15 om
227 483 47 21 icke
297 483 136 27 mälsegande
452 485 118 25 emottager
588 484 123 25 detsamma,
730 483 8 21 i
756 483 70 22 afräk-

78 518 51 26 ning
145 517 12 20 &
172 517 77 21 honom
267 517 161 22 tillkommande
448 517 136 27 skadestånd,
603 517 52 22 eller
673 517 49 22 med
740 518 87 26 pennin-

77 557 40 21 gar
131 551 58 22 löser
204 552 36 21 det
255 553 29 25 ut,
301 551 54 22 efter
374 552 37 21 det
429 552 221 27 tillverkningsvärde,
670 558 45 15 som
735 552 91 21 sakkun-

78 586 49 26 nige
143 586 52 21 derä
209 587 63 20 sätta.
303 586 47 22 Den
365 586 85 21 utlösen
465 586 84 22 tillfalle
564 586 88 22 kronan.

423 666 11 27 8
450 667 33 20 25.

150 705 129 22 Underläter
296 705 70 27 någon
386 705 6 21 i
412 706 26 21 de
457 705 43 27 fall,
519 706 89 21 hvarom
625 705 7 21 i
651 706 12 20 9
680 705 11 27 $
711 707 69 24 säges,
796 707 32 19 att

79 739 86 27 angifva
187 739 77 26 källan,
287 739 110 22 hvarifrän
415 740 84 26 aftryck
518 740 64 25 skett,
600 739 83 22 straffes
703 739 48 22 med
766 739 62 22 böter

78 774 56 20 intill
150 773 116 22 etthundra
280 774 67 21 mark.

422 819 12 26 8
450 821 33 19 26.

150 859 53 25 Den,
220 865 45 15 som
281 865 77 20 genom
373 859 135 26 sanningslös
527 859 38 21 och
581 858 144 21 vilseledande
743 858 84 27 uppgift

79 893 52 21 eller
147 893 120 27 uppsätligt
281 893 135 26 fördöljande
432 893 22 20 af
471 893 70 26 nägon
560 892 157 27 omständighet
736 892 92 21 föranle-

79 927 38 21 der
133 933 69 14 annan
217 928 32 19 att
263 926 55 27 begä
333 927 70 26 nägon
418 926 24 21 af
456 927 25 20 de
496 927 8 20 i
519 927 70 20 denna
607 926 124 26 förordning
751 925 77 22 omför-

78 961 71 20 mälda
164 960 147 27 förbrytelser,
327 960 85 21 straffes
429 960 70 21 såsom
515 966 34 16 om
564 961 42 20 han
621 960 143 26 förbrytelsen
779 959 49 27 sjelf

79 994 74 26 begätt
169 994 38 21 och
222 1001 50 14 vare
292 994 44 21 lika
355 994 48 21 med
422 995 193 26 gerningsmannen
634 994 32 21 till
686 993 141 22 skadeständs

79 1028 124 26 utgifvande
218 1028 122 27 förpligtad.

150 1057 43 25 Äro
208 1061 52 22 flere
275 1062 107 26 delaktige
401 1062 7 20 i
426 1062 134 27 förbrytelse,
576 1062 87 20 hvarom
678 1062 7 21 i
701 1062 70 20 denna
785 1061 42 21 för-

79 1096 91 26 ordning
188 1096 94 26 stadgas,
301 1096 65 20 varde
384 1096 53 20 hvar
456 1096 40 21 och
514 1102 26 15 en
559 1095 81 21 ansedd
658 1095 68 27 enligt
748 1096 25 20 de
792 1101 36 15 an-

79 1130 82 27 gäende
177 1130 132 27 delaktighet
323 1130 7 21 i
345 1130 60 21 brott
420 1130 7 20 i
442 1130 117 21 allmänhet
574 1129 99 27 gällande
688 1129 138 27 stadganden.

422 1211 11 26 8
449 1212 33 20 27.

151 1251 137 28 Förbrytelse
306 1252 58 21 emot
383 1251 69 21 denna
466 1250 126 27 förordning
606 1249 35 22 mä
657 1250 18 27 ej
693 1250 68 21 åtalas
777 1250 51 21 eller

80 1287 32 22 till
129 1287 44 21 åtal
188 1285 96 28 angifvas
299 1285 24 22 af
336 1291 70 16 annan
421 1287 27 19 än
462 1285 143 27 mälsegande.

423 1365 11 26 $
450 1365 33 20 28.

151 1405 72 27 Böter,
243 1411 45 16 som
307 1405 66 26 enligt
391 1404 69 21 denna
478 1403 125 26 förordning
621 1402 94 27 ädömas,
734 1401 93 22 fördelas

80 1440 71 22 såsom
170 1440 7 21 i
195 1441 9 20 1
251 1440 27 21 32
296 1439 50 28 kap.
360 1439 26 20 R.
402 1439 23 21 B.
446 1440 68 25 säges,
534 1438 39 21 och
591 1437 121 21 förvandlas
731 1436 36 22 vid
786 1436 42 21 bri-

79 1475 77 21 stande
171 1475 90 26 tillgäng
275 1474 39 21 hos
331 1474 40 21 den
386 1473 105 21 sakfällde
507 1473 36 21 till
554 1472 95 26 fängelse
659 1471 35 21 vid
706 1473 72 20 vatten
790 1470 38 21 och

81 1510 60 26 bröd,
157 1508 151 23 motsvarande
324 1515 26 15 en
365 1507 103 27 tredjedel
484 1507 23 21 af
520 1506 169 27 bötesbeloppet.
