1031 1706
285 125 80 27 Ständ.
381 126 38 22 Sv.
435 138 27 4 —
477 126 70 28 Prop.
562 127 40 21 N:o
617 126 21 22 3.
794 128 11 20 7

88 188 197 29 byggnadsarbetets
307 188 80 28 dyrhet,
404 191 55 20 samt
478 196 26 14 en
518 188 31 22 för
568 189 73 21 sådant
663 188 96 22 ändamål
773 189 23 21 af
808 198 26 13 en

89 222 92 22 arkitekt
203 222 20 22 åt
243 230 67 14 annan
333 230 74 21 person
430 222 114 23 öfverlåten
567 223 185 29 byggnadsritning
773 232 62 20 synes

88 258 50 21 böra
152 264 59 14 anses
227 265 44 13 som
286 257 40 21 den
341 265 83 14 senares
439 257 134 29 tillhörighet,
586 258 86 26 hvilken
688 258 41 21 han
740 258 37 21 bör
786 258 48 22 tilli-

88 291 27 21 ka
130 291 48 21 med
193 292 32 20 sin
239 293 42 19 rätt
296 294 30 18 att
340 292 68 27 bygga
423 291 53 21 efter
490 292 120 20 densamma
626 292 71 21 kunna
712 292 88 28 föryttra
813 292 22 21 åt

88 325 66 29 tredje
176 333 80 20 person,
272 326 50 21 utan
346 327 31 19 att
395 325 69 21 dertill
486 324 89 22 behöfva
592 325 95 22 inhemta
705 326 129 22 arkitektens

87 359 114 29 samtycke.

155 394 50 22 Med
220 393 97 22 afseende
332 393 54 27 derä,
402 396 30 20 att
448 394 165 29 propositionens
629 395 26 20 18
666 395 13 26 &
690 394 87 22 sålunda
791 397 43 19 ute-

87 429 75 26 slutits,
177 428 63 22 hafva
256 428 117 22 Stämderna
387 430 69 20 ansett
470 428 62 23 äfven
546 429 56 21 hvad
612 429 28 21 20
651 429 13 26 8
675 429 8 21 i
693 428 65 22 första
771 436 62 14 mom.

86 463 116 22 innehåller
223 471 35 13 om
281 463 141 28 >»byggnaders
445 463 79 22 utsidor
542 463 106 22 äfvensom
669 463 164 29 perspektiviskt

86 501 62 25 tagna
167 497 150 28 afbildningar»
335 497 49 22 böra
402 497 50 28 utgå
466 506 26 13 ur
510 497 145 22 motsvarande
673 505 62 14 mom.
751 497 8 22 i
775 499 26 20 18
820 498 13 25 &

85 533 24 21 af
122 532 40 21 den
177 531 23 22 af
213 531 117 22 Ständerna
345 534 89 26 antagna
443 531 112 29 lagtexten.
579 530 109 29 Derjemte
699 531 62 22 hafva
773 532 60 21 Stän-

86 567 65 22 derna
172 566 32 22 för
225 566 185 22 åstadkommande
432 565 22 22 af
470 569 65 19 större
555 566 104 29 tydlighet
678 566 73 22 ändrat
769 566 64 21 inled-

86 601 127 28 ningsorden
227 600 8 21 i
249 600 68 22 denna
333 601 19 25 8.

155 635 34 21 Då
203 635 14 20 4
231 634 89 29 kapitlet
341 634 88 21 handlar
450 642 34 13 om
499 642 75 13 ansvar
590 634 52 21 både
665 634 32 21 för
719 634 114 29 eftertryck

86 670 38 21 och
143 669 32 22 för
193 669 148 28 efterbildning
359 669 24 21 af
395 669 120 25 konstverk,
536 668 62 21 hafva
614 667 117 23 Ständerna
745 669 7 20 i
768 668 65 22 öfver-

86 704 89 22 skriften
190 703 33 22 till
237 704 58 21 detta
310 703 79 29 kapitel
404 703 74 22 ändrat
492 703 59 22 ordet
566 703 52 20 eller
633 703 33 21 till
682 703 36 20 och
729 703 46 27 för.

154 738 120 22 Innehållet
291 737 24 22 af
328 738 25 21 21
373 739 14 25 &
405 737 63 22 hafva
486 737 117 22 Ständerna
621 737 7 21 i
643 737 146 22 motsvarande
805 738 27 21 19

86 776 14 25 8
115 773 23 22 af
151 773 36 22 sitt
201 773 76 28 förslag
291 771 104 23 förenklat
409 779 76 21 genom
494 771 126 28 hänvisning
630 771 32 22 till
673 771 25 22 de
708 771 123 29 föregående

86 809 35 26 88,
143 816 44 14 som
205 807 79 29 skydda
303 807 24 21 de
346 806 128 29 rättigheter,
490 814 34 13 om
538 806 83 22 hvilkas
636 806 122 21 kränkande
774 806 34 21 det
823 806 8 21 i

84 842 115 29 förstsagde
215 843 12 26 8
243 846 22 17 är
279 841 63 28 fråga.
372 841 130 28 Härigenom
512 840 62 21 hafva
585 839 117 22 Ständerna
712 841 39 21 ock
761 841 69 28 aflägs-

85 880 36 19 nat
139 877 25 22 de
179 877 8 21 i
206 875 164 30 propositionens
385 875 25 21 21
428 875 14 26 $
456 874 102 29 ingående
577 875 133 28 motsägelser
729 875 33 22 till
776 875 55 22 hvad

86 912 117 22 Ständerna
218 909 127 24 beträffande
361 909 63 28 några
439 909 123 28 föregående
578 909 28 26 $$
622 908 91 23 beslutit.

154 947 13 20 I
181 946 34 25 22,
231 946 14 25 &
262 943 145 23 motsvarande
423 944 27 21 20
466 944 13 26 8
494 943 7 21 i
517 943 40 21 den
575 942 23 22 af
611 943 116 22 Ständerna
743 945 88 26 antagna

85 982 67 27 lagen,
167 980 38 21 har
220 979 31 22 för
267 980 65 20 större
347 977 104 29 tydlighet
470 977 86 22 framför
570 977 59 22 ordet
645 977 86 22 »alster»
753 977 77 29 tillagts

86 1015 64 22 orden
167 1013 74 22 »skrift
256 1013 51 21 eller
322 1014 84 20 annat».

152 1049 12 21 I
179 1049 27 21 23
222 1049 13 26 &
252 1048 38 21 har
304 1047 153 28 hänvisningen
473 1047 31 21 till
520 1047 25 20 21
562 1047 14 25 &
592 1048 82 20 ändrats
689 1047 32 21 till
737 1054 25 13 en
781 1047 48 21 hän

86 1084 83 27 visning
183 1083 33 22 till
231 1083 93 20 deremot
339 1081 101 22 svarande
456 1081 26 22 19
497 1082 14 26 3
525 1081 8 21 i
549 1081 127 21 Ständernas
691 1081 82 28 förslag.

153 1118 73 21 Jemte
241 1117 35 21 det
291 1116 117 22 Ständerna
423 1115 7 22 i
446 1115 27 22 24
488 1117 13 26 &
512 1115 73 22 ändrat
595 1115 58 21 ordet
665 1115 166 27 bokutspridare

84 1153 33 22 till
142 1152 129 28 utspridare,
288 1150 87 22 emedan
398 1150 122 27 stadgandet
535 1149 7 22 i
556 1149 64 22 första
637 1149 112 28 meningen
768 1157 61 20 synes

85 1188 49 21 böra
148 1186 97 21 hänföras
261 1185 62 22 äfven
341 1184 32 21 till
388 1184 116 28 utspridare
522 1183 23 21 af
558 1183 120 25 konstverk,
693 1182 63 21 hafva
771 1182 59 22 Stän-

85 1222 70 24 derna,
176 1224 49 17 enär
245 1219 35 22 det
297 1226 72 14 senare
386 1226 63 13 mom.
464 1218 8 21 i
487 1225 78 14 samma
578 1218 16 27 &
609 1224 62 21 synes
689 1216 81 21 mindre
785 1215 45 29 tyd-

84 1255 44 28 ligt,
145 1254 26 21 d&
189 1254 36 21 der
244 1253 51 22 först
317 1253 52 21 talas
384 1259 34 14 om
436 1251 35 22 det
493 1251 108 22 förbrutna
618 1251 81 28 godsets
718 1245 111 37 förstöring

85 1289 39 22 och
144 1288 63 21 sedan
227 1295 33 13 om
278 1286 157 29 målsegandens
453 1285 99 28 rättighet
566 1284 100 28 antingen
681 1287 31 18 att
727 1286 102 25 emottaga

85 1324 116 20 detsamma
214 1321 9 21 i
237 1321 110 26 afräkning
357 1321 12 20 å
378 1321 77 20 honom
468 1319 158 22 tillkommande
636 1317 131 26 skadestånd,
779 1318 51 21 eller

84 1359 30 19 att
128 1356 69 21 tillösa
212 1355 31 27 sig
257 1355 120 24 detsamma,
393 1353 47 22 sökt
455 1355 31 19 att
498 1360 75 20 genom
588 1351 171 28 omformulering
772 1351 57 28 gifva

86 1399 25 13 en
126 1394 66 18 större
207 1388 103 29 tydlighet
324 1387 21 23 åt
360 1388 56 21 detta
431 1395 61 13 mom.

153 1425 13 21 I
181 1425 27 21 26
224 1425 19 25 S,
259 1431 44 14 som
319 1424 113 21 motsvaras
448 1421 23 22 af
484 1421 26 21 24
526 1421 13 27 &
554 1421 8 21 i
577 1420 40 21 den
632 1420 23 22 af
668 1419 117 23 Ständerna
795 1427 34 14 an-

84 1463 63 26 tagna
162 1460 111 27 lagtexten,
290 1462 22 17 är
327 1457 7 22 i
349 1457 64 22 andra
432 1464 61 14 mom.
510 1455 56 29 fråga
582 1463 34 13 om
633 1454 129 29 delaktighet
776 1455 7 21 i
798 1454 30 23 sä-
