1028 1700
280 116 28 22 U.
323 115 28 22 B.
367 128 26 5 —
408 117 73 26 Prop.
495 115 46 24 N:o
556 117 34 21 19.
769 118 13 20 5

129 185 29 19 att
174 184 97 22 deremot
284 184 161 23 Presteståndet
459 188 25 18 är
499 187 84 20 ensamt
598 192 35 15 om.
648 186 34 21 sitt
695 186 76 27 beslut,
782 187 29 20 att

61 218 115 21 enahanda
192 219 241 28 undantagsstadgande
449 221 67 20 borde
531 220 58 28 gälla
601 220 81 27 jemväl
697 221 34 21 för
742 224 67 18 smör-

60 252 80 26 tionde,
156 253 67 26 jemte
239 254 36 20 det
289 254 49 20 icke
354 254 67 20 heller
436 254 171 21 Bondeståndets
622 254 76 26 beslut,
716 254 95 22 rörande

61 285 72 21 tionde
156 287 62 20 äfven
241 288 24 19 af
285 294 72 14 annan
380 288 57 26 slags
459 288 40 20 fisk
520 291 26 17 än
568 288 43 26 lax,
630 288 23 20 af
664 287 66 27 något
745 289 66 19 annat

62 318 67 22 Stånd
144 320 96 26 biträdts,

128 353 33 21 får
183 354 113 27 Utskottet,
323 358 53 18 enär
395 354 76 28 frågan
488 360 60 17 rörer
563 355 169 22 Presteståndets
747 357 62 25 privi-

60 388 74 26 legier,
152 388 109 22 vördsamt
276 389 113 21 hemställa
768 382 3 4 |

199 425 29 18 att
252 422 156 22 Presteståndet
430 423 62 21 måtte
514 422 82 29 frångå
615 422 34 22 sitt
665 423 146 28 omförmälda

130 455 74 26 beslut,
221 455 72 30 såvidt
306 456 35 21 det
355 459 60 19 rörer
431 457 151 26 smörtionden,
600 459 54 19 samt

198 495 29 16 alt
249 490 123 23 Ständerna
394 490 62 22 mätte
479 491 118 28 godkänna
616 491 99 29 följande
731 491 79 29 lydelse

128 523 37 29 för
179 525 18 26 $
213 524 28 22 ?:

197 564 34 22 All
245 572 74 14 annan
332 565 71 21 tionde
415 565 33 22 till
457 565 165 29 Presterskapet,
631 572 51 15 vare
690 565 33 29 sig
731 567 76 24 smör-,

129 598 49 30 fisk-
200 599 49 21 eller
264 598 139 30 gvicktionde,
420 600 111 27 äfvensom
546 600 39 21 den
601 599 10 21 i
624 599 70 29 några
711 599 60 22 delar
787 599 26 28 af

129 633 90 22 landet
210 629 10 38 i
226 634 71 22 andra
305 634 132 21 naturalster
445 634 103 28 utgående
557 633 67 29 afgift
636 633 32 22 till
677 633 132 30 kapellaner,

126 667 141 29 predikanter
289 667 38 22 och
348 667 193 30 sockneadjunkter
563 668 91 28 utbytes,
676 668 38 21 der
729 666 81 28 beträf-

129 702 67 27 fande
220 702 111 22 laxtionde
354 701 73 23 lokala
449 702 153 28 förhållanden
625 702 44 21 icke
692 701 118 23 tillsvidare

126 735 92 29 påkalla
241 736 120 28 undantag,
383 740 53 18 emot
452 732 110 26 bestämda
577 736 71 28 årliga
664 736 92 28 afgifter
771 743 40 15 an-

130 770 70 28 tingen
216 770 9 21 i
237 770 127 29 penningar
379 770 51 22 eller
445 770 9 22 i
468 771 25 21 de
509 770 32 22 uti
555 771 18 25 $
589 770 14 22 3
611 770 199 30 uppräknade
760 766 53 38 per-

129 804 84 28 sedlar;
229 806 38 21 och
283 806 52 21 böra
352 805 61 22 dessa
430 804 89 29 afgifter
533 804 92 29 föreslås
641 804 28 29 af
680 804 130 29 reglerings-

130 838 90 23 komitén
235 839 10 21 i
259 840 92 28 enlighet
365 839 47 22 med
427 840 26 21 de
468 840 9 20 i
499 839 6 29 $
522 839 16 22 6
553 840 130 21 omnämnda
699 838 112 23 allmänna

129 874 103 27 grunder.

130 918 22 29 S
168 920 19 20 9
202 922 25 18 är
241 920 24 20 af

164 953 181 27 Ridderskapet
359 954 48 22 och
421 954 83 22 Adeln
518 955 56 21 samt
589 955 23 20 af

164 991 188 25 Presteståndet

131 1029 114 27 godkänd;
263 1030 114 20 hvaremot

164 1066 212 29 Borgareståndet

130 1104 33 21 för
179 1104 71 20 denna
267 1105 12 23 $
294 1104 81 26 antagit
387 1104 94 26 följande
490 1103 129 22 förändrade
629 1103 95 26 lydelse:
742 1103 68 27 ,,ordi-

63 1140 60 20 narie
146 1141 58 25 prest
226 1138 13 21 &
261 1139 74 20 landet
354 1139 67 20 förses
437 1140 23 19 af
473 1139 153 26 församlingen
642 1139 102 25 antingen
761 1137 50 21 med

62 1173 92 22 boställe
169 1173 52 21 eller
236 1173 49 20 med
301 1173 140 26 boningsrum
453 1174 70 26 jemte
538 1173 80 26 nödiga
632 1171 79 22 uthus”
727 1179 20 14 o.
764 1178 17 14 s.
791 1179 20 13 v.

64 1208 65 27 enligt
145 1208 169 26 propositionen;
332 1208 56 19 samt

166 1245 184 24 Bondeständet

132 1281 91 22 sålunda
237 1282 76 20 bifallit
327 1281 135 26 densamma,
480 1282 29 19 att
523 1282 6 19 i
545 1281 69 20 stället
625 1281 33 21 för
668 1282 71 19 satsen
749 1280 65 26 ,med

64 1317 140 26 boningsrum
224 1316 69 26 jemte
315 1316 80 25 nödiga
416 1315 64 21 uthus
500 1315 101 25 lämpade
620 1316 53 19 efter
688 1314 69 20 tidens
773 1314 40 20 for-

65 1348 101 28 dringar*
188 1349 95 20 infördes
299 1348 66 21 orden
382 1348 64 26 ,med
463 1348 139 26 erforderliga
617 1348 140 26 boningsrum
774 1346 39 20 och

65 1382 85 22 uthus".

131 1416 36 22 Då
181 1418 118 20 Utskottets
315 1417 51 21 med
381 1416 41 21 den
439 1415 80 28 nådiga
534 1416 160 26 propositionen
707 1415 106 21 öfverens-

64 1453 136 21 stämmande
222 1452 80 26 förslag
321 1451 66 21 blifvit
407 1452 23 19 af
442 1450 161 27 Ridderskapet
617 1450 40 20 och
672 1449 71 21 Adeln
759 1450 56 20 samt

91 1498 73 23 Bihang
178 1497 28 18 till
219 1497 102 17 Sammans.
337 1496 48 24 Lag-
397 1502 15 11 o.
420 1495 186 18 Ekonomiutskottets
618 1494 113 18 betänkande
742 1493 38 18 N:o
794 1493 19 17 6.
