1023 1703
228 166 30 21 40
419 162 29 26 U.
462 163 28 24 B.
505 175 28 6 —
546 162 73 30 Prop.
634 165 51 21 N:ö
694 163 31 23 11.

539 227 12 28 8
567 224 36 24 53.

269 260 71 25 Skall
360 258 114 31 skjutskäst
497 265 79 18 tröttna
596 258 49 24 eller
668 260 62 27 eljest
749 259 47 22 itke:
809 259 71 24 mäkto
890 258 56 28 föra

197 297 64 29 fram
280 293 41 25 den
344 297 91 21 vesande
453 295 32 22 till
504 295 95 22 bestämd
616 299 40 20 ort,
672 295 53 21 eller
736 294 160 29 körredskajien,
912 301 33 14 om

201 332 39 21 den
262 332 21 27 ej
306 333 27 19 är
353 331 39 21 den
413 331 98 21 resandes
527 337 55 21 egen,
599 329 70 21 under
676 329 87 27 färden
775 330 28 27 gå
819 323 78 40 sönder
912 323 38 40 och

201 365 66 28 blfoo
281 362 111 27 obrakbar,
408 364 82 29 åltgger
503 365 37 20 det
553 361 244 31 lägenhetsinuehafvaré
809 369 19 14 0.
844 368 20 16 8.
877 368 20 16 v.
910 368 36 16 6

201 400 39 28 ligt
254 400 11 28 8
281 399 30 21 25
323 399 10 21 i
345 398 165 28 propositionen.

506 442 31 30 88
550 442 91 22 24—26.

270 485 55 21 Lika
338 484 48 21 med
401 484 29 28 $$
445 484 85 22 26—28
545 483 8 21 i
566 482 166 28 propositionen.

540 541 12 27 8
567 540 35 21 27.
933 544 2 2 :

269 575 73 30 (Mom.
359 575 30 28 1.)
417 575 54 22 Lika
485 575 48 21 med
548 580 63 16 mom.
629 574 9 21 1
655 574 8 21 i
677 574 12 27 &
705 574 30 21 99
745 573 23 22 af
780 573 166 28 propositiowen.

269 613 74 31 (Mom.
359 613 30 30 2.)
418 613 98 23 Resande
532 627 25 3 —
575 626 24 3 —
617 626 26 3 —
659 621 18 14 0.
693 619 17 16 s.
726 619 18 15 v.
765 613 65 28 enligt
851 613 97 28 proposi-

201 651 72 22 tionen
290 663 26 3 —
332 662 25 3 —
373 647 37 24 och
421 649 84 27 fordon
521 648 59 29 afgä.
604 647 108 29 Intråfar
723 647 125 28 dröjsmålet
862 648 13 19 &
889 650 57 25 yäst:

201 685 86 29 gifveri,
303 684 35 20 mä
352 682 89 22 sålunda
456 681 122 29 uppehällne
593 681 74 21 hästar
681 681 56 27 efter
751 686 24 16 en
791 682 73 20 timme
875 682 21 19 ät
910 686 37 16 an-

202 727 43 13 nan
260 716 89 24 resande
364 715 104 31 upplätas.

541 756 12 28 g
568 755 34 21 28.

270 791 55 22 Lika
338 790 47 22 med
401 790 12 28 $
428 790 28 21 30
470 790 8 21 i
492 790 166 28 propositionen.

541 847 12 27 8
567 845 35 23 29.

270 876 36 28 År
319 881 35 23 båt
369 894 26 3 —
410 894 27 3 —
453 886 18 16 o.
487 887 16 15 s.
519 886 19 16 v.
554 880 66 28 enligt
639 880 12 28 $
670 881 26 21 31
717 881 7 21 i
743 880 160 28 propositionen
922 891 25 6 —

203 932 26 2 —
245 930 26 4 —
287 918 70 21 ersatt.
388 915 69 22 Skulle
474 921 75 24 genom
564 915 72 21 båtens
651 915 151 29 bristfällighet
816 916 72 28 någon
897 915 51 27 för-

203 953 40 21 lust
266 952 39 20 den
324 951 87 21 resande
434 950 130 28 tillskyndas,
583 953 76 17 ersätte
675 950 45 25 den,
736 956 45 14 som
796 950 59 20 bäten
871 950 76 21 under-

203 985 57 23 hålla
280 984 52 26 bort,
350 982 114 30 förlusten.
494 983 46 23 Får
562 983 70 29 någon
654 981 69 30 deraf
737 983 148 30 kroppsskada
900 984 49 21 eller

203 1021 64 27 ljuter
289 1018 73 24 döden,
385 1026 49 14 vare
455 1019 39 20 den
515 1017 92 30 skyldige
622 1019 103 28 ansvarig
738 1018 76 27 derför
829 1018 63 28 enligt
908 1018 41 28 lag.

203 1049 34 27 Är
259 1052 128 23 båtroddare
402 1053 119 28 försumlig
536 1053 49 21 eller
600 1052 96 26 drucken,
713 1052 49 22 eller
776 1052 119 21 uwraktlåter
908 1051 41 23 han

203 1088 39 22 helt
264 1087 37 22 och
323 1084 62 25 hållet
407 1091 30 17 att
457 1086 87 22 resande
559 1087 118 28 öfverföra,
693 1087 44 21 böte
751 1087 57 20 ände
822 1087 35 20 till
864 1087 84 28 fyratio

203 1123 60 20 mark
285 1121 37 22 och
339 1121 42 28 för
398 1120 95 29 fylleriet
516 1121 69 24 skildt,
605 1121 38 20 der
661 1121 41 21 han
718 1127 35 16 om
768 1122 68 20 sädan
846 1121 104 27 förseelse

203 1157 75 21 varder
289 1156 129 27 förvunnen,
434 1159 53 17 samt
501 1156 100 29 godigöre
617 1155 29 21 all
656 1155 89 27 förlust,
761 1163 44 14 som
813 1156 39 20 den
860 1156 90 20 resande

202 1192 121 27 derigerom
339 1190 137 27 förorsakas.
506 1190 119 22 Fortsätter
648 1190 88 21 resande
752 1189 83 28 färden
854 1194 50 16 utan
920 1193 30 17 att

203 1225 64 22 betala
283 1224 80 30 båtlega
378 1224 43 21 böte
432 1223 85 29 fyratio
532 1223 67 23 mark.

508 1280 31 26 88
553 1280 92 20 30-32.

271 1318 54 23 Lika
339 1317 49 23 med
402 1318 29 28 88
446 1319 85 21 32—34
546 1319 7 21 i
568 1318 166 28 propositionen.

269 1416 46 24 För
327 1417 40 22 den
382 1417 108 25 händelse,
506 1418 33 20 att
551 1416 116 23 utskottets
681 1417 148 28 betänkande,
836 1417 70 23 sävidt
913 1425 37 15 an-

202 1453 39 29 går
255 1451 161 30 privilegierade
430 1451 134 28 lägenheters
579 1451 128 28 deltagande
721 1451 7 22 i
744 1451 204 30 sltjutsningshesvä-

271 1498 135 18 Sommansatta
420 1497 47 22 Lag-
479 1498 31 17 och
524 1497 181 18 Ekonomiutskottets
717 1497 116 18 betänkande
846 1498 34 17 N:o
895 1497 18 18 4.
