1042 1709
237 154 29 22 16
404 154 32 22 U.
454 154 28 22 B.
501 165 32 4 —
551 153 78 27 Prop.
647 153 48 23 N:o
713 154 32 22 11.

202 228 83 16 samma
302 220 84 24 mindre
404 224 28 20 än
450 220 27 24 de
495 220 38 24 tvä
551 220 68 24 andra
637 220 111 29 ständens,
767 220 49 24 med
829 220 123 24 hvarandra

202 255 47 25 icke
267 255 51 24 fullt
337 254 238 25 ofverensstämmande
592 254 79 30 beslut,
690 254 83 25 afviker
791 254 49 25 från
857 262 30 16 nu
905 254 48 31 gäl-

202 290 64 24 lande
284 289 171 32 bestämningar,
474 289 127 24 hemställer
619 289 118 24 utskottet:

408 352 38 21 att
473 347 104 24 Preste-
600 347 46 24 och
671 347 194 25 Bondestånden
887 347 66 31 ville,

339 383 55 24 med
416 383 158 32 frångående
593 383 33 31 af
639 383 57 23 sina
715 382 84 30 beslut,
816 381 138 32 godkänna

339 425 71 16 mom.
430 416 14 24 1
463 419 34 30 af
510 416 22 33 $
550 416 39 24 22
607 417 77 30 enligt
702 416 131 25 utskottets
846 417 107 31 förslag.

272 463 110 31 Slutligen
409 463 99 24 anbåller
530 462 108 25 utskottet
661 462 32 24 att
711 462 40 23 här
769 462 23 24 få
810 461 34 24 till
863 462 91 23 rättelse

204 498 86 24 anmäla
308 497 94 31 följande
420 498 69 23 under
506 497 101 24 ärendets
625 496 134 32 behandling
776 496 8 24 i
799 497 31 23 ett
840 497 53 24 eller
903 497 51 23 flere

204 532 64 24 stånd
287 532 114 24 anmärkta
419 533 126 30 uppenbara
563 532 36 29 fel,
618 531 121 31 nemligen:

273 567 33 24 att
328 567 74 24 datum
425 567 27 30 på
475 567 41 23 den
534 566 7 24 i
560 567 114 30 ingressen
693 566 122 30 åberopade
833 565 121 24 förordnin-

204 609 44 23 gen
266 602 38 23 bör
322 608 52 17 vara
392 601 41 24 den
451 601 38 23 30
508 600 92 25 Januari
621 601 72 28 1872,
712 600 47 24 icke
777 601 38 23 den
830 600 12 23 3
852 600 102 29 Januari;

274 636 33 23 att
333 635 61 24 ordet
422 636 165 31 tillkomma"
612 635 7 23 i
643 635 67 24 slutet
728 635 24 23 af
769 633 13 34 $
803 636 11 22 1
835 634 119 31 rätteligen

204 670 39 25 bör
260 677 52 17 vara
332 670 176 29 tillkomna";

273 705 33 24 att
333 704 61 24 ordet
423 704 212 29 ,valmistakoon*
664 703 7 24 i
697 703 71 24 finska
794 703 89 24 textens
906 702 14 34 &
940 704 13 23 5

204 746 64 17 mom.
288 740 15 22 4
321 739 79 24 ändras
418 738 34 24 till
471 738 194 31 vahvistakoon;

274 774 32 23 att
324 773 61 24 ordet
406 773 204 29 ,Aollihevosten*
630 771 8 24 i
655 772 71 24 finska
739 772 88 25 textens
840 771 14 34 $
865 773 13 23 7
889 779 64 17 mom.

206 810 14 22 5
239 808 79 24 ändras
336 807 35 25 till
390 808 225 31 ,kyytihevosten";
634 808 56 23 samt

274 843 32 24 att
325 842 61 25 ordet
405 842 155 25 oikeellisesti
576 841 7 24 i
601 841 70 24 finska
689 842 89 24 textens
796 840 14 35 &
830 842 31 23 14
875 841 80 24 ändras

205 877 35 25 till
259 877 83 24 oikeen
362 877 40 24 och
422 877 180 32 yvirhetyöstä*
622 876 34 24 till
677 877 208 28 ,virheestänsä*.

273 912 64 24 Hvad
356 912 46 24 åter
420 911 103 24 beträffar
541 911 37 24 det
595 911 7 24 i
620 909 14 34 &
655 912 30 23 14
703 911 176 24 förekommande
893 911 62 24 ordet

208 947 215 32 smaankanslia*,
446 953 46 17 som
510 946 164 24 Bondeständet
697 946 72 23 ansett
791 946 52 23 böra
861 946 94 23 ersättas

206 981 49 24 med
270 981 61 24 ordet
345 981 226 31 ,lääninkanslia*,
581 980 70 23 finner
663 980 107 24 utskottet
779 979 47 25 icke
836 979 119 32 anledning

207 1016 34 24 att
258 1023 53 16 anse
329 1015 121 24 detsamma
468 1016 71 23 säsom
558 1014 111 31 felaktigt,
687 1015 8 23 i
709 1014 118 32 synnerhet
839 1022 45 16 som
895 1015 60 23 detta

208 1051 38 23 ord
272 1050 92 24 allmänt
390 1050 113 30 begagnas
525 1049 36 24 vid
583 1049 62 24 sidan
663 1049 25 24 af
713 1049 36 24 det
766 1053 58 20 ännu
842 1049 113 31 vanligare

210 1085 176 28 smaaherra*;
404 1084 41 24 och
463 1084 27 23 dä
508 1084 107 24 utskottet
632 1083 47 25 icke
697 1084 70 24 heller
785 1085 28 29 pä
831 1085 72 30 någon
918 1091 37 16 an-

206 1126 43 17 nan
272 1119 78 31 grund,
373 1119 65 24 sedan
462 1119 32 23 tre
512 1119 64 23 stånd
595 1118 97 31 godkänt
710 1118 154 29 betänkandet,
883 1119 73 23 ansett

208 1153 35 32 sig
261 1153 74 24 kunna
352 1153 81 24 föreslä
451 1152 93 31 ändring
562 1153 7 23 i
587 1153 141 24 förevarande
747 1153 110 29 afseende,
871 1153 41 23 har
921 1153 34 23 ut-

207 1188 82 24 skottet
308 1188 76 23 endast
401 1187 64 24 bordt
482 1187 76 24 härom
576 1187 93 24 anmäla.

276 1221 140 32 Helsingfors
434 1222 41 23 den
495 1223 30 23 16
545 1221 122 24 November
687 1222 72 23 1877.

276 1460 114 24 Professor
417 1460 73 24 Cleve
515 1460 40 24 har
573 1461 78 30 begärt
672 1460 33 24 att
726 1460 23 24 få
770 1460 132 24 antecknadt
920 1460 37 24 det

208 1495 43 24 han
270 1495 46 24 icke
335 1495 93 31 deltagit
446 1494 7 24 i
471 1495 118 23 utskottets
607 1494 138 24 förestående
762 1495 79 24 beslut.

382 1576 41 20 Åbo,
434 1581 17 13 G.
462 1580 24 13 W.
497 1580 51 13 Wilén
560 1581 10 12 &
580 1580 34 13 Co:s
623 1579 107 17 boktryckeri,
740 1581 38 12 1877.
