1039 1703
211 147 26 21 10

482 146 62 22 Ständ.
560 146 31 22 Sv.
608 159 25 3 —
649 146 53 28 Prop.
717 147 32 21 N:o
765 148 32 20 20.

353 208 40 20 ken
408 209 96 27 erlägges
519 208 29 28 af
558 208 126 22 samhällets
698 210 99 27 samtlige
812 208 123 26 arbetsföra

353 242 144 27 medlemmar,
512 250 46 14 som
567 242 49 28 fylt
625 242 87 28 femton
727 244 32 20 år.

610 288 15 28 $
643 288 36 22 30.

422 334 54 21 Lika
497 334 49 21 med
567 334 12 27 $
603 334 26 21 32
652 334 7 21 i
681 334 41 21 den
744 334 77 27 nådiga
839 333 96 28 proposi-

354 367 78 22 tionen.

595 408 44 17 Art.
650 407 33 17 VI.

389 441 45 22 Om
450 441 311 28 fattigvårdssamhälles
776 443 55 20 rätt
845 435 52 28 mot

423 476 66 27 dem,
505 482 55 15 som
575 476 111 27 åtnjuta
699 475 160 27 fattigvård;

511 511 28 21 så
554 510 48 21 ock
617 516 40 15 om
670 509 106 28 tiggeri.

613 555 16 27 $
644 556 34 20 31.

421 596 65 21 Mom.
510 595 56 21 1—3
588 594 44 22 lika
653 595 49 21 med
723 594 14 29 &
761 595 27 21 33
797 601 62 16 mom.
879 596 55 21 1—3

354 630 8 21 i
377 630 40 22 den
432 630 48 21 nåd.
495 629 164 28 propositionen.

423 664 63 21 Mom.
508 663 21 21 4.
560 663 75 21 Skulle
657 662 108 28 arbetsför
780 670 80 20 person
875 662 60 28 öfver

338 686 2 2 |
348 697 88 28 femton
450 698 32 26 år,
498 704 45 14 som
558 697 47 22 står
619 697 70 21 under
697 697 238 28 fattigvårdsstyrelses

354 732 176 27 husbondevälde,
554 733 67 26 vägra
636 734 33 18 att
678 731 103 28 fullgöra
797 731 76 27 arbete,
889 738 45 15 som

354 767 76 20 honom
446 766 118 27 föresättes
587 765 29 28 af
634 766 103 27 styrelsen
757 766 52 21 eller
823 773 82 19 annan,
921 767 13 20 å

353 801 85 20 hvilken
460 801 178 20 husbondeväldet
660 799 127 28 öfverlåtits,
807 801 52 20 eller
874 801 61 27 eljest

355 835 46 21 visa
431 835 92 26 tredska,
552 834 121 29 sjelfsväld,
704 835 157 27 oordentlighet
885 835 52 20 eller

353 869 164 28 uppstudsighet
538 869 39 21 och
599 869 45 20 icke
667 869 45 21 läta
734 869 33 27 sig
783 869 29 26 af
822 869 114 28 styrelsens

354 904 92 27 varning
468 906 66 24 rätta,
557 904 35 20 mä
613 903 103 28 styrelsen
739 910 33 14 om
781 903 155 27 förhållandet

354 939 54 26 göra
431 938 104 20 anmälan
556 937 37 22 hos
611 937 137 21 Guvernören
763 938 8 20 i
786 938 35 20 det
835 937 101 28 afseende

354 972 15 27 $
383 972 27 21 31
420 971 96 28 förmår.
550 971 64 22 Visar
629 971 60 26 barn,
703 979 45 14 som
759 971 28 28 af
789 971 147 28 fattigvårds-

355 1006 88 27 styrelse
465 1006 73 27 njuter
547 1005 149 28 försörjning,
713 1006 92 26 tredska,
820 1005 116 28 sjelfsvåld

354 1040 52 20 eller
436 1039 161 28 oordentlighet,
620 1040 35 20 mä
672 1039 233 28 fattigvärdsstyrelse,
928 1040 8 20 i

355 1074 41 21 den
418 1074 94 27 ordning
535 1074 140 27 legostadgan
697 1073 30 28 af
737 1074 42 21 den
793 1074 29 21 30
838 1074 98 21 Januari

355 1108 59 21 1865
440 1107 118 28 medgifver
582 1107 114 28 husbonde,
719 1109 47 20 läta
789 1108 75 21 barnet
885 1115 50 21 aga.

354 1142 84 28 Hvarje
455 1142 133 28 fattighjon,
610 1149 45 14 som
677 1143 94 27 uppnätt
786 1142 91 28 fjorton
899 1143 36 20 ärs

355 1176 62 21 ålder
439 1177 38 20 och
499 1177 9 20 i
525 1176 112 28 fattighus
660 1177 51 20 eller
740 1177 196 27 arbetsinrättning

354 1213 27 18 är
402 1211 88 27 intaget,
513 1210 43 21 kan
573 1210 42 27 för
630 1209 68 29 öfrigt
707 1210 42 27 för
763 1211 62 20 visad
840 1211 96 27 olydnad

354 1245 52 19 eller
428 1245 152 25 öfverträdelse
602 1247 44 16 mot
667 1245 120 26 ordningen
807 1245 36 19 vid
857 1245 79 19 inrätt-

355 1278 80 26 ningen
458 1277 28 26 af
499 1277 173 26 föreståndaren
693 1277 90 26 straffas
805 1283 75 21 genom
903 1280 33 17 att

355 1311 73 28 nägon
450 1311 33 20 tid
504 1311 72 20 hällas
598 1311 9 20 i
629 1317 74 15 enrum
718 1311 53 21 eller
784 1311 36 21 vid
835 1311 101 22 minskad

356 1345 52 21 kost.

612 1391 15 28 $
642 1392 36 21 22.

421 1431 53 23 Lika
498 1432 49 22 med
568 1432 12 28 $
602 1432 28 22 34
650 1432 8 21 i
680 1432 40 22 den
743 1432 77 28 nädiga
841 1432 95 28 proposi-

353 1466 77 21 tionen.
