1025 1700
237 156 35 20 16
436 151 29 25 U.
480 155 27 21 B.
522 165 28 5 —
563 150 74 30 Prop.
651 153 46 22 N:o
712 152 30 23 11.

285 215 33 22 Då
332 216 106 20 utskottet
452 222 26 14 ur
493 216 70 21 denna
577 214 109 28 synpunkt
700 214 78 21 skridit
792 214 33 20 till
836 214 129 28 granskning

218 251 24 21 af
262 250 41 22 den
323 249 80 29 nådiga
417 249 166 27 propositionen,
600 249 41 21 har
655 248 106 22 utskottet
774 248 47 22 icke
836 248 83 22 kunnat
933 248 32 21 bi-

217 285 63 21 träda
301 284 50 21 dess
373 283 81 28 förslag
475 284 33 20 att
528 282 112 22 utsträcka
658 282 149 28 skyldigheten
822 284 33 20 att
868 283 98 27 prestera

217 313 120 33 hällskjuts
348 318 39 21 och
402 316 126 23 underhålla
544 316 124 28 gästgifveri
683 316 13 21 &
711 316 74 22 landet
799 317 33 21 till
841 316 123 28 jordlägen-

216 353 68 25 heter,
300 352 72 22 hvilka
386 352 34 21 för
435 352 133 22 närvarande
583 351 7 21 i
606 350 68 29 grund
689 351 25 21 af
726 350 36 29 lag
776 352 37 20 äro
825 350 96 22 derifrän
929 350 36 22 be-

217 386 75 27 friade,
307 388 56 20 samt
377 386 34 22 till
425 386 127 22 industriela
566 385 149 28 inrättningar,
735 385 108 22 äfvensom
863 384 102 28 skattlag-

218 422 28 21 da
260 422 50 26 torp
325 420 40 22 och
379 420 105 28 utjordar.
514 420 73 28 Enligt
597 419 116 22 utskottets
725 419 65 22 tanke
801 426 49 16 vore
863 419 60 22 detta
933 420 34 20 att

218 454 54 30 begå
294 462 26 15 en
343 462 28 21 ny
393 454 143 28 oegentlighet
558 454 33 22 för
610 455 33 20 att
657 454 47 21 icke
719 455 52 27 säga
786 454 109 22 orättvisa.
926 454 40 21 Väl

218 490 68 21 skulle
301 489 68 27 enligt
382 489 160 27 propositionen
558 488 25 22 de
598 488 8 21 i
620 488 108 22 enskildes
743 495 39 21 ego
797 488 111 28 befintliga
922 488 43 28 pri-

217 523 128 29 vilegierade
367 522 153 28 lägenheterna
541 522 67 21 undfä
627 522 120 28 ersättning
762 522 85 26 härför;
869 522 40 22 och
924 522 43 21 kan

218 558 108 22 utskottet
339 557 8 22 i
362 556 78 23 sädant
459 556 105 27 afseende,
580 563 35 15 om
630 556 40 21 den
685 556 123 29 föreslagna
822 556 145 22 utsträcknin-

219 599 40 21 gen
274 591 69 22 skulle
362 591 23 22 af
398 591 120 21 Ständerna
533 590 130 29 godkännas,
678 591 35 21 väl
727 591 106 28 medgifva
848 593 33 20 att
894 591 8 21 i
917 591 50 21 slikt

218 626 38 21 fall
278 632 90 22 egarene
391 626 24 21 af
434 625 148 28 privilegierad
600 625 49 28 jord
669 625 67 21 borde
757 632 62 15 anses
834 625 133 28 berättigade

218 660 33 21 till
265 659 71 29 nägon
351 660 125 27 ersättning,
491 659 55 22 dock
560 659 78 22 endast
651 658 29 29 pä
695 659 41 21 den
751 659 69 28 grund
835 661 38 25 att,
888 659 29 28 pä
924 660 44 21 sätt

218 695 67 21 redan
304 694 37 21 det
354 693 84 22 utskott
452 693 84 29 yttrade
552 693 38 28 sig,
606 700 46 15 som
667 693 34 22 vid
719 694 113 21 1863—64
847 693 36 22 års
897 693 70 22 landt-

219 729 42 28 dag
279 728 134 22 behandlade
428 728 71 21 denna
513 727 68 28 fråga,
596 727 93 22 berörda
703 727 135 28 lägenheters
853 728 71 26 värde,
937 727 31 22 dä

218 763 27 21 de
259 769 76 21 genom
350 762 43 28 köp
408 762 52 22 eller
475 761 133 23 annorlunda
622 761 84 29 ombytt
717 769 70 21 egare,
795 762 116 22 beräknats
919 763 48 20 med

217 797 82 22 fästadt
313 796 100 22 afseende
429 795 12 22 å
456 796 113 22 befrielsen
584 795 48 22 från
645 796 60 21 detta
719 796 76 22 besvär
807 797 40 22 och
853 798 34 20 att
893 797 28 21 de
928 804 39 15 nu-

219 831 93 22 varande
334 837 102 21 egarenes
459 831 52 21 eller
531 830 177 22 innehafvarenes
730 831 154 28 förmögenhet,
907 838 34 14 om
959 831 7 20 i

218 864 155 29 frägavarande
388 865 121 27 skyldighet
524 866 52 20 utan
591 865 134 27 godtgörelse
741 864 109 22 ähvälfdes
863 865 63 21 dessa
937 865 30 20 lä-

220 899 107 28 genheter,
350 899 84 21 komme
457 900 32 20 att
503 899 95 21 minskas
613 899 47 21 med
676 900 32 20 ett
723 899 88 27 kapital,
826 899 64 21 hvars
905 900 62 20 ränta

218 933 135 22 motsvarade
369 933 41 21 den
425 931 69 29 ärliga
508 933 119 22 kostnaden
641 933 35 21 för
691 933 110 22 besvärets
815 933 126 28 utgörande.

286 967 50 22 Men
358 966 28 28 pä
408 974 39 14 ena
468 967 61 22 sidan
547 968 63 27 utgör
624 967 37 21 det
676 967 83 28 belopp,
775 974 45 15 som
835 967 47 21 dem
898 967 69 22 skulle

219 1001 146 26 tillerkännas,
380 1001 7 20 i
402 1001 146 28 verkligheten
562 1001 127 28 ersättning,
704 1001 54 26 icke,
771 1001 70 22 säsom
853 1001 114 22 beräknin-

218 1042 41 21 gen
274 1034 95 29 antyder,
378 1035 33 22 för
426 1035 42 21 alla
482 1034 55 23 tider
551 1037 53 20 utan
619 1035 56 22 blott
689 1035 34 22 för
738 1036 41 21 den
794 1037 73 26 tunga,
880 1042 44 15 som
933 1035 34 21 för

219 1069 134 22 närvarande
367 1069 84 21 komme
466 1071 32 19 att
512 1069 83 22 drabba
609 1069 55 26 dem,
680 1069 83 22 således
776 1070 19 27 ej
804 1070 34 21 för
851 1070 39 21 den
903 1069 64 22 ökade

218 1103 74 26 börda,
307 1109 47 16 som
369 1103 26 22 de
410 1103 65 22 innan
490 1103 49 22 kort
552 1103 56 28 finge
619 1103 128 27 vidkännas;
759 1104 112 21 hvarutom
883 1105 84 20 anmär-

219 1137 38 22 kas
271 1136 43 27 mä,
330 1139 32 19 att
376 1138 8 20 i
398 1138 71 21 denna
482 1138 118 27 beräkning
616 1136 62 30 ingär
693 1138 134 28 godtgörelse
843 1138 76 21 endast
933 1137 34 22 för

218 1171 235 28 skjutsningsbesväret
468 1178 48 15 men
531 1172 19 27 ej
566 1171 35 22 för
616 1172 148 28 skyldigheten
779 1173 32 20 att
823 1172 93 28 uppföra
928 1172 39 22 och

219 1204 126 23 underhålla
367 1205 123 28 gästgifveri
512 1206 128 28 byggnader,
663 1206 34 21 för
718 1206 85 22 hvilken
822 1206 71 27 orsak,
908 1208 59 20 utom

220 1239 74 25 andra,
315 1239 105 27 förslaget
442 1240 108 20 sannolikt
572 1240 84 20 komme
678 1242 32 18 att
730 1240 91 27 afböjas,
837 1240 40 21 och
891 1239 76 28 frågan

220 1280 34 14 om
268 1272 95 28 lindring
377 1272 7 20 i
401 1272 98 22 besväret
513 1272 61 22 äfven
590 1272 35 22 vid
636 1272 71 22 denna
719 1272 103 29 landtdag
829 1275 33 19 att
868 1273 99 27 förfalla
962 1268 10 37 ;

219 1306 40 22 och
274 1305 13 23 å
302 1306 68 22 andra
385 1306 61 22 sidan
461 1313 49 15 vore
525 1306 42 26 det,
583 1314 33 14 om
632 1314 50 14 man
697 1307 109 29 verkligen
821 1308 48 21 ville
878 1308 89 28 jordens

219 1340 111 22 befriande
352 1340 48 22 från
422 1341 155 29 skjutsningen,
595 1341 89 23 alldeles
698 1342 48 22 icke
760 1342 8 22 i
783 1342 33 22 sin
831 1342 90 29 ordning
936 1345 32 19 att

218 1375 71 22 lemna
303 1375 26 22 de
344 1375 161 29 privilegierade
520 1376 163 28 lägenheternas
699 1384 62 21 egare
781 1377 48 21 hela
847 1377 43 22 den
905 1377 62 23 aflös-

218 1410 152 28 ningssumma,
389 1417 46 15 som
454 1410 71 22 kunde
544 1418 62 14 anses
629 1410 53 22 böra
697 1410 160 30 ifrågakomma,
873 1412 90 22 emedan

217 1451 41 19 om,
266 1443 70 23 såsom
347 1444 37 22 det
395 1446 25 20 är
431 1446 33 20 att
475 1445 88 27 förutse,
571 1446 70 21 denna
648 1447 67 27 tunga
723 1446 83 22 komme
814 1448 33 20 att
854 1446 106 22 måhända

287 1490 136 18 Sammansatta
437 1490 48 24 Lag-
500 1492 30 17 och
544 1492 183 18 Ekonomiutskottets
739 1493 113 17 betänkande
865 1493 36 18 N:o
916 1492 18 18 4.
