1020 1698
365 162 53 22 N:o
435 161 46 23 16.
771 164 12 19 3

66 228 237 27 stadsmyndigheterna
324 230 92 26 ansågos
435 230 71 21 kunna
521 229 107 21 bestridas
643 229 48 21 från
705 230 107 25 inqvarte-

66 262 140 26 ringskassan
228 264 52 18 utan
302 264 32 19 att
357 262 70 26 någon
445 262 34 21 del
497 262 23 21 af
533 263 85 25 tolagen
633 262 92 22 behöfde
741 262 71 21 dertill

66 296 114 25 användas,
196 296 46 20 blef
256 296 85 25 tolagen
355 296 7 20 i
374 296 69 20 denna
458 296 48 20 stad
521 296 23 21 af
559 296 91 20 Senaten
660 296 109 20 fastställd
779 296 33 20 till

65 330 32 19 tre
113 330 89 25 procent
216 329 23 20 af
253 329 119 21 tullsatsen.
395 330 11 20 I
416 330 81 20 Raumo
509 329 46 21 åter
566 330 54 20 hade
636 330 85 26 tolagen
736 329 22 21 af
766 329 46 21 Ma-

64 363 106 25 gistraten
188 363 110 26 föeslagits
318 364 33 20 till
370 364 36 20 tvä
422 365 55 19 samt
491 363 22 21 af
527 364 26 20 de
568 363 62 21 flesta
645 364 65 20 bland
726 364 86 20 stadens

65 396 69 21 äldste
156 397 33 20 till
212 398 33 19 tre
262 399 94 24 procent,
376 397 52 21 derä
447 397 91 21 Senaten
553 397 122 21 fastställde
690 398 123 20 densamma

65 432 32 19 att
113 430 51 27 utgå
178 431 49 21 med
243 431 36 20 två
294 431 38 21 och
348 437 25 15 en
388 431 47 21 half
447 433 94 25 procent.
572 432 10 20 I
598 432 153 25 sammanhang
764 431 48 21 här-

64 464 49 21 med
128 464 40 26 mä,
184 464 57 21 hvad
256 464 66 27 angär
337 465 78 20 Lovisa
431 466 54 25 stad,
501 465 119 26 anmärkas,
636 467 33 19 att
685 466 68 20 denna
764 465 48 21 stad

65 504 76 20 genom
156 504 26 14 en
198 498 40 21 den
255 500 26 19 14
296 498 92 27 Augusti
406 500 53 20 1745
475 499 112 21 meddelad
602 499 77 27 Kongl.
694 499 118 21 resolution

64 532 71 21 blifvit
156 532 84 21 befriad
262 533 47 20 från
328 534 76 26 bidrag
423 534 33 20 till
473 534 152 26 ingvartering,
641 534 86 20 hvilken
743 533 69 21 skulle

63 566 101 21 bekostas
180 566 23 21 af
216 566 94 26 Kronan,
326 567 111 21 hvaremot
452 568 75 20 staden
542 567 33 21 för
586 567 65 26 sagde
662 567 94 21 lättnads
767 567 43 20 till-

63 600 160 27 godonjutande
241 600 22 21 ät
282 600 88 22 Kronan
388 601 76 21 afstätt
478 601 103 27 rättighet
596 601 33 21 till
644 601 167 27 ingvarterings-

64 635 86 26 tolagen
165 635 118 26 derstädes,
300 642 45 14 som
360 636 114 26 uppburits
490 636 47 20 med
553 642 26 14 en
594 636 114 26 fjerdedels
723 637 89 25 procent

64 669 23 20 af
101 669 134 21 varuvärdet.
265 670 43 20 För
322 670 133 21 närvarande
471 672 24 19 är
510 670 40 21 den
565 670 78 20 Lovisa
659 670 48 20 stad
718 670 93 20 tillkom-

63 703 77 21 mande
159 704 59 25 tolag
237 703 22 21 af
277 704 91 20 Senaten
386 704 109 21 fastställd
509 704 33 21 till
557 704 37 20 tvä
609 704 39 20 och
663 710 26 15 en
704 704 46 20 half
762 710 49 20 pro-

64 738 53 25 cent,
138 739 55 19 samt
210 738 251 27 ingvarteringstolagen,
478 744 45 15 som
538 738 74 20 tillbör
626 738 95 26 Kronan,
736 738 33 20 till
785 744 26 14 en

63 770 46 22 half
129 772 90 25 procent
237 771 23 21 af
278 772 119 26 tullsatsen,
416 772 145 26 hvarigenom,
577 772 66 26 enligt
657 772 63 26 gjord
735 772 75 20 beräk-

63 805 56 26 ning,
144 806 86 20 stadens
254 806 62 20 andel
339 806 83 21 komme
438 808 33 19 att
485 806 72 26 uppgä
572 806 33 20 till
620 806 67 26 nägot
701 812 65 19 mera,
784 808 25 19 än

63 839 41 21 den
119 839 58 21 förut
192 840 110 26 uppburit,
320 846 49 15 men
383 840 99 21 Kronans
498 840 62 21 andel
576 840 96 21 deremot
687 841 32 20 att
734 840 76 21 under-

63 874 56 26 stiga
135 874 35 20 det
185 874 78 26 belopp
275 874 88 21 Kronan
373 875 137 20 derförinnan
520 874 96 21 tillfallit.
640 875 43 20 Det
693 874 34 21 för
736 874 74 26 hvarje

62 907 49 21 stad
126 907 90 21 sälunda
230 907 124 21 fastställda
368 908 143 26 procenttalet
526 907 95 27 angifves
636 908 34 21 för
686 908 65 27 öfrigt
761 909 48 19 när-

61 948 58 15 mare
134 942 7 20 i
156 941 159 21 nedanstäende
331 942 98 21 deröfver
443 942 129 27 upprättade
586 942 144 27 förteckning:

230 1009 134 26 Björneborg

230 1044 72 26 Borgå

230 1078 120 21 Brahestad
371 1095 3 3 .

230 1111 85 20 Ekenäs
335 1128 4 4 .

229 1145 167 21 Fredrikshamn
405 1163 5 3 .

230 1179 164 27 Gamlakarleby
405 1196 4 4 .

229 1213 135 26 Helsingfors

228 1247 120 20 Jakobstad
371 1264 4 3 .

228 1281 95 20 Joensuu
334 1297 4 4 .

228 1314 73 21 Kaskö

228 1347 74 21 Kemi.

227 1381 146 20 Kristinestad

227 1415 84 26 Kuopio
332 1432 4 4 .

227 1449 78 21 Lovisa

228 1484 131 23 Mariehamn

543 1011 95 26 procent.

583 1061 11 9 ”

583 1095 11 9 ”

541 1249 18 24 s
539 1184 20 23 s

509 1488 9 18 —
509 1455 11 16 0
508 1422 12 14 0
498 1383 33 20 CW
498 1353 33 19 IN
498 1317 33 20 KD
498 1283 33 21 19
498 1250 33 21 19
498 1215 33 20 Cp
498 1186 33 15 Uv
498 1147 33 20 €9
511 1116 12 17 1
512 1083 11 15 W
511 1048 12 17 1
511 1011 12 15 W

539 1318 19 23 =
