1036 1703
296 140 31 20 U.
343 140 32 20 B.
392 151 27 2 —
433 140 86 24 Prop.
535 139 50 22 N:o
600 139 27 22 3.
776 137 25 20 29

155 206 120 29 bringande
297 207 136 21 uteslutande
450 208 58 20 varit
526 207 115 21 bestämda.
673 206 76 21 Dömes
769 205 63 28 efter-

155 241 98 26 bildning
268 240 30 27 af
309 241 111 20 konstverk
430 240 124 28 förbruten,
569 247 51 14 vare
635 241 36 27 lag
687 247 87 14 samma.
799 235 34 25 Är

155 274 53 21 blott
225 275 71 27 någon
315 275 35 20 del
364 275 31 26 af
406 275 128 27 tryckalster
549 275 53 20 eller
617 274 77 27 bildlig
704 274 128 27 framställ-

155 309 51 26 ning
218 307 129 28 förgriplig,
364 308 36 21 och
416 308 43 21 kan
476 308 39 21 den
531 309 34 20 del
574 308 58 27 från
647 309 34 20 det
696 308 72 27 öfriga
779 310 53 19 utan

154 342 108 27 svårighet
282 342 107 28 afskiljas,
409 349 50 14 vare
478 342 76 21 endast
569 342 40 20 den
619 342 139 28 förgripliga
772 342 61 21 delen

150 372 128 36 förverkad.
671 377 2 2 |

222 410 16 21 I
250 410 71 28 beslag
338 413 57 25 taget
409 411 59 27 gods,
484 418 43 14 som
543 411 70 21 dömes
622 410 137 28 förverkadt,
770 410 63 28 hafve

154 445 138 27 målsegande
314 447 44 19 rätt
378 448 33 18 att
429 445 55 27 efter
499 446 34 20 det
549 445 224 27 tillverkningsvärde,
788 451 45 15 som

153 479 135 27 sakkunnige
311 479 51 21 derå
383 481 64 24 sätta,
466 479 129 27 emottaga
583 474 14 36 i
609 479 74 21 stället
697 478 41 28 för
757 479 76 21 honom

155 513 160 21 tillkommande
336 513 138 27 skadestånd,
495 514 52 20 eller
562 514 46 20 lösa
623 513 33 27 sig
672 513 34 21 till
721 514 47 20 med
781 520 53 20 pen-

155 548 85 26 ningar,
256 546 73 22 hvilka
344 547 92 27 tillfalla
452 547 89 21 kronan.
574 547 45 21 Gör
633 548 153 26 målseganden
800 548 34 20 det

155 582 24 26 ej,
196 581 56 21 skall
268 581 73 27 godset
351 580 118 26 förstöras.

463 628 15 26 $
492 628 35 20 23.

222 666 55 21 Lika
292 666 47 21 med
354 666 164 29 propositionens
534 667 13 26 $
563 667 33 20 25.

462 713 16 26 $
492 713 35 20 24.

221 747 33 25 Är
270 753 71 26 någon
358 751 95 27 delaktig
468 753 8 19 i
486 751 137 27 förbrytelse,
639 751 87 22 hvarom
742 753 8 19 i
763 753 70 21 denna

149 785 135 28 förordning
306 786 96 27 stadgas,
421 786 66 20 varde
505 786 82 20 ansedd
602 786 66 27 enligt
683 787 25 20 de
723 787 111 27 angående

154 820 132 27 delaktighet
301 821 7 19 i
324 819 55 21 brott
394 820 9 19 i
418 819 117 21 allmänhet
549 820 104 27 gällande
663 820 149 28 föreskrifter.

462 865 14 27 $
491 866 36 21 25.

221 905 57 21 Lika
292 905 48 21 med
356 905 12 26 $
384 905 26 21 27
426 905 8 21 i
449 905 160 28 propositionen.

463 951 15 26 $
492 951 35 21 26.

221 990 57 22 Lika
293 991 47 20 med
356 991 12 26 $
384 991 27 21 28
426 990 8 21 i
449 990 160 30 propositionen.

462 1031 15 26 $
491 1032 35 20 27.

221 1064 75 27 Hafva
313 1065 34 19 två
362 1064 27 20 år
397 1064 103 27 förflutit
514 1064 67 21 sedan
592 1064 139 28 förbrytelse,
746 1064 87 21 hvarom

155 1100 6 19 i
176 1099 72 20 denna
266 1098 136 28 förordning
424 1098 95 28 stadgas,
542 1098 49 28 blef
604 1098 112 28 begängen,
736 1099 35 21 mä
786 1099 47 21 åtal

154 1133 76 27 derför
245 1133 20 27 ej
280 1132 112 26 anställas,
408 1139 46 14 men
471 1133 60 20 talan
547 1139 32 14 om
595 1132 131 22 skadestånd
736 1140 49 14 vare
796 1134 37 26 öp-

151 1174 43 20 pen
210 1168 40 20 den
266 1167 38 25 tid,
320 1174 43 14 som
374 1167 42 26 för
430 1166 70 21 sådan
516 1167 62 21 talan
593 1167 8 19 i
611 1167 101 20 brottmål
722 1167 8 20 i
741 1167 93 21 allmän-

153 1201 34 21 het
209 1201 77 27 gäller.
320 1200 43 21 Vill
382 1201 137 27 målsegande
534 1200 50 27 utfå
599 1200 131 22 skadestånd
744 1208 28 14 ur
782 1201 50 26 för-

154 1235 69 21 brutet
238 1235 60 27 gods,
313 1235 53 20 eller
382 1235 45 21 lösa
443 1235 79 21 sådant
537 1235 53 27 gods
602 1237 28 22 ut,
641 1234 36 21 och
690 1235 41 20 har
742 1236 91 26 ansprå-

153 1269 33 21 ket
206 1269 73 20 derom
298 1269 19 27 ej
332 1268 70 22 väckts
417 1269 69 20 under
501 1269 40 20 den
557 1270 120 26 rättegång,
692 1275 44 15 som
752 1268 80 27 utförts

153 1304 9 19 i
176 1303 127 25 brottmålet,
319 1303 85 20 anmäle
418 1303 34 27 sig
467 1302 74 22 dertill
555 1305 73 18 senast
642 1302 57 21 inom
711 1303 35 19 två
756 1303 76 21 måna-

153 1337 38 19 der
207 1336 54 26 efter
276 1337 35 19 det
326 1336 92 27 utslaget
433 1337 8 18 i
456 1343 81 13 samma
552 1336 45 20 mål
612 1336 50 27 laga
677 1336 62 26 kraft
749 1338 83 19 vunnit.

153 1365 33 25 Är
201 1370 8 19 i
224 1369 59 21 detta
300 1368 47 28 fall
370 1369 63 20 talan
454 1376 32 13 om
506 1369 131 20 skadestånd
655 1369 67 20 redan
734 1369 99 26 pröfvad

153 1403 31 27 af
198 1403 123 26 domstolen,
342 1403 57 20 skall
418 1403 115 28 anspråket
549 1403 13 20 å
578 1403 35 20 det
624 1402 120 27 förbrutna
759 1403 74 28 godset

153 1438 99 21 anmälas
268 1437 36 22 hos
321 1437 117 28 Kejsarens
454 1437 246 28 befallningshafvande,
716 1444 47 15 men
774 1438 58 28 eljest

153 1472 37 21 hos
204 1475 79 18 rätten.

155 1513 138 23 Lagutskottets
304 1512 111 19 betänkande
426 1517 31 13 n:o
469 1513 15 17 8.
