1034 1703
196 147 14 21 4
384 146 62 21 Ständ.
463 147 31 20 Sv.
510 158 25 3 —
551 145 54 28 Prop.
620 145 32 20 N:o
669 144 31 21 41.

166 209 66 22 derna
253 209 29 27 på
304 208 153 22 ofvannämnda
482 207 46 22 skäl
549 207 47 22 icke
615 207 81 21 kunnat
720 206 113 27 godkänna
852 212 26 15 en
900 205 23 22 af

168 242 263 27 hufvudbestämningarne
450 242 7 21 i
477 242 40 21 den
539 241 77 27 nådiga
637 240 163 28 propositionen,
823 240 41 21 den
886 245 35 16 om

168 276 238 28 skjutsningsbesvärets
421 275 151 22 utsträckande
587 275 32 21 till
634 274 145 28 privilegierad
791 274 50 27 jord
851 280 26 15 m.
886 280 35 20 m.,

166 311 63 22 hafva
244 311 118 22 Ständerna
379 310 47 21 icke
445 310 73 21 tvekat
536 311 32 20 att
587 309 96 27 begagna
702 308 32 28 sig
749 308 22 22 af
784 307 91 23 tillfället
889 309 33 20 att

167 345 113 22 medverka
295 344 33 22 till
342 344 127 22 åtminstone
485 344 26 22 de
525 343 247 28 lagstiftningsåtgärder,
787 348 46 16 som
843 342 33 22 för
885 342 37 22 det

167 379 132 22 närvarande
313 379 71 21 kunna
400 378 94 22 befinnas
509 377 178 28 ändamålsenliga
697 377 40 22 och
747 377 81 27 egnade
837 378 33 20 att
879 376 42 22 för-

166 414 80 22 bereda
268 420 26 15 en
316 413 78 22 reform
413 413 7 21 i
440 413 80 27 antydd
537 412 99 27 riktning.
667 412 145 27 Skjutslegans
831 411 92 27 höjande

166 448 97 27 betingas
284 448 67 22 redan
373 447 22 22 af
414 448 40 21 den
472 447 190 27 omständigheten,
682 448 32 20 att
733 446 43 22 alla
794 446 67 27 öfriga
878 446 44 27 pris

166 482 69 28 stigit;
256 488 48 16 men
322 484 39 23 att,
378 482 28 27 på
422 484 42 20 sätt
482 482 4 21 i
501 482 40 21 den
557 481 78 27 nådiga
654 480 159 28 propositionen
827 480 94 27 föreslås,

166 516 105 23 fastställa
290 516 122 22 densamma
430 516 72 27 högre,
519 516 37 22 der
570 515 226 30 skjutsningsbesväret
811 514 112 22 öfverlåtes

166 552 29 27 på
214 551 146 27 entreprenad,
382 553 28 19 än
432 551 38 22 der
491 551 66 22 sådan
579 551 17 26 ej
616 550 95 21 kommer
729 549 33 22 till
776 549 69 26 stånd,
860 548 63 22 hafva

168 585 119 22 Ständerna
305 585 65 22 likväl
388 585 47 22 icke
454 585 69 22 funnit
537 584 101 27 lämpligt.
669 584 42 21 Det
725 586 25 19 är
764 583 34 22 väl
813 583 109 27 antagligt,

168 621 32 20 att
222 625 26 16 en
267 619 66 22 sådan
352 618 134 28 bestämning
504 619 128 22 åtminstone
646 619 28 26 på
689 625 27 14 en
731 617 34 22 del
780 619 58 20 orter
852 617 71 22 kunde

167 653 112 22 framkalla
293 659 27 16 en
334 653 133 27 benägenhet
485 653 33 22 för
533 653 246 27 entreprenadsystemet,
795 651 85 22 hvilken
895 651 28 22 el-

165 687 43 27 jest
222 687 18 27 ej
256 686 125 22 förefunnes.
412 687 49 21 Men
486 687 35 21 det
542 687 43 21 kan
603 687 47 21 icke
669 686 72 27 nekas,
762 687 32 20 att
809 686 69 21 denna
892 686 32 20 åt-

168 721 53 27 gärd
241 720 102 23 innebure
363 721 17 27 ej
402 721 82 21 mindre
500 727 25 15 en
541 720 101 22 orättvisa
656 722 45 20 mot
716 720 42 22 alla
773 720 53 27 dem,
842 726 46 16 som
903 719 23 22 af

169 762 26 15 en
217 755 51 22 eller
290 762 70 15 annan
382 755 113 27 anledning
516 755 72 27 sjelfve
608 755 92 21 önskade
715 756 76 26 utgöra
805 754 118 28 hållskjuts,

168 792 28 19 än
211 791 31 20 ett
262 790 140 21 omotiveradt
423 789 173 28 förmynderskap
619 789 58 21 öfver
694 790 79 21 sådana
788 789 137 27 skjutsnings-

169 824 95 27 skyldige
275 824 118 26 jordegare.
417 824 50 21 Med
481 824 112 27 naturliga,
608 823 47 22 icke
669 824 49 20 med
727 823 112 21 konstlade
849 823 74 26 medel,

168 858 56 21 skall
245 858 65 26 enligt
332 858 129 21 Ständernas
481 858 55 26 åsigt
556 858 247 27 entreprenadsystemet,
818 864 46 14 som
878 857 8 21 i
901 858 24 20 så

169 893 77 25 många
260 891 112 22 afseenden
385 894 24 18 är
424 894 32 19 att
470 892 112 27 föredraga
596 891 86 21 framför
697 892 39 21 den
752 891 82 27 vanliga
848 892 77 26 skjuts-

169 926 128 27 hållningen,
312 925 110 23 befordras
441 926 39 21 och
495 926 86 27 bringas
595 926 32 21 till
642 925 129 22 allmännare
786 926 137 27 tillämpning.

169 960 43 22 Det
233 960 84 22 kräfver
338 960 37 26 tid,
395 960 65 22 innan
479 960 128 27 sekelgamla
625 966 66 15 vanor
705 960 87 26 ändras;
809 966 48 15 men
871 960 54 21 små-

170 994 85 27 ningom
270 994 60 21 skola
346 994 54 21 dock
414 994 253 28 entreprenadsystemets
681 994 121 21 företräden
816 994 8 21 i
839 994 39 22 och
892 994 33 21 för

170 1028 32 27 sig
216 1027 65 22 blifva
295 1027 129 22 allmännare
439 1028 88 21 insedda
542 1028 39 21 och
595 1028 24 21 så
634 1028 84 27 mycket
730 1028 96 21 starkare
835 1027 91 22 rotfästa

170 1061 38 28 sig,
224 1068 46 15 som
284 1061 36 22 det
335 1061 57 22 skett
406 1063 28 26 på
449 1062 41 21 den
504 1061 40 22 fria
558 1062 170 21 konkurrensens
748 1062 39 21 och
802 1061 124 28 öfvertygel-

170 1102 48 16 sens
240 1098 45 25 väg.
316 1096 81 21 Genom
417 1097 33 20 att
467 1096 118 21 bestämma
604 1096 57 21 olika
680 1096 115 27 skjutslega
809 1097 70 21 såsom
894 1103 32 14 er-

171 1130 93 27 sättning
278 1129 32 22 för
324 1136 81 15 samma
420 1130 117 27 prestation
552 1131 67 20 under
633 1130 43 21 lika
690 1130 151 26 förhållanden,
858 1130 68 21 skulle

171 1170 49 16 man
238 1164 90 22 beträda
348 1169 26 17 en
393 1164 70 27 vådlig
477 1166 41 26 väg
532 1165 27 27 på
575 1165 36 21 det
626 1164 137 22 ekonomiska
776 1164 150 27 lagstiftnings-

172 1198 96 22 området
288 1198 40 22 och
346 1198 106 22 sannolikt
471 1199 162 26 mångenstädes
647 1198 38 22 hos
701 1198 26 22 de
741 1198 186 28 skjutsningsskyl-

172 1233 47 27 dige
239 1232 110 22 framkalla
367 1232 87 22 känslor
473 1232 23 22 af
508 1233 63 26 ovilja
586 1234 57 20 emot
658 1233 35 21 det
708 1233 97 26 gynnade
819 1234 106 25 systemet.

171 1262 68 25 Äfven
261 1266 26 20 de
307 1266 89 21 resande
418 1266 67 21 skulle
507 1272 76 20 genom
603 1272 26 15 en
648 1266 123 26 anordning,
790 1266 137 26 hvarigenom

172 1300 130 27 skjutslegan
322 1300 13 20 å
354 1299 72 21 landet
448 1300 85 26 gjordes
555 1300 105 21 beroende
679 1300 22 21 af
714 1299 87 23 alldeles
822 1299 105 28 tillfälliga

172 1334 40 21 och
234 1334 101 22 vexlande
356 1333 152 27 förhållanden,
529 1334 114 22 vidkännas
663 1334 142 27 olägenheter,
820 1340 45 16 som
880 1341 47 21 syn-

172 1367 101 28 nerligast
287 1368 7 21 i
309 1367 42 22 alla
369 1367 71 27 frågor
461 1374 34 15 om
518 1368 188 27 reseersättningar
727 1368 84 22 komme
829 1370 32 20 att
875 1370 52 25 göra

172 1402 32 27 sig
225 1402 119 22 märkbara.
362 1415 23 2 —
403 1402 119 22 Ständerna
543 1402 62 22 hafva
624 1403 27 26 pä
671 1403 60 21 dessa
745 1402 52 27 skäl,
813 1409 29 15 nu
857 1403 70 22 säsom

172 1437 36 22 vid
224 1438 54 21 1867
293 1438 35 21 ärs
343 1437 107 26 landtdag,
468 1439 71 20 ansett
553 1437 129 27 skjutslegan
696 1438 28 27 pä
738 1437 73 22 landet
825 1437 53 22 böra
891 1437 36 22 be-

174 1473 100 20 stämmas
288 1473 52 20 utan
352 1471 98 22 afseende
465 1472 13 21 &
493 1472 36 21 det
543 1471 137 28 förhållande,
696 1479 34 14 om
745 1472 140 27 entreprenad
894 1471 33 23 för
