1048 1711
412 141 54 22 N:o
483 140 32 23 6.
785 143 23 20 11

295 212 36 22 att,
346 209 9 20 i
369 209 94 21 händelse
478 207 66 24 sådan
558 209 56 20 inom
629 208 127 22 kronomark
770 209 68 26 befint-

227 242 29 28 lig
281 243 78 21 mindre
382 243 92 28 lägenhet
494 243 43 21 icke
560 243 41 20 kan
623 243 33 21 till
676 243 92 28 nybygge
790 243 49 22 eller

227 276 110 28 kronotorp
361 277 89 20 inrättas
466 277 36 21 och
516 277 149 27 innekafvaren
680 277 27 27 af
722 278 116 27 lägenheten

226 310 129 29 fördenskull
375 310 52 29 frän
449 312 117 20 densamma
585 312 91 28 afhyses,
692 312 78 20 kronan
785 311 54 21 skall

226 346 76 20 ersätta
321 346 72 20 honom
412 345 35 29 för
462 346 89 28 odlings-
567 346 37 20 och
619 346 219 28 dyggnadskostnader,

226 380 37 20 och
277 380 167 28 uppkommande
460 381 69 21 tvister
545 380 72 21 härom
633 384 53 17 samt
697 380 103 21 huruvida
812 384 27 17 ett

225 414 91 28 nybygbe
334 414 48 24 eller
398 418 45 25 torp
460 414 40 22 kan
514 416 74 27 utgöra
603 413 153 29 sjelfbestående
770 414 67 29 lägen-

226 449 32 21 het
279 449 51 21 böra
351 453 104 24 upptagas
477 450 36 20 och
535 449 112 21 behandlas
666 450 9 20 i
689 450 39 20 den
750 449 88 28 ordning

223 482 176 30 författningarne
412 482 104 29 pädjuda;

293 522 31 16 att
345 518 43 20 alla
410 518 46 21 med
470 517 286 29 kronoöfverloppsjordarnes
769 518 69 27 provi-

226 552 76 21 sionela
325 552 111 27 afrösande
458 553 55 20 inom
527 550 165 31 ifrågavarande
706 556 31 17 tre
752 552 86 21 socknar

223 586 99 27 förenade
337 586 110 21 kostnader
462 587 99 20 bestridas
577 587 27 28 af
617 586 90 25 kronan;

294 625 31 16 att
341 625 72 24 genast
428 620 50 28 efter
493 621 32 21 det
539 621 40 25 slik
593 621 124 28 provisionel
731 620 107 29 afrösning

223 654 112 29 försiggått
357 655 262 28 lägenhetsinnehafvarene
634 656 9 20 i
658 655 70 28 hvarje
751 655 87 28 samfäl-

226 689 61 28 lighet
299 687 80 23 erhålla
391 689 32 21 till
433 691 38 20 den
482 690 164 27 samfälligheten
659 689 99 28 tillfallna
769 689 68 28 skogs-

226 723 61 21 mark
305 723 68 22 sådan
388 724 114 27 nyttjorätt,
521 731 44 14 som
583 723 33 28 lag
636 724 36 20 och
688 723 150 28 författningar

225 758 128 21 tillerkänna
368 759 94 27 delägare
476 759 9 20 i
500 758 64 28 oskift
579 758 70 25 mark;

294 796 32 17 att
340 792 106 29 Styrelsen
461 794 48 27 äger
524 793 111 27 bestämma
651 793 53 20 tiden
720 791 28 22 dä
760 793 78 20 ordent-

226 827 37 28 ligt
285 827 103 27 storskifte
410 827 38 21 och
470 827 89 26 definitiv
578 827 157 28 skattläggning,
750 827 8 20 i
773 827 65 28 öfver-

226 861 147 21 ensstämmelse
387 862 46 20 med
446 861 95 28 gällande
551 860 287 28 landtmäteriförfattningar,

227 895 80 21 komma
326 899 30 17 att
370 896 9 20 i
393 895 84 21 berörde
496 895 87 21 socknar
602 895 105 28 företagas
725 895 36 21 och
779 894 59 22 verk-

227 930 78 26 ställas,
328 934 53 16 samt
404 934 31 16 att
457 929 80 21 kronan
552 929 19 28 e&
584 930 79 20 mindre
684 922 103 28 ansvarar
803 930 35 26 för

227 964 109 21 kostnaden
359 964 35 21 vid
416 964 64 28 sagda
502 964 103 27 storskifte
628 964 36 21 och
687 964 151 28 skattläggning

225 999 46 20 med
290 998 106 28 undantag
416 998 27 28 af
462 999 111 28 ersättning
593 998 32 21 till
639 998 25 22 de
679 998 71 21 dervid
764 998 74 28 nödiga

224 1034 51 27 gode
296 1034 48 20 män
367 1034 36 20 och
419 1033 268 29 handräckningsbiträden,
703 1032 69 22 hvilka
788 1033 50 21 böra

225 1068 26 27 af
263 1068 262 27 lägenhetsinnehafvarene
544 1067 145 28 kostnadsfritt
706 1068 35 28 för
760 1067 78 21 kronan

224 1106 109 23 presteras,
356 1103 27 19 än
406 1101 60 28 äfven
484 1103 91 27 erlägger
593 1102 43 20 alla
652 1103 138 27 ersättningar
802 1101 36 28 för

224 1136 83 21 skeende
331 1136 351 28 ägodelmingsrättssammanträden
708 1137 9 19 i
740 1136 43 28 fall
807 1140 31 16 att

225 1169 129 29 klagomälen
368 1170 43 21 icke
426 1178 59 13 anses
500 1170 119 28 obefogade;
634 1170 37 21 och
686 1170 106 28 slutligen:

293 1208 32 17 att
341 1205 145 27 grundräntan
504 1206 10 19 i
531 1204 120 22 Kemiträsk
666 1204 71 22 socken
752 1205 35 21 vid
800 1206 38 20 den

225 1239 106 28 blifvande
353 1239 83 28 slutliga
460 1239 177 28 skattläggningen
651 1240 28 28 af
692 1240 60 27 sagde
767 1239 71 21 socken

225 1273 54 21 skall
300 1273 101 21 beräknas
424 1274 33 20 till
477 1274 33 20 nio
526 1273 59 22 rubel
599 1274 73 27 silfver
684 1272 31 29 pä
730 1274 107 24 mantalet;

225 1308 104 21 hvaremot
343 1308 38 20 den
397 1308 111 28 lappskatt,
524 1315 42 14 som
581 1308 97 21 hitintills
693 1308 87 28 utgjorts
786 1306 52 29 från

225 1342 142 27 lägenheterna
387 1342 8 19 i
410 1342 106 20 Kuusamo
539 1342 37 20 och
598 1342 126 26 Kuolajärvi
745 1342 92 26 socknar,

224 1375 35 21 vid
274 1374 176 28 skattläggningen
466 1376 109 25 derstädes,
586 1374 135 29 fortfarande
732 1374 54 21 skall
794 1376 43 20 dem

225 1408 33 21 till
272 1416 79 13 samma
365 1408 73 28 belopp
454 1407 85 22 äsättas.

292 1443 33 22 De
353 1442 137 29 förpligtelser
516 1443 113 27 Kuusamo,
656 1443 120 22 Kemiträsk
800 1444 37 21 och
