1048 1706
237 152 14 20 2
435 150 29 22 U.
479 150 28 22 B.
521 160 29 4 —
564 150 73 26 Prop.
652 149 46 21 N:o
712 150 22 20 6.

208 225 84 14 samma
306 217 137 22 förhållande
458 218 33 20 för
506 218 75 26 hvarje
597 216 85 21 mindre
696 216 103 28 lägenhet
814 222 35 15 om
866 215 60 26 '/,3ä
935 214 25 27 "I;

208 253 82 21 mantal
305 253 7 20 i
327 252 96 21 nämnde
439 252 103 26 socknar;

310 301 213 28 Borgareståndet

276 344 33 21 för
325 344 72 20 denna
412 344 69 26 punkt
496 344 81 26 antagit
592 342 96 27 följande
702 342 133 22 förändrade
850 341 96 27 lydelse:

345 385 44 25 yätt
411 383 137 27 provisionell
570 382 110 27 afrösning
703 383 33 20 för
758 382 95 21 kronans
868 382 95 27 räkning

276 417 55 21 skall
347 417 40 21 ske
401 418 24 19 af
438 417 28 20 all
482 417 42 21 den
541 417 62 20 mark
618 416 59 21 inom
692 416 94 21 berörda
801 416 99 26 socknar,
915 422 48 14 som

275 452 45 20 kan
343 451 134 26 öfverblifva,
498 450 67 22 sedan
585 450 287 28 samfällighetsdelegarene
888 451 75 20 främst

277 486 19 27 ej
321 485 84 21 mindre
424 486 33 20 för
477 485 64 21 deras
556 485 114 21 hemmans
685 484 128 21 nuvarande
828 485 88 27 mantal,
934 486 28 19 än

276 520 33 21 för
327 520 29 20 de
371 520 118 26 nybyggen
506 520 40 20 och
562 521 54 24 torp,
634 519 72 21 hvilka
722 519 54 21 efter
790 519 102 27 pröfning
905 519 58 20 kun-

276 560 29 14 na
319 553 60 21 bilda
393 552 170 28 sjelfbestående
578 553 134 27 lägenheter,
730 552 38 21 fått
781 553 33 26 sig
825 552 140 28 provisionelt

275 588 97 21 tilldelad
395 588 95 21 blandad
505 588 97 20 skattbar
621 588 40 20 och
680 587 83 21 skattfri
778 587 64 21 mark
857 588 54 20 efter
925 587 37 21 be-

276 622 95 27 räkning
386 623 30 20 uti
431 622 112 20 Kuusamo
559 622 39 20 och
614 622 126 26 Kuolajärvi
752 621 93 21 socknar
854 622 24 20 af
882 621 82 27 12,000

275 656 108 21 tunnland
403 656 40 22 och
458 656 30 20 uti
503 656 125 20 Kemiträsk
642 656 81 20 socken
740 656 23 20 af
776 656 65 25 8,000
856 655 107 21 tunnland

275 689 30 29 på
327 691 75 26 hvarje
420 690 140 27 provisionelt
575 690 82 21 mantal
672 691 55 19 samt
741 690 7 20 i
763 689 136 22 förhållande
914 690 47 21 der-

276 725 54 21 efter
345 724 14 21 å
373 724 119 27 nybildade
507 724 85 21 mindre
607 722 154 29 lägenheter";
778 726 56 19 samt

310 768 186 24 Bondeståndet

274 811 8 21 i
298 812 73 20 denna
385 811 69 27 punkt
469 812 57 26 gjort
540 810 68 22 sådan
624 810 100 28 ändring,
742 813 30 19 att
786 810 176 28 lägenheterna
952 806 15 37 i

206 845 113 22 Kuusamo
342 846 41 20 och
401 844 126 28 Kuolajärvi
545 845 93 21 socknar
653 844 70 22 skulle
738 844 22 22 få
775 846 33 26 sig
823 845 139 27 provisionelt

206 880 112 21 tilldelade
340 880 63 20 mark
423 880 53 20 efter
494 880 122 27 beräkning
632 880 23 20 af
666 879 82 27 12,000
763 879 107 21 tunnland
884 881 56 19 samt
954 880 8 20 i

206 914 126 22 Kemiträsk
347 915 54 20 efter
417 914 65 27 8,000
497 914 105 22 tunnland
617 912 29 29 på
661 914 76 27 hvarje
752 914 138 28 provisionelt
901 920 60 16 man-

205 948 37 28 tal,
258 949 112 20 äfvensom
385 949 7 19 i
407 947 137 23 förhållande
559 948 93 21 derefter
669 947 13 21 &
697 948 119 27 nybildade
823 948 136 28 lägenheter.

274 988 51 22 Med
348 988 117 28 anledning
488 989 24 20 af
528 988 58 21 hvad
600 987 140 23 förestående
756 988 70 22 beslut
840 988 119 28 innehålla,

207 1029 64 15 anser
292 1023 33 26 sig
348 1022 107 22 Utskottet
474 1023 54 21 böra
547 1022 110 21 vördsamt
671 1022 81 22 föreslå
766 1023 96 27 följande
876 1023 85 27 lydelse

206 1057 33 21 för
253 1057 7 20 i
275 1056 62 27 fråga
352 1056 97 21 varande
464 1057 69 26 punkt

345 1110 30 17 att
395 1107 141 28 provisionell
558 1106 114 29 afrösning
694 1107 38 28 för
751 1106 95 23 kronans
864 1107 95 30 räkning

275 1140 58 22 skall
347 1140 36 21 ske
398 1141 29 27 af
440 1140 30 22 all
485 1141 41 21 den
542 1140 61 22 mark
618 1139 58 23 inom
691 1141 93 22 berörda
798 1141 100 26 socknar,
915 1149 45 14 som

275 1174 44 22 kan
341 1173 136 30 öfverblifva,
499 1175 67 22 sedan
582 1174 284 29 samfällighetsdelegarene
882 1175 79 28 främst

275 1208 20 30 ej
316 1208 84 22 mindre
419 1209 37 28 för
476 1209 63 22 deras
555 1209 110 22 hemmans
681 1209 127 22 nuvarande
823 1209 91 27 mantal,
932 1212 29 19 än

274 1241 36 28 för.
326 1242 25 20 de
367 1243 113 27 nybyggen
497 1243 37 20 och
550 1247 54 23 torp,
622 1243 73 20 hvilka
709 1243 53 27 efter
770 1243 106 28 pröfning
886 1244 75 21 kunna

274 1275 60 21 bilda
357 1274 163 30 sjelfbestående
543 1275 133 28 lägenheter,
700 1275 43 28 fått
764 1276 34 27 sig
816 1277 144 28 provisionelt

274 1308 109 22 tilldelade
400 1308 97 23 blandad
513 1308 97 23 skattbar
625 1309 37 22 och
677 1309 89 28 skattfri
780 1310 62 23 mark
858 1311 54 27 efter
924 1311 36 22 be-

273 1342 96 30 räkning
394 1342 30 30 på
447 1343 72 30 hvarje
539 1343 141 29 provisionelt
703 1344 83 22 mantal
809 1345 27 28 af
856 1345 105 27 12,000

274 1377 107 22 tunnland
405 1378 34 21 uti
461 1377 110 22 Kuusamo
595 1377 38 22 och
656 1377 131 31 Kuolajärvi
808 1379 92 22 socknar
922 1379 39 22 och

274 1411 91 26 8,000
387 1411 32 23 uti
442 1411 122 23 Kemiträsk
584 1412 76 23 socken
676 1417 56 18 samt
747 1413 85 26 1,000
847 1413 13 23 &
878 1414 83 26 1,500

274 1446 108 23 tunnland
404 1447 37 27 för
460 1446 73 30 hvarje
548 1447 29 28 pä
594 1447 138 28 omförmäldt
747 1449 42 21 sätt
804 1447 106 30 nybildad
926 1449 34 22 lä-

274 1481 77 29 genhet
365 1488 33 15 om
415 1481 36 27 1/13
469 1480 14 23 &
499 1481 24 28 '|,
540 1481 83 22 mantal
638 1481 9 22 i
660 1481 26 22 de
694 1481 35 22 två
737 1481 154 28 förstnämnda
899 1483 61 21 sock-

231 1528 72 21 Bihang
320 1527 29 19 till
361 1527 103 18 Sammans.
479 1527 51 25 Lag-
537 1533 17 13 o.
562 1528 187 24 Ekonomiutskottets
762 1528 114 19 betänkande
888 1528 38 19 N:o
940 1529 21 17 5.
