1045 1706
321 102 22 24 U.
360 103 23 23 B.
399 116 27 3 —
442 104 64 28 Prop.
523 104 38 24 N:o
577 105 21 23 9.
788 106 11 20 7

84 162 65 22 måtte
167 164 7 21 i
194 164 36 21 sitt
248 171 49 15 svar
314 164 13 22 å
343 165 40 22 den
398 165 78 30 nådiga
490 167 161 28 propositionen
665 167 8 21 i
688 166 141 30 underdänig-

83 198 37 22 het
134 198 94 22 anmäla:

286 236 30 20 att
331 236 38 21 den
383 236 119 28 föreslagna
517 236 185 28 lagförändringen
718 236 18 28 ej
747 236 81 22 kunnat

218 269 132 27 oförändrad
361 270 124 28 godkännas
500 271 27 27 af
537 270 125 28 Ständerna,
673 271 67 21 hvilka
749 271 34 27 för
792 271 35 21 sin

218 304 32 21 del
264 304 87 25 beslutit,
367 307 30 19 att
413 306 29 20 53
456 305 16 27 $
486 306 9 20 i
509 305 146 28 Legostadgan
667 305 34 27 för
710 305 117 21 husbönder

217 338 35 22 och
267 338 129 28 tjenstehjon,
410 340 70 26 gifven
495 340 39 21 den
549 341 30 20 30
593 339 94 23 Januari
699 341 66 25 1865,
774 339 52 22 skall

216 373 78 22 erhälla
308 374 91 27 följande
413 374 128 27 förändrade
555 375 88 27 lydelse:

284 409 9 19 1
312 416 62 13 mom.
404 408 73 29 Enligt
491 408 41 22 den
546 408 78 29 nädiga
639 408 167 29 propositionen.

283 443 12 20 2
310 449 59 15 mom.
405 443 40 22 Vill
465 444 106 21 husbonde
595 443 141 29 tjenstehjonet
755 444 18 27 ej
792 443 32 22 be-

214 477 62 28 hålla,
292 478 53 21 skall
360 478 141 27 tjenstehjonet
515 479 26 26 af
547 478 89 22 domstol
646 478 72 21 dömas
728 478 31 22 till
769 478 56 21 böter

214 512 60 28 högst
296 513 112 21 trehundra
429 513 58 21 mark
507 513 47 21 eller
567 512 94 28 fängelse
676 513 58 21 ända
749 513 31 21 till
795 514 29 20 tre

213 547 106 22 månader.
350 547 152 28 Tjenstehjonet
519 554 48 15 vare
583 547 35 22 ock
633 547 90 28 skyldigt
738 549 36 25 att,
791 554 32 15 om

212 582 121 21 husbonden
347 583 33 21 det
395 583 81 26 önskar,
493 583 101 27 återgifva
608 582 163 27 städjopenning
787 582 36 21 och

213 617 55 22 hvad
289 617 33 22 det
343 617 40 22 kan
402 618 62 27 hafva
480 617 26 28 af
516 617 60 22 lönen
590 617 100 27 uppburit
704 619 55 19 samt
773 617 50 27 efter

213 652 125 22 domstolens
349 653 102 27 pröfning
466 652 51 29 fylla
533 652 27 22 all
574 652 71 22 skada.

280 687 12 21 3
308 693 63 16 mom,
401 687 100 22 Likasom
515 687 8 20 i
538 686 166 28 propositionen.

143 744 32 21 En
190 744 131 22 reservation
336 744 102 29 bilägges.

144 801 140 29 Helsingfors,
301 802 40 21 den
358 803 25 20 15
400 802 96 22 Oktober
513 802 60 22 1877.

139 1460 125 21 Lagutskottets
276 1462 107 16 betänkande
394 1462 37 16 N:o
445 1459 24 18 16.
