1025 1703
391 131 54 22 N:o
463 130 46 23 13.

344 360 67 24 Hans
427 360 149 30 Kejserliga
590 361 136 28 Majeståts
742 360 78 31 nådiga

276 395 130 29 proposition
429 396 31 22 till
479 396 100 23 Finlands
602 395 93 30 Ständer,
714 394 107 31 angående

273 429 128 24 lösärifvare
416 430 39 23 och
470 430 62 24 deras
546 430 134 29 behandling.

141 502 96 23 Emedan
251 504 153 26 förordningen
419 504 23 21 af
455 504 41 21 den
511 505 27 21 23
552 504 91 22 Januari
660 505 60 25 1865,
729 505 91 27 angäen-

70 538 27 21 de
112 538 141 21 försvarslöse
268 544 103 21 personer
387 539 39 20 och
442 539 62 21 deras
521 539 134 26 behandling,
664 541 82 19 ansetts
762 539 6 21 i
784 539 35 21 fle-

70 578 25 15 ra
114 572 60 21 delar
191 572 47 21 icke
256 573 109 20 motsvara
384 572 25 21 de
429 573 99 26 anspräk,
544 579 46 14 som
605 579 88 15 numera
708 573 71 21 blifvit
792 573 29 27 pä

70 607 124 20 densamma
209 607 83 25 ställda,
302 606 40 21 och
357 606 72 21 derför
436 607 54 21 böra
500 607 143 21 underkastas
654 607 99 26 revision,
765 607 56 21 helst

70 641 77 21 sådant
162 641 62 21 äfven
239 641 8 20 i
262 641 99 21 afseende
377 640 13 21 å
405 641 152 26 förordningen
572 641 23 20 af
606 641 40 21 den
654 642 27 19 22
697 641 59 21 Mars
767 642 53 21 1852

70 681 35 15 om
121 675 107 21 allmänna
242 675 150 26 fattigvården,
408 675 49 20 med
471 675 85 21 hvilken
576 675 148 21 förstnämnda
738 675 83 21 förord-

70 709 51 27 ning
140 709 45 20 står
203 709 7 20 i
230 708 159 27 sammanhang,
407 709 57 20 varit
482 708 23 21 af
522 708 100 22 behofvet
643 708 117 27 påkalladt,
781 709 40 21 har

70 743 61 21 Hans
148 743 122 27 Kejserliga
288 742 103 27 Majestät
409 742 48 21 låtit
476 745 97 24 uppgöra
588 742 81 26 förslag
687 743 33 21 till
735 749 28 20 ny
777 742 43 22 för-

71 778 91 26 ordning
176 777 110 27 angående
301 776 127 22 lösdrifvare
444 777 40 21 och
499 777 63 21 deras
577 776 136 27 behandling.

141 811 125 27 Förslagets
292 810 94 22 innehåll
408 810 39 21 har
469 812 7 20 i
498 810 121 27 väsendtlig
640 810 50 22 mån
712 810 107 27 betingats

70 846 67 27 deraf,
154 848 32 19 att
200 846 32 21 uti
250 852 29 14 nu
294 845 99 27 gällande
412 845 136 27 lagstiftning
566 845 105 26 ingående
686 845 135 22 föreskrifter

71 887 34 15 om
119 881 50 26 laga
183 880 84 21 försvar
281 880 57 20 visat
353 879 32 27 sig
399 879 48 21 icke
462 879 74 26 förmå,
549 879 71 21 såsom
632 879 25 21 de
668 878 77 28 åsyfta,
756 879 65 27 stäfja

70 922 28 14 en
113 916 34 20 del
163 914 250 22 samhällsmedlemmars
433 914 42 26 håg
489 914 33 20 för
538 915 31 19 ett
586 913 181 27 kringstrykande
781 914 40 20 och

70 949 113 27 lättjefullt
200 948 135 26 lefnadssätt,
355 948 89 21 emedan
463 954 26 15 en
507 947 60 28 dylik
584 947 43 27 båg
645 953 64 21 synes
729 948 52 21 bero
799 948 23 21 af

71 984 68 22 andra
154 983 88 21 orsaker
258 984 27 19 än
301 982 47 26 den,
364 982 106 21 huruvida
484 982 50 26 laga
551 982 83 21 försvar
649 981 71 21 blifvit
735 981 85 21 anskaf-

70 1019 48 21 fadt
134 1018 52 21 eller
202 1017 53 26 icke,
271 1016 100 21 hvarföre
389 1016 91 21 nämnde
498 1015 135 22 föreskrifter
652 1017 81 19 ansetts
749 1016 72 20 kunna

71 1054 53 20 utan
142 1051 97 27 äfventyr
257 1051 114 20 undvaras.
401 1050 80 21 Vidare
498 1050 40 20 har
555 1049 7 21 i
580 1049 103 26 förslaget
701 1049 60 27 följts
780 1047 41 23 den

71 1086 123 28 grundsats,
210 1086 32 20 att
256 1084 74 27 hvarje
345 1083 128 27 tillgörande
489 1083 48 21 från
553 1083 26 21 de
592 1083 160 26 myndigheters
767 1083 54 26 sida,

71 1121 73 22 hvilka
163 1122 41 25 äga
222 1121 32 19 att
272 1118 115 21 öfvervaka
406 1119 79 20 allmän
505 1117 91 26 ordning
614 1117 39 20 och
671 1117 106 26 säkerhet,
797 1119 24 19 är

71 1155 49 22 med
135 1154 87 26 hänsigt
238 1153 35 21 till
288 1153 41 20 den
349 1152 137 21 obemedlade
504 1152 47 21 lösa
565 1150 150 28 befolkningen
734 1151 86 22 obehöf-

72 1190 40 26 ligt
127 1189 73 21 förrän
214 1188 71 26 någon
300 1187 23 21 af
336 1187 123 21 densamma
473 1186 58 27 gjort
546 1186 32 26 sig
594 1185 84 27 skyldig
693 1186 33 20 till
741 1186 81 21 sådana

72 1223 115 23 förseelser
201 1223 45 19 mot
260 1222 32 20 ett
311 1220 92 22 ordnadt
421 1219 132 26 samhällslif,
570 1225 45 15 som
630 1218 41 21 fått
686 1220 37 20 det
737 1226 84 20 gemen-

73 1263 83 17 samma
169 1257 87 21 namnet
270 1254 129 22 lösdrifveri.
428 1254 51 22 Men
493 1256 39 19 när
547 1253 59 21 detta
618 1252 63 26 skett,
690 1253 82 21 hvilket
778 1253 43 21 för-

73 1292 71 26 slaget
158 1290 50 21 sökt
226 1295 76 21 genom
320 1288 107 21 särskilda
445 1287 160 25 bestämningar
623 1286 90 26 angifva,
729 1287 39 19 har
786 1287 36 20 det

72 1327 61 24 synts
148 1330 53 14 vara
215 1323 23 21 af
247 1323 51 25 vigt,
308 1322 61 20 äfven
384 1328 26 14 ur
425 1321 135 27 synpunkten
575 1320 23 20 af
604 1320 40 21 den
660 1320 108 26 skyldiges
777 1320 43 21 för-

74 1357 101 26 bättring,
192 1358 32 19 att
238 1356 74 24 denne,
328 1361 35 14 om
377 1354 117 21 förseelsen
508 1352 85 22 utöfvas
605 1354 60 20 utom
672 1353 42 20 den
721 1353 101 20 kommun

74 1391 42 21 han
134 1390 52 21 eller
204 1390 42 20 hon
264 1388 81 26 tillhör,
363 1390 76 25 genast
458 1387 142 21 underkastas
619 1386 40 21 den
677 1386 72 21 derför
767 1385 55 22 före-
