1025 1703
227 154 12 18 2
392 153 78 22 Ständ.
487 153 36 22 Sv.
541 164 24 3 —
581 152 68 28 Prop.
665 152 41 22 N:o
722 153 32 22 12.

197 220 51 21 nala
263 220 218 27 angelägenheterna,
492 220 95 21 hvarken
598 219 110 21 härintills
719 219 88 21 erhållit
818 220 52 21 eller
881 220 64 20 fram-

197 254 59 21 deles
275 254 61 20 torde
352 254 73 20 kunna
439 254 98 26 päräkna
551 255 67 25 nägot
633 253 76 27 bidrag
724 254 25 20 af
762 254 41 20 den
819 254 33 20 till
868 254 79 20 fördel-

197 288 52 27 ning
265 288 92 22 emellan
373 288 154 21 kommunerna
541 287 113 22 bestämda
669 287 63 21 andel
748 287 25 21 af
786 287 159 21 bränvinsskat-

197 324 44 20 ten.
260 322 40 21 och
320 322 140 21 statsverkets
480 321 118 28 tillgångar
617 321 48 21 icke
679 321 69 21 heller
764 322 7 20 i
787 321 160 27 väsendtligare

197 357 49 20 män
267 356 111 27 medgifvit
397 356 68 27 sagda
485 355 108 28 sällskaps
612 355 191 28 understödjande,
819 362 47 14 men
883 355 62 20 emel-

196 390 64 22 lertid
283 390 115 27 angeläget
417 397 50 14 vore
487 391 32 20 att
539 390 108 21 desamma
665 389 136 22 fortfarande
819 389 72 21 kunde
907 396 40 19 ega

197 424 90 22 bestånd
308 424 40 21 och
368 424 46 21 med
433 424 66 21 ökadt
514 425 90 20 intresse
620 424 65 21 verka
700 423 34 22 för
749 423 38 21 sitt
801 423 80 28 vigtiga
897 423 48 26 mål,

197 459 40 21 har
252 459 79 20 Eders
347 458 149 28 Kejserliga
511 458 122 28 Majestät
648 458 31 21 uti
696 457 122 22 Ständerna
830 458 35 21 vid
876 457 71 22 denna

196 493 105 27 landtdag
316 493 98 27 förelagd
429 493 65 27 nädig
506 493 133 27 proposition
652 492 118 27 föreslagit,
782 494 32 19 att
825 492 121 21 Ständerna

197 528 24 20 af
235 527 40 21 den
294 526 118 28 inflytande
431 527 309 27 bränvinsbränningsskatten
761 527 66 19 mätte
843 525 62 21 anslä
920 533 25 13 en

197 568 84 15 summa
296 561 24 21 af
333 561 77 25 80,000
425 561 61 21 mark
495 561 82 27 ärligen
588 562 38 24 att,
638 560 54 21 efter
702 560 80 21 Eders
797 560 149 27 Kejserliga

197 596 136 26 Majestäts
352 594 79 28 nädiga
445 594 168 26 bestämmande,
630 594 94 21 tördelas
741 594 91 21 emellan
848 594 97 21 hushäll-

197 626 72 30 nings-
290 629 39 21 och
350 628 254 26 landtbrukssällskapen
620 628 5 20 i
643 628 75 20 landet
738 628 33 20 för
787 628 121 27 främjande
923 628 24 21 af

197 663 63 20 deras
276 662 114 27 gagneliga
405 662 142 21 verksamhet.

265 695 41 21 Vid
327 695 158 28 behandlingen
506 695 24 22 af
548 696 71 20 denna
636 695 79 27 nädiga
730 695 136 27 proposition
881 695 64 21 hafva

197 730 128 26 Ständerna,
341 729 74 22 hvilka
430 729 33 21 för
479 730 32 20 sin
528 729 34 22 del
577 729 59 22 finna
651 729 26 21 de
693 729 23 21 af
732 730 54 20 1872
802 730 34 20 ärs
853 729 93 22 Ständer

197 763 34 22 till
251 764 48 21 stöd
319 764 34 21 för
372 763 62 22 deras
449 763 94 22 nämnda
557 763 72 22 beslut
644 763 92 22 anförda
751 763 46 22 skäl
814 770 40 21 ega
869 764 77 21 fortfa-

197 799 66 20 rande
279 798 105 27 giltighet,
397 798 81 27 jemväl
493 799 56 26 tagit
563 798 7 20 i
586 797 142 22 betraktande
744 798 41 21 den
801 800 60 19 stora
874 798 72 21 förän-

197 832 62 27 dring
275 839 45 14 som
336 831 98 22 inträffat
449 833 7 19 i
472 832 101 21 afseende
587 832 14 20 &
616 832 140 21 statsverkets
772 832 118 21 inkomster
906 832 40 21 och

196 866 117 27 tillgängar
333 866 67 21 sedan
416 865 153 22 nästförflutna
584 865 104 21 ärtionde.
719 865 78 22 Medan
813 866 68 21 under
897 866 47 21 sist-

196 900 94 21 nämnda
305 900 99 21 ärtionde
419 900 7 20 i
440 899 55 28 följd
511 900 23 21 af
547 901 126 20 missvexter
688 900 40 21 och
742 906 139 21 ogynsamma
892 900 51 21 han-

196 934 205 27 delskonjunkturer
424 934 139 21 statsverkets
586 934 118 21 inkomster
727 941 50 14 voro
798 934 88 27 knappa
906 934 39 21 och

197 968 152 27 otillräckliga,
369 968 65 21 hafva
453 967 109 22 desamma
581 967 69 21 under
670 967 26 22 de
716 974 76 15 senare
810 969 51 20 ären
877 968 66 27 regel-

195 1002 82 21 bundet
299 1001 81 21 influtit
402 1001 39 22 och
456 1001 7 21 i
479 1001 95 28 betydlig
595 1002 55 20 män
666 1001 101 21 tillvuxit.
803 1002 38 20 Om
864 1002 80 21 1863—

199 1036 52 20 1864
270 1036 40 20 och
328 1036 53 20 1867
396 1037 36 20 års
448 1035 92 22 Ständer
555 1035 65 22 alltså
636 1037 35 26 egt
686 1035 117 28 anledning
818 1037 31 19 att
865 1036 80 27 bevilja

196 1071 62 20 äfven
275 1071 81 20 sådana
372 1070 82 27 anslag,
471 1077 45 14 som
531 1070 69 21 under
615 1070 87 27 vanliga
717 1069 152 23 förhållanden
880 1077 65 22 synas

194 1104 54 21 böra
267 1105 53 26 utgå
335 1104 24 21 af
372 1105 139 20 statsverkets
531 1104 108 21 ordinarie
657 1103 125 28 tillgångar,
801 1105 24 20 så
839 1104 62 22 torde
917 1111 25 14 en

196 1139 66 20 sådan
282 1138 110 28 synpunkt
410 1145 89 14 numera
513 1138 46 21 icke
575 1145 52 14 vara
642 1137 24 21 af
679 1138 213 27 omständigheterna
907 1139 37 26 på-

195 1173 87 27 bjuden.

265 1206 41 21 Det
321 1207 25 20 är
361 1205 125 27 visserligen
502 1206 116 25 sannolikt,
632 1207 32 19 att
674 1205 26 21 de
711 1205 116 28 gagneliga
838 1206 106 21 sträfvan-

196 1241 47 23 den,
259 1239 254 26 landtbrukssällskapen
529 1239 96 26 fullfölja
640 1239 39 20 och
695 1239 73 20 hvilka
783 1239 47 21 icke
845 1240 25 20 af
881 1240 61 21 Stän-

196 1274 67 20 derna
277 1273 161 24 underkännas,
450 1273 72 20 kunde
531 1274 55 19 röna
596 1273 159 26 mångsidigare
766 1273 120 26 framgång,
898 1273 46 21 der-

196 1309 32 20 est
243 1307 69 21 större
327 1306 117 21 understöd
458 1306 24 21 af
491 1303 130 28 statsmedel,
633 1307 27 20 än
671 1306 117 25 härintills,
799 1307 84 21 komme
893 1307 50 22 säll-

195 1342 81 27 skapen
297 1341 34 20 till
352 1341 39 21 del.
424 1340 50 22 Men
490 1341 136 27 möjligheten
643 1342 32 19 att
691 1340 41 21 öka
748 1341 63 21 dessa
825 1341 118 22 understöd

194 1376 62 22 torde
275 1375 69 21 under
364 1376 36 20 det
419 1375 124 21 nuvarande
561 1374 129 28 finansläget
707 1375 47 21 icke
769 1381 52 15 vara
836 1376 107 22 beroende

195 1410 65 26 deraf
274 1412 33 20 att
327 1410 121 21 Ständerna
468 1410 69 21 skulle
555 1410 29 26 på
604 1410 26 21 de
648 1409 69 21 under
735 1409 63 22 deras
814 1410 127 27 disposition

193 1444 90 22 stående
305 1444 165 21 inkomstkällor
493 1444 74 21 anvisa
587 1444 76 26 anslag
683 1444 7 20 i
706 1443 78 21 sådant
804 1446 61 25 syfte.
899 1445 42 22 Det

192 1479 69 20 måste
277 1478 39 21 ock
331 1478 48 21 med
394 1477 87 28 hänsigt
496 1477 33 21 till
545 1478 115 26 bokföring
675 1478 40 20 och
728 1477 138 28 redovisning
877 1479 66 21 ställa
