1025 1711
205 145 11 20 6
394 145 61 22 Ständ.
472 145 30 21 Sv.
520 159 23 2 —
561 146 54 28 Prop.
630 145 32 22 N:o
679 146 30 21 19.

175 205 157 23 vederbörande
355 207 127 27 domkapitel
505 208 70 21 dertill
589 209 124 26 samtycker.
744 209 136 27 Rättigheten
894 209 33 21 för

175 242 58 25 prest
256 242 31 19 att
302 241 136 22 utarrendera
453 242 37 21 sitt
505 242 96 26 boställe,
617 242 51 22 eller
683 243 34 22 del
732 242 64 27 deraf,
812 243 68 22 blefve
895 244 32 21 så-

176 275 65 21 lunda
257 274 59 22 alltid
331 275 105 22 beroende
452 276 22 21 af
489 276 159 28 församlingens
663 277 68 26 bifall;
757 277 40 22 och
811 277 117 22 församlin-

177 315 39 21 gen
239 309 69 21 kunde
329 309 81 22 derföre
426 310 22 22 af
462 316 25 16 en
503 311 51 22 eller
569 318 68 15 annan
653 312 69 26 orsak,
738 311 61 23 äfven
814 314 51 19 utan
881 312 48 27 laga

177 344 52 26 skäl,
245 343 75 22 hindra
335 347 63 24 prest,
415 351 46 15 som
475 345 93 22 saknade
583 346 42 26 håg
640 346 39 21 och
689 346 63 27 insigt
762 348 32 20 att
805 346 48 27 sjelf
862 346 67 21 bruka

177 378 38 22 sitt
237 378 95 26 boställe,
356 378 51 22 eller
422 379 40 21 ock
476 378 48 23 ville
539 386 76 20 genom
630 380 160 28 utarrendering
804 380 22 22 af
840 380 40 22 viss
897 380 32 22 del

178 412 59 22 deraf
251 412 99 22 förskaffa
366 416 31 24 sig
411 413 73 26 fördel,
503 416 31 19 att
549 414 7 21 i
571 414 75 22 sådant
661 414 53 28 syfte
729 414 81 28 förfoga
826 414 58 22 öfver
894 414 37 22 bo-

178 447 35 21 let.
251 447 94 22 Emedan
368 448 58 22 detta
448 455 50 15 vore
519 456 26 14 en
561 448 71 28 obillig
647 449 151 28 inskränkning
812 450 8 20 i
834 448 97 22 boställs-

178 481 161 23 innehafvarens
357 484 49 24 rätt,
423 489 47 15 men
486 484 67 21 denne
568 484 12 21 &
596 484 66 20 andra
676 483 61 22 sidan
752 484 45 23 icke
812 484 67 21 heller
894 483 38 21 bör

179 516 81 22 lemmas
275 516 39 22 fria
328 517 82 21 händer
428 519 37 25 att,
481 517 148 28 församlingen
645 518 32 21 till
692 517 87 28 förfäng,
796 518 53 22 efter
864 518 69 26 behag

180 550 102 22 Ofverläta
297 550 196 29 besittningsrätten
508 552 31 21 till
556 552 56 21 bolet
628 553 22 20 ät
666 552 99 27 olämplig
779 558 83 21 person,
883 552 50 21 eller

180 585 26 26 pä
229 585 74 27 vilkor,
322 591 46 16 som
382 585 70 22 kunde
467 585 72 23 utöfva
554 585 87 29 menligt
662 586 114 28 inflytande
797 587 27 27 pä
844 587 90 21 detsam-

181 625 44 16 mas
248 619 98 22 framtida
361 619 95 28 bestånd,
475 620 62 22 hafva
553 621 124 24 Ständerna,
693 621 65 27 enligt
773 621 81 22 hvilkas
871 621 63 21 tanke

181 655 64 26 nägot
263 654 90 22 initiativ
368 655 32 20 till
415 655 104 27 prestbols
535 655 160 28 utarrendering
709 656 110 27 rimligtvis
834 656 46 21 icke
895 656 40 20 bör

182 688 117 22 tillkomma
319 689 156 27 församlingen,
499 690 79 27 antagit
601 690 74 21 sädant
696 690 115 27 stadgande
830 690 7 21 i
854 689 80 28 frägan,

183 726 31 18 att
237 725 63 26 prest,
323 730 46 15 som
392 724 77 21 önskar
483 725 27 26 pä
525 725 41 21 viss
582 724 31 21 tid
627 724 138 22 utarrendera
779 724 90 22 boställe
885 724 51 22 eller

182 759 71 26 nägon
275 758 34 21 del
325 758 64 27 deraf,
406 759 34 20 mä
455 759 79 21 ansöka
551 765 33 15 om
600 758 96 22 tillständ
712 758 70 22 dertill
796 759 38 21 hos
850 759 88 22 domka-

183 793 68 26 pitlet,
267 799 46 16 som
328 792 53 23 efter
396 793 158 28 församlingens
573 794 94 21 hörande
693 800 49 21 eger
764 793 6 22 i
792 794 87 22 ärendet
902 793 35 22 be-

182 829 95 20 stämma.

253 861 134 23 Beträffande
410 868 61 16 mom.
496 864 9 20 1
523 862 23 22 af
559 863 11 27 $
587 864 23 20 11
628 865 36 19 äro
688 862 120 27 skiljaktiga
829 862 110 28 meningar

186 896 47 22 utaf
254 897 118 21 Ständerna
387 896 100 28 uttalade,
503 897 6 21 i
526 898 34 21 det
575 897 155 27 Ridderskapet
746 897 39 21 och
801 896 68 22 Adeln
884 898 55 20 samt

187 931 159 22 Presteständet
360 930 67 22 funnit
443 932 91 21 nämnda
548 934 93 20 moment
651 931 53 22 böra
714 932 94 26 undergä
818 931 65 21 sädan
894 930 45 22 huf-

187 966 109 27 vudsaklig
318 966 94 26 ändring,
430 968 30 19 att
475 966 172 26 törsamlingarne
662 965 64 22 blifva
742 965 151 28 skyldigkände
909 966 30 20 att

187 1001 13 20 &
217 1000 60 21 deras
292 1000 45 21 sida
352 1000 87 27 bidraga
455 1000 30 21 till
502 1000 38 21 den
555 1000 3 21 i
569 1002 114 19 momentet
696 999 137 22 omförmälda
843 999 97 21 boställs-

187 1034 172 26 byggnadskassa
380 1035 48 20 med
451 1036 32 20 tre
502 1034 125 27 fjerdedelar
641 1034 7 20 i
662 1033 131 22 förhällande
809 1033 31 21 till
856 1034 34 21 det
906 1033 35 21 be-

188 1068 55 27 lopp,
261 1074 25 15 en
301 1068 107 27 fjerdedel,
421 1068 85 22 dermed
523 1068 156 27 presterskapet
694 1068 60 27 läge
770 1069 32 21 att
816 1067 32 22 till
864 1067 77 22 kassan

188 1103 70 21 lemna
276 1102 80 27 bidrag,
373 1103 109 21 hvaremot
497 1103 102 27 Borgare-
615 1103 38 20 och
668 1102 164 22 Bondeständen
846 1101 8 21 i
869 1101 73 27 sjelfva

187 1137 66 21 saken
275 1137 94 26 godkänt
392 1137 39 21 den
451 1137 76 26 nädiga
541 1137 163 27 propositionen,
722 1136 38 22 och
776 1137 88 21 emedan
880 1135 61 22 alltsä

190 1171 64 26 något
269 1170 155 22 ständerbeslut
440 1177 35 15 om
490 1172 64 26 sagde
570 1173 103 20 moments
688 1170 98 27 innehäll,
802 1170 80 21 hvilket
893 1169 49 22 Pre-

190 1205 116 21 steständet
316 1205 106 21 dessutom
438 1208 69 18 ansett
522 1205 55 27 gälla
593 1205 46 21 dess
655 1204 124 28 privilegier,
794 1204 46 22 icke
851 1204 91 26 vunnits,

191 1238 62 22 hafva
268 1238 118 22 Ständerna
400 1238 32 22 för
448 1239 31 21 sin
495 1239 33 21 del
542 1239 91 25 beslutit,
654 1241 31 18 att
701 1246 25 13 ur
740 1239 100 25 förslaget
850 1238 33 20 till
895 1238 48 20 den-

189 1278 81 15 samma
285 1272 93 21 utesluta
393 1272 58 21 säväl
460 1272 160 26 ifrägavarande
635 1274 99 24 moment,
751 1278 45 14 som
807 1271 4 20 i
823 1271 52 26 följd
886 1270 60 22 deraf

189 1305 78 27 jemvä!
283 1305 66 27 öfriga
366 1306 58 21 delar
437 1306 23 21 af
473 1306 11 27 $
501 1307 32 20 11.

260 1339 41 22 Till
317 1340 164 28 anmärkningen
497 1340 52 22 efter
565 1341 40 21 den
620 1340 7 21 i
643 1340 11 28 &
672 1341 25 21 13
712 1340 84 22 införda
806 1339 140 28 expeditions-

191 1376 49 20 taxa
263 1374 44 27 bör,
331 1374 65 28 enligt
412 1374 129 23 Ständernas
556 1376 70 26 tanke,
642 1375 59 27 fogas
716 1374 133 28 bestämning
865 1374 79 26 derom,

193 1411 30 19 att
247 1410 115 26 veterligen
384 1410 100 21 medellös
507 1417 77 21 person
607 1413 22 19 är
643 1410 99 21 frikallad
757 1409 46 22 från
819 1408 127 28 erläggande

190 1444 26 21 af
230 1443 64 23 lösen.

262 1479 167 22 Vidkommande
452 1481 12 20 3
486 1479 89 28 kapitlet
598 1480 6 21 i
627 1479 40 22 den
686 1479 76 27 nådiga
781 1477 165 29 propositionen,
