1048 1700
409 140 81 23 Ständ.
505 140 37 23 Sv.
557 153 28 3 —
600 141 70 27 Prop.
686 142 40 21 N:o
740 142 22 21 3.

582 204 15 27 $
610 204 36 21 27.

344 236 77 27 Hafva
437 237 35 21 två
487 237 26 20 år
521 237 102 27 förflutit
636 237 67 21 sedan
712 237 139 28 förbrytelse,
867 237 88 22 hrardm

276 272 8 18 i
299 270 71 21 denna
380 270 135 28 förordning
530 271 96 28 stadgas,
647 271 49 27 blef
714 271 114 28 begången,
850 273 36 19 må
907 273 48 20 åtal

275 304 77 26 derför
366 305 21 26 ej
405 305 114 26 anställas,
542 312 48 13 men
610 304 63 22 talan
695 312 33 14 om
750 305 133 21 skadestånd
904 313 51 13 vare

276 339 68 26 öppen
364 339 41 20 den
425 339 38 25 tid,
479 345 44 14 som
534 339 42 26 för
590 339 69 20 sådan
675 339 62 21 talan
751 340 9 20 i
775 339 101 30 brottmål
890 340 8 20 i
913 340 41 20 all-

274 372 86 21 mänhet
374 373 76 27 gäller.
485 373 45 20 Vill
544 373 137 27 målsegande
700 373 51 27 utfå
772 373 133 21 skadestånd
928 381 26 13 ur

274 405 107 24 förbrutet
395 407 60 27 gods,
471 407 51 21 eller
538 407 45 20 lösa
598 407 79 20 sådant
692 407 54 28 gods
760 405 31 28 ut,
808 407 37 21 och
860 407 41 21 har
914 415 41 14 an-

274 440 88 27 språket
376 441 73 20 derom
464 442 19 27 ej
497 441 72 20 väckts
584 441 68 21 under
667 441 40 21 den
722 442 122 27 rättegång,
856 449 45 14 som
919 445 34 18 ut-

269 474 62 27 förts
347 475 8 20 i
370 475 128 23 brottmålet,
513 476 85 20 anmäle
612 476 33 26 sig
660 475 74 21 dertill
750 478 72 18 senast
842 476 58 20 inom
918 477 36 20 två

274 509 105 20 månader
393 509 56 26 efter
464 509 35 21 det
513 510 93 27 utslaget
621 510 9 20 i
648 516 82 14 samma
752 510 46 20 mål
820 510 50 27 laga
893 509 61 28 kraft

274 543 83 20 vunnit.
386 537 34 26 Är
435 544 8 19 i
457 543 59 21 detta
526 543 48 28 fall
592 543 60 21 talan
675 550 34 14 om
732 543 132 22 skadestånd
885 544 69 21 redan

272 576 97 28 pröfvad
383 577 30 27 af
424 578 123 26 domstolen,
562 578 57 21 skall
634 578 116 27 anspråket
765 579 14 20 å
789 578 35 22 det
832 578 121 28 förbrutna

272 611 76 27 godset
358 612 99 20 anmälas
467 612 38 21 hos
515 612 118 27 Kejsarens
644 612 248 28 befallningshafvande,
906 620 47 13 men

274 645 60 27 eljest
348 645 38 21 hos
401 647 78 20 rätten.

574 698 13 21 5
602 697 56 29 Kap.

483 743 106 22 Särskilda
605 744 134 27 stadganden.

575 790 15 27 $
604 790 36 21 28.

343 818 122 32 Öfverläter
479 825 71 26 någon
566 825 35 20 till
616 831 75 14 annan
700 823 137 29 förlagsrätt
847 825 53 20 eller
914 831 38 14 an-

273 864 45 14 nan
333 858 14 20 å
357 857 137 28 författares
509 858 52 21 eller
576 859 116 20 konstnärs
707 860 45 19 rätt
772 859 104 27 grundad
895 859 58 27 befo-

272 891 76 28 genhet
363 892 61 27 öfver
439 893 73 26 alster,
527 892 88 21 hvarom
630 893 8 20 i
653 893 70 20 denna
736 892 138 29 förordning
893 893 60 21 stad-

272 933 46 20 gas,
336 926 111 21 bestämme
461 933 75 21 genom
551 927 100 27 skriftlig
666 926 135 29 afhandling
815 927 9 21 i
838 927 58 21 huru
906 927 47 22 vid-

272 960 83 21 sträckt
369 961 54 20 mått
437 961 131 28 rättigheten
583 961 113 27 öfverlåtes
710 964 57 18 samt
782 962 60 21 tiden
857 961 38 21 och
912 962 41 21 vil-

272 995 65 21 koren
353 994 36 26 för
405 995 47 21 dess
467 995 136 28 åtnjutande,
619 995 38 21 och
671 996 59 27 gälle
744 996 130 27 sakegarene
890 997 62 20 emel-

272 1029 37 21 lan
326 1029 55 21 hvad
395 1029 94 21 sålunda
508 1030 72 21 slutes.
618 1025 33 25 Är
666 1029 137 28 förlagsrätt
825 1031 35 20 till
883 1030 69 27 skrift

272 1063 121 27 öfverlåten
413 1066 54 18 utan
484 1065 101 20 närmare
608 1063 133 29 bestämning
763 1064 81 26 härom,
867 1064 84 27 medför

272 1098 43 20 slik
330 1097 135 28 öfverlåtelse
480 1098 76 21 endast
570 1098 104 28 rättighet
692 1100 32 19 att
744 1098 96 27 skriften
861 1098 91 27 oförän-

273 1132 58 21 drad
347 1132 8 20 i
369 1139 26 14 en
409 1132 98 27 upplaga
522 1132 29 27 af
562 1132 61 27 högst
639 1134 83 19 ettusen
736 1133 108 26 exemplar
859 1132 92 28 utgifva.

341 1165 16 21 I
370 1166 45 21 alla
430 1166 25 21 de
465 1166 56 27 fall,
536 1167 30 20 då
580 1166 136 27 öfverlåtelse
736 1167 21 27 ej
776 1167 85 26 medför
882 1169 70 18 större

272 1202 53 25 rätt,
340 1201 29 20 än
384 1202 32 19 alt
430 1199 86 28 utgifva
531 1201 43 20 viss
589 1201 52 20 eller
652 1201 58 20 vissa
720 1201 108 27 upplagor
838 1200 30 26 af
879 1201 73 26 skrift,

272 1241 51 14 vare
334 1233 147 28 författaren,
497 1234 68 21 sedan
579 1235 54 20 sista
647 1235 114 27 upplagan
780 1235 118 25 utkommit,
920 1235 31 21 be-

273 1268 99 27 rättigad
387 1270 38 24 att,
441 1269 69 20 innan
525 1268 41 21 den
584 1268 75 21 utsåld
681 1268 77 27 blifvit,
781 1269 114 20 återvinna
917 1269 36 20 sin

274 1301 170 28 utgifningsrätt
460 1302 35 21 till
505 1302 92 27 skriften
609 1302 129 28 derigenom,
753 1305 33 18 att
796 1303 44 21 han
846 1303 41 28 för
902 1303 50 21 bok-

274 1337 158 26 handelspriset
447 1337 81 19 inlöser
543 1337 25 19 de
583 1337 108 26 exemplar
705 1337 30 26 af
745 1337 118 27 upplagan,
880 1337 72 20 hvilka

268 1370 149 27 förläggaren
432 1370 57 20 inom
505 1372 32 18 tre
551 1370 104 21 månader
670 1370 57 27 efter
745 1371 117 27 tillsägelse
879 1371 73 20 derom

272 1404 61 21 visar
347 1404 34 28 sig
395 1403 119 28 innehafva.
554 1399 34 26 Är
602 1403 48 22 hela
668 1404 196 29 utgifningsrätten
882 1406 69 27 öfver-

274 1439 65 26 låten,
354 1445 47 14 men
415 1445 29 22 ny
459 1439 97 27 upplaga
578 1439 70 21 under
663 1439 28 21 tio
707 1440 27 20 år
748 1440 14 20 å
777 1440 43 21 rad
841 1441 21 26 ej
884 1441 66 27 utgif-

273 1481 44 18 ven,
332 1480 51 14 vare
398 1473 36 28 lag
449 1480 87 14 samma.
857 1480 4 5 E
