1036 1703
302 139 33 21 U.
350 139 33 20 B.
399 150 27 3 —
441 138 85 25 Prop.
542 138 46 21 N:o
603 139 29 20 3.
784 137 23 20 27

162 209 91 24 gagnat,
265 206 58 21 skall
337 206 130 27 rättigheten
483 207 75 27 återgå
574 206 35 20 till
622 206 47 25 den,
680 212 44 14 som
729 205 110 27 författa-

162 241 96 19 rerätten
268 240 28 21 då
307 240 66 28 enligt
381 240 140 26 förestående
532 240 162 27 bestämningar
704 239 135 21 tillkommer.

451 300 18 19 3
485 300 68 24 Kap.

416 338 164 31 Öfverskriften.

230 377 75 29 Enligt
318 376 160 29 propositionen.

472 424 15 27 $
502 424 34 20 15.

231 463 29 28 Ej
275 464 34 20 mä
325 463 71 28 någon
411 463 34 20 till
457 463 137 28 försäljning
610 465 108 25 ejtergöra
733 462 109 28 originala

165 497 112 21 konstverk
298 497 69 21 under
389 497 141 21 konstnärens
553 497 72 27 lifstid
644 499 53 19 utan
717 496 54 21 hans
786 503 55 14 sam-

166 531 63 28 tycke,
247 532 24 19 sä
282 531 73 27 framt
370 531 178 28 efterbildningen
560 531 64 21 hörer
635 531 33 21 till
679 537 81 15 samma
771 531 71 20 konst-

165 568 35 18 art
215 572 44 14 som
275 565 122 28 originalet.

233 599 162 28 Efterbildning
410 606 50 14 vare
475 601 20 25 ej
510 599 58 28 loflig
584 600 121 27 derigenom
716 601 32 19 att
758 599 41 21 den
809 601 34 18 ut-

160 633 63 28 föres
238 634 9 20 i
261 641 76 14 annan
358 633 79 22 storlek
458 636 28 19 än
505 635 134 27 originalets,
655 635 52 20 eller
722 635 33 20 att
770 633 74 21 dertill

166 668 111 20 användas
299 669 134 20 materialier
455 668 29 26 af
498 671 68 18 annat
586 669 53 27 slag.
669 669 39 19 Att
726 667 118 27 efterbilda

166 702 49 20 verk
230 702 30 27 af
271 702 118 21 tecknande
405 702 51 21 eller
471 702 101 21 mälande
587 702 62 21 konst
663 709 74 21 genom
749 701 95 27 plastisk

166 736 67 27 konst,
249 736 52 21 eller
316 738 56 19 tvärt
387 743 38 18 om,
442 738 26 19 är
483 737 93 20 deremot
591 736 43 21 icke
645 736 121 28 förbjudet.

475 783 16 27 $
506 784 32 20 16.

236 822 113 22 Konstnär
364 822 63 27 hafve
441 822 37 22 ock
492 823 69 20 under
576 822 35 21 sin
626 822 72 28 lifstid
707 823 139 21 uteslutande

167 858 45 19 rätt
235 859 32 18 att
285 857 89 20 medelst
392 856 108 28 oljeiryck,
519 856 133 28 afgjutning,
664 856 114 28 fotografi,
794 857 52 21 eller

165 891 31 27 pä
216 893 68 19 annat
301 890 119 21 mekaniskt
437 892 44 20 sätt
497 891 45 20 låta
557 890 109 27 ätergifva
682 891 38 20 och
735 891 111 27 mänyfal-

168 925 52 26 diga
235 924 185 27 efterbildningar
435 924 29 27 af
474 925 37 20 sitt
527 924 109 28 originala
652 925 113 20 konstverk
780 925 66 21 delvis

169 958 52 21 eller
237 959 6 19 i
259 959 47 20 dess
326 958 69 21 helhet
409 961 57 18 samt
481 961 31 18 att
527 959 71 20 denna
613 959 35 20 sin
663 960 45 19 rätt
724 959 34 21 till
773 966 74 14 annan

169 992 112 28 öfverläta.

478 1039 14 26 $
508 1039 34 20 17.

237 1073 34 26 Är
285 1077 134 28 fotografisk
437 1077 124 28 afbildning
576 1077 75 28 utförd
662 1079 32 26 pä
709 1078 139 27 beställning,

170 1119 50 14 vare
243 1113 133 20 densammas
396 1113 196 26 mängyfaldigande
603 1112 41 26 för
659 1115 69 18 annat
743 1113 105 20 ändamål

170 1148 19 26 ej
212 1147 79 20 tillåtet
313 1149 55 18 utan
390 1146 105 28 samtycke
517 1147 30 26 af
563 1147 47 25 den,
630 1153 43 14 som
692 1147 156 26 beställningen

170 1181 83 27 gjorde.

479 1227 14 27 $
509 1227 35 20 18.

241 1266 74 22 Såsom
331 1266 63 28 olaga
409 1265 153 29 efterbildning
577 1272 63 15 anses
655 1266 54 20 icke:

239 1302 23 26 1)
278 1300 155 28 efterbildning
453 1300 29 28 af
497 1300 117 26 konstverk,
629 1306 45 14 som
689 1299 75 21 tillhör
779 1301 71 19 staten

171 1336 52 20 eller
238 1335 84 21 allmän
336 1335 101 26 samling,
454 1334 51 20 eller
520 1336 27 18 är
561 1334 91 20 utstäldt
664 1334 31 26 på
706 1336 68 24 öppen
781 1334 68 26 plats.

239 1369 26 26 2)
279 1368 57 21 Lika
354 1368 48 21 med
416 1367 144 22 motsvarande
576 1367 72 28 stycke
663 1367 7 21 i
685 1366 165 30 propositionens

172 1404 13 26 8
201 1404 33 21 20.

239 1438 24 27 3)
279 1437 119 22 Likaledes.

239 1473 25 27 4)
279 1467 97 27 Äfvensä.

173 1513 138 22 Lagutskottets
323 1511 110 19 betänkande
443 1516 30 13 n:o
485 1511 16 18 8.
