1039 1711
224 150 11 18 4
380 151 37 22 U.
433 149 33 20 B.
481 159 26 4 —
524 149 85 24 Prop.
625 148 49 21 N:o
693 149 40 18 11.

335 213 230 22 bränvinsbrännerier
591 213 38 21 och
651 213 143 22 landthandel
822 213 37 20 bör
880 212 63 21 hvart

329 248 69 27 femte
412 249 26 19 är
448 247 117 28 förnyas”;

267 282 112 20 hvarutom
401 283 19 26 ej
439 282 82 20 mindre
544 283 25 19 de
583 282 102 28 följande
700 281 174 28 paragrafernes
894 281 50 21 ord-

266 317 162 27 ningsnummer
443 318 28 19 än
486 316 25 21 de
526 317 9 20 i
549 317 108 21 desamma
666 315 180 28 förekommande
856 315 87 21 hänvis-

266 351 112 27 ningarna
392 352 72 20 rättas
478 352 9 19 i
501 350 93 28 enlighet
609 350 95 22 härmed.

270 385 30 20 Då
315 386 6 18 i
337 385 60 26 fråga
412 392 32 13 om
461 392 60 13 mom.
538 386 12 20 2
567 386 22 19 af
602 388 9 22 $
628 386 12 19 2
656 386 5 18 i
678 385 112 20 utskottets
801 384 142 27 författnings-

200 419 78 26 förslag
294 419 40 20 den
350 419 145 26 skiljaktighet
509 425 49 20 eger
573 425 44 14 rum
634 419 75 19 mellan
726 419 26 19 de
768 419 34 19 två
821 419 71 19 stånds
910 418 33 20 be-

200 454 48 25 slut,
264 453 72 20 hvilka
358 453 47 20 icke
426 453 94 26 godkänt
541 453 88 20 berörda
644 452 84 27 förslag,
739 454 31 18 att
786 452 159 20 Bondeståndet

200 489 126 18 utmönstrat
346 487 35 20 det
400 487 23 20 af
440 487 100 20 utskottet
558 487 119 26 föreslagna
693 487 95 26 tillägget
804 486 31 20 till
852 489 89 17 motsva-

201 522 64 19 rande
289 523 91 18 moment
398 522 6 19 i
420 522 40 19 den
481 521 77 27 nådiga
573 521 164 26 propositionen,
754 527 46 14 men
816 521 128 20 Prestestån-

201 556 36 20 det
260 557 50 24 åter,
326 556 69 19 såvidt
415 555 23 20 af
454 556 148 26 ordalydelsen
627 556 46 19 utaf
686 555 47 20 dess
754 555 192 27 protokollsutdrag

201 590 41 20 kan
258 590 71 24 slutas,
345 590 65 20 måste
426 596 60 14 anses
502 590 63 20 hafva
579 590 62 26 gillat
657 590 57 20 detta
729 590 81 26 tillägg,
826 590 39 20 och
882 590 40 20 den
937 590 7 19 i

201 624 66 27 sagda
289 624 73 26 tillägg
384 624 105 26 ingående
512 624 130 26 bestämning
666 624 83 20 således
764 627 22 17 är
802 624 23 20 af
838 627 30 17 tre
884 624 61 21 stånd

201 659 106 26 godkänd,
323 659 38 19 har
377 659 100 19 utskottet
493 661 68 17 ansett
575 659 32 29 sig
621 659 24 19 så
661 659 84 26 mycket
757 659 65 20 hellre
834 659 50 20 böra
895 665 51 20 upp-

201 695 50 25 taga
272 694 66 26 sagda
361 693 73 26 tillägg
454 694 6 18 i
475 693 36 20 det
525 693 79 26 förslag
620 693 30 19 till
666 693 83 26 lydelse
764 693 32 20 för
810 696 40 22 $:n,
865 693 81 20 hvilket

202 728 53 19 skall
271 728 7 19 i
293 728 232 25 kontrapropositionen
539 727 55 26 ingå,
611 733 44 13 som
671 734 80 13 samma
761 734 69 19 mom.,
842 727 31 20 till
884 727 62 20 hvars

203 762 173 26 omredigerande
398 762 60 19 dessa
473 762 60 19 stånd
549 761 116 25 förordnat,
681 762 6 18 i
702 764 86 17 motsatt
803 762 43 24 fall,
863 762 19 20 d.
900 769 19 13 v.
930 768 16 14 s.

202 802 33 13 om
247 796 167 20 Bondeständets
426 796 67 19 beslut
509 795 58 20 lades
582 796 31 19 till
629 796 66 25 grund
712 796 32 20 för
759 796 187 26 omredigeringen,

201 830 84 20 komme
296 832 36 24 att,
348 830 6 19 i
369 830 51 26 följd
432 830 23 20 af
468 830 40 20 den
524 830 133 26 ordalydelse
673 830 12 20 1
703 836 60 14 mom.
780 830 89 26 erhällit,
880 830 67 20 sakna

194 860 94 31 "positivt
310 865 98 20 innehåll,
439 865 30 19 På
485 865 66 26 grund
567 864 62 20 häraf
642 865 38 19 och
696 865 7 19 i
719 865 94 26 enlighet
828 865 46 20 med
890 866 56 19 stän-

203 899 50 20 dens
266 899 68 20 beslut
348 899 7 19 i
371 899 63 26 öfrigt
448 899 120 20 hemställes
585 899 106 20 vördsamt
706 901 31 18 att
749 899 117 21 Ständerna
882 901 64 19 mätte

202 933 104 20 fastställa
320 933 94 26 följande
430 934 81 26 lydelse
526 934 32 20 för

376 991 68 21 Andra
460 992 309 27 omröstningspropositionen
759 987 12 36 :

337 1036 49 21 Den
409 1043 44 15 som
475 1037 127 28 godkänner
619 1037 15 28 $
653 1039 15 19 2
687 1038 9 20 i
719 1037 113 22 utskottets
849 1037 97 28 författ-

270 1070 151 29 ningsförslag
435 1073 73 19 röstar

553 1111 40 28 ja;

338 1150 42 21 den
394 1157 45 15 som
453 1150 45 22 icke
512 1151 127 28 godkänner
654 1151 70 21 denna
739 1152 102 27 $.röstar

551 1190 47 28 nej.

342 1235 80 21 Vinner
437 1243 14 14 n
460 1236 33 27 ej,
509 1236 92 22 kommer
616 1238 149 20 motsvarande
784 1239 15 25 $
814 1238 8 19 i
838 1238 41 20 den
894 1238 51 25 blif-

271 1269 67 20 vande
355 1268 163 28 förordningen
541 1276 32 14 om
589 1269 196 28 skjutshällningen
801 1270 37 20 och
852 1271 94 27 gästyif-

271 1302 99 20 verierna
386 1304 31 18 att
433 1302 87 30 erhälla
527 1302 103 28 följande
645 1303 90 27 lydelse:

406 1335 215 29 ”Skjutshällningen
633 1336 38 21 bör
681 1337 96 27 besörjas
788 1338 104 28 antingen
900 1339 47 21 med

339 1370 41 20 den
390 1370 245 29 skjutsningsskyldiges
650 1378 55 21 egna
720 1372 53 20 eller
788 1372 60 27 lejda
863 1372 83 26 hästar,

339 1403 71 21 äkdon
421 1404 38 21 och
464 1404 121 27 farkoster,
597 1405 52 21 eller
659 1405 38 21 ock
706 1412 75 21 genom
796 1408 150 25 entreprenad,

339 1437 91 28 hvilken,
450 1439 8 20 i
477 1439 40 20 den
536 1439 92 28 ordning
646 1440 15 27 $
678 1440 13 20 5
701 1439 155 28 föreskrifver,
872 1441 23 21 åt
914 1448 35 14 en-

341 1472 59 21 skild
410 1479 81 21 person
509 1474 52 21 eller
576 1473 63 28 bolag
654 1474 119 27 öfverlätes.
804 1475 52 21 Kan
871 1478 77 25 antag-

216 1512 65 18 Andra
294 1511 84 25 bihanget
389 1513 31 18 till
432 1513 102 18 Sammans.
546 1514 48 23 Lag-
607 1520 14 12 o.
634 1514 186 19 Ekonomiutskottets
832 1515 32 18 bet.
878 1516 37 18 N:o
926 1517 17 18 4.
