1025 1698
236 149 26 28 18
428 154 29 24 U:
466 151 74 27 BA
563 151 111 33 FRAN:
686 152 60 26 FUE

206 217 43 21 dän
271 216 105 29 utskottet
394 216 47 22 icke
456 216 43 22 kan
512 214 110 30 tillstyrka
634 214 61 24 bifäll
707 215 36 23 till
756 209 40 40 den
814 209 78 40 nådiga
904 219 51 23 pro-

207 249 119 28 positionen
341 250 8 21 i
366 250 71 22 derina
451 250 40 21 del.
520 248 102 23 Dercmot
636 254 64 17 anser
713 246 106 25 utskottet
833 248 68 23 sådan
910 245 47 25 lin.

207 283 63 28 dring
282 284 75 20 kanna
371 282 155 30 åvägabringas
539 282 29 29 pä
579 276 38 40 ett
626 276 78 40 annat,
713 281 80 30 jemväl
806 284 8 20 i
828 280 42 24 den
876 281 83 29 nkäipa-

207 316 162 29 propositionen
391 317 117 29 föreslaget
528 318 49 26 sätt,
596 322 47 16 som
657 312 70 26 tillika
741 313 90 31 örbjöde
842 313 113 25 förmonen

208 351 32 22 att
254 347 77 33 utgöra
345 356 27 17 en
387 350 143 24 förberedelse
545 352 34 21 till:
590 351 90 28 jordens
695 351 110 22 befriande
816 350 52 23 från
875 350 84 29 skjuta-

207 384 85 29 ningen,
314 386 99 21 hvärföre
434 386 106 22 utskottet
561 382 46 30 ock;
629 385 69 22 ehuru
719 385 105 22 utskottet
836 382 21 31 ej
873 384 86 23 kunnat

208 418 113 30 godkänna
343 425 27 16 en
385 420 24 22 af
421 419 273 23 hufvudbestämmelserna
708 420 8 20 i
730 419 42 21 den
785 417 81 30 nådiga
879 423 77 24 propo-

208 453 98 27 sitionen,
328 454 48 21 icke
397 454 74 22 tvekat
485 455 32 21 att
530 450 108 32 tillstyrka
652 454 39 21 det
698 450 126 25 Ständerna
838 453 67 22 måtte
916 453 39 22 bo-

208 488 70 27 gagna
299 488 33 29 sig
354 487 24 22 af
397 486 94 23 tillfället
506 490 33 20 att
552 487 112 22 medverka
678 488 35 20 till
727 486 129 23 åtminstone
870 488 27 21 de
909 487 46 28 lag-

208 521 110 32 stiftdings
339 521 108 29 åtgärder,
462 527 45 17 som
521 522 35 22 för
569 522 137 21 närvarande
721 520 72 23 kunde
806 522 97 21 befiwas
916 523 41 20 än-

208 554 155 29 damälsehliga
376 556 40 21 och
431 556 156 22 förberedande
602 561 27 15 en
643 553 80 23 reform
737 555 8 21 i
760 555 79 28 antydd
854 555 101 27 riktning.

276 589 43 22 Det
338 590 43 21 kan
395 591 34 21 för
443 590 72 22 denna
530 586 58 32 gäng
602 590 86 21 lemnas
702 589 83 22 derhän
802 590 107 21 huruvida
923 594 41 17 re

208 626 83 20 formen
314 626 41 20 bör
377 626 136 26 genomföras
536 630 78 22 genom
634 620 151 32 skjutningeny
799 624 116 22 ordnande
928 622 35 29 på:

209 659 42 21 den
273 658 37 26 fot,
328 661 36 23 att,
379 658 71 23 såsom
469 660 101 20 utskottet
584 663 66 17 anser
663 658 104 28 riktigast,
783 659 92 20 trafiken
888 654 67 26 beko-

209 693 61 21 stade
291 692 33 28 sig
347 693 54 27 sjelf,
426 694 52 21 eller
499 698 81 23 genom
598 695 29 19 att
641 693 78 27 bidrag
733 685 55 41 frän:
799 685 35 41 det
844 689 113 24 allmännä

208 726 31 21 tll
260 726 153 22 samfärdselns
435 727 115 21 befordran
565 726 93 21 erlades.
690 726 10 20 1
714 723 123 24 hvartdera
851 726 61 21 fallet
925 728 33 22 är;

211 762 58 20 utom
284 760 144 28 'skjutslegans
443 761 101 27 höjande,
562 764 46 17 som
622 761 99 26 betingas
736 759 67 22 redan
818 761 25 19 af
855 760 46 22 dew
912 762 45 19 oim-

209 794 159 31 stätidigheten,
383 797 31 19 att
431 792 42 24 alla
490 796 68 26 ofripu
572 795 45 27 pris
630 795 64 26 stigit,
711 793 159 28 befräimjandat
881 796 27 20 af
917 799 40 17 en;

210 828 151 30 trepienäders
384 829 116 29 uppkomst
521 827 66 28 enligt
608 828 112 21 utskottets
742 828 89 27 mening
850 828 43 27 det,
909 832 49 19 som

209 862 49 21 bäst
275 859 127 24 förbereder
417 864 115 25 reformen,
550 862 28 27 på
592 867 84 16 samme
691 861 59 29 gång
764 862 81 21 klittnad
861 863 18 20 i:
883 863 78 21 besvär

210 898 33 18 rét
264 894 76 23 'vinnes
357 897 33 21 för
402 896 134 28 jordbruket.
566 893 11 24 1
591 896 134 21 sistnämnda
740 895 103 22 afseende
858 896 100 22 åter-an-

209 931 38 20 ser
267 931 104 21 Utskottet
392 932 44 20 stor
458 932 45 26 vigt
523 931 59 28 ligga
604 929 73 28 derpå,
703 932 30 19 att
754 930 140 27 skjutslegan,
919 930 42 21 der

210 963 233 29 skjätsmmgsbesväret
451 961 113 25 öfverlåtes
572 964 28 28 på
609 964 151 27 entreprenad,
771 958 114 51 fastställes
890 965 71 26 högre

210 998 28 20 än
257 997 39 22 der
310 995 68 24 sådan
395 1000 18 27 ej
430 999 99 21 kommer
543 999 31 21 till
588 997 70 23 stånd.

279 1032 40 21 Väl
333 1032 42 21 har
388 1033 44 21 mot
448 1035 29 19 ett
491 1033 77 22 sådant
582 1032 123 22 förfarande
727 1033 59 20 inom
806 1028 103 36 utgkottet
920 1028 43 36 är:

210 1066 89 27 märkts,
314 1064 30 23 ast
352 1066 37 21 det
395 1067 107 22 innebure
510 1072 26 17 en
545 1067 100 22 orättvisa
654 1067 44 21 mot
706 1067 42 20 alla
757 1066 58 25 dem,
824 1067 136 21 sotm-önbkr.

210 1098 28 23 de
246 1096 76 31 utgöra
330 1100 193 29 hällskjutsningen
532 1101 82 28 sjelfve,
624 1103 56 18 samt
689 1102 25 19 ett
718 1101 240 26 omotiveradtförmyti-

211 1133 93 30 derskap
326 1134 61 22 öfver
402 1135 70 21 desse.
503 1135 117 21 Utskottets
635 1133 70 22 flertal
720 1135 42 20 har
775 1135 20 26 ej
814 1129 86 39 kannat
912 1129 53 39 dele

212 1167 72 22 denna
299 1166 62 30 åsigt.

278 1200 50 23 Med
353 1202 124 21 kärmedom
495 1207 35 17 om
546 1203 27 20 de
588 1201 157 28 förhållanden,
762 1207 47 16 som
824 1200 53 22 täda
891 1202 8 20 i
909 1181 50 42 Jan-

211 1235 43 25 det,
272 1235 61 22 torde
348 1235 37 22 det
398 1237 76 20 kunna
489 1239 97 24 antapas,
603 1238 30 18 att
648 1241 27 15 en
691 1236 55 21 ökad
763 1233 118 29 skjutslegd
889 1235 72 23 skulle

210 1269 33 22 för
265 1269 103 27 mången,
392 1275 47 16 som
453 1269 49 22 icke
517 1270 109 21 beräknar
640 1270 43 20 den
699 1269 101 28 verkliga
811 1269 74 22 föitust
898 1267 63 30 ulgö-

211 1303 77 22 randet
309 1304 25 20 af
353 1303 112 28 hållskjuts
486 1302 124 23 föranleder
632 1305 51 20 utan
708 1303 134 22 bländas:af
855 1303 38 22 de
907 1304 55 21 reda

210 1339 123 27 penningar
354 1338 42 21 han
420 1338 70 21 finner
511 1338 32 27 sig
564 1338 75 21 kunta
662 1343 79 22 genom
761 1338 127 21 denstmma
906 1345 53 21 :epp-

211 1371 79 28 hemta,
308 1378 65 21 synas
389 1371 24 22 sä
427 1372 114 27 lockande,
558 1373 30 20 att
603 1372 42 21 han
661 1374 100 20 motsatte
775 1373 34 27 sig
823 1375 137 26 eritreprena-

213 1406 49 23 ders
284 1408 130 26 inrättande,
439 1407 109 22 anseende
570 1407 136 27 skjutsandet
728 1406 72 23 såsom
815 1412 27 16 en
847 1406 114 24 inkomst-

212 1441 65 28 källa,
294 1443 90 21 hvarom
399 1441 43 22 han
458 1443 62 20 äfven
536 1441 32 22 för
582 1441 115 21 framtiden
710 1436 47 39 vile
768 1441 192 28 tillförsäkra
906 1436 56 39 jord.

281 1487 138 18 Sämmunsatta
431 1487 49 23 Eey-
492 1488 31 17 och
535 1486 184 19 Ekonomtutskotteta
730 1485 163 20 betänkande
859 1481 37 34 Ne
902 1485 33 18 4."
