1020 1706
404 156 80 23 Ständ.
499 157 37 23 Sv.
552 170 24 3 —
592 157 71 27 Prop.
678 156 41 23 N:o
733 157 20 21 7.

591 220 15 27 $
619 221 21 19 7.

347 259 102 29 Jernväg,
465 266 44 15 som
527 266 46 21 eges
595 259 30 28 af
639 259 112 28 menighet,
767 258 62 28 bolag
850 258 53 22 eller
918 264 35 15 en-

280 293 58 22 skild
348 300 86 21 person,
449 300 50 15 vare
516 293 41 28 för
572 294 90 28 ogulden
677 294 53 27 gäld
749 292 149 22 underkastad
919 295 33 18 ut-

281 328 97 28 mätning
393 328 9 20 i
416 328 39 21 den
471 328 91 28 ordning
580 328 162 28 förordningen
761 327 31 27 af
806 327 40 21 den
861 328 28 21 23
903 326 50 22 Juli

283 363 56 21 1868
354 363 110 27 angående
474 362 137 29 försäljning
626 362 29 27 af
665 362 50 28 fast
730 362 99 28 egendom
844 362 14 20 å
874 361 80 27 landet,

280 404 44 14 som
335 396 41 28 för
388 398 54 26 gäld
457 400 58 24 tages
530 398 8 20 i
552 399 51 24 mät,
620 397 97 28 stadgar,
734 396 66 22 likväl
814 396 47 22 med
874 396 79 21 iaktta-

280 431 70 28 gande
365 431 29 27 af
402 431 103 28 följande
519 431 109 22 särskilda
645 431 173 28 bestämningar:

349 466 38 21 1:o.
410 465 95 28 Jernväg
519 467 34 20 må
566 466 46 21 med
622 466 41 21 den
674 466 107 28 egendom,
792 465 90 22 hvartill
889 467 65 26 pant-

281 502 46 19 rätt
340 500 9 20 i
360 500 119 28 jernvägen
494 501 65 27 enligt
574 502 12 19 1
600 501 15 26 $
630 501 97 20 sträcker
741 501 39 26 sig,
797 500 77 21 endast
888 500 8 20 i
910 499 47 22 dess

282 534 70 21 helhet
365 535 9 20 i
388 536 44 19 mät
447 536 62 26 tagas
524 535 37 20 och
571 534 124 29 försäljas;
713 535 38 20 och
766 535 56 20 skall
837 534 119 27 ansökning

282 569 70 20 derom
374 570 65 26 göras
460 567 38 22 hos
520 570 130 26 guvernören
669 569 9 20 i
697 569 34 20 det
746 569 44 26 län,
805 569 57 20 inom
878 568 78 22 hvilket

282 602 124 28 inteckning
422 603 65 28 enligt
501 605 15 20 2
529 604 15 27 $
559 603 37 21 bör
610 603 75 26 sökas;

349 639 40 20 2:o.
412 637 102 27 Auktion,
530 637 91 22 hvarvid
632 639 94 26 jernväg
737 637 166 28 utmätningsvis
907 637 50 28 för-

282 671 70 28 säljes,
368 671 57 22 skall
434 671 112 28 förrättas
561 673 14 20 å
590 672 158 21 landskansliet
762 673 9 20 i
785 679 81 14 samma
883 672 47 25 län;

350 707 39 20 3:0.
411 705 16 22 I
438 705 102 28 afseende
559 707 14 20 &
587 705 165 29 försäljningen
775 706 114 27 erfordras
911 705 46 22 icke

282 740 69 21 sådan
374 747 40 21 syn
436 740 38 21 och
489 741 113 27 värdering
618 741 13 20 å
642 741 129 27 jernvägen,
786 747 44 14 som
844 741 33 20 uti
891 741 15 27 $
920 741 13 20 5
948 740 9 20 i

283 775 91 20 nämnde
385 775 135 28 förordning
535 775 29 28 af
575 775 40 21 den
630 776 29 21 23
673 775 50 21 Juli
737 776 57 20 1868
809 774 149 27 omförmäles;

283 815 46 14 men
349 809 107 20 åstundar
477 816 78 17 egaren
577 809 30 27 af
620 810 122 27 jernvägen
761 811 32 19 att
808 809 42 21 slik
865 815 39 22 syn
920 809 37 20 och

284 843 116 27 värdering
419 843 129 26 verkställes,
563 844 35 20 må
621 843 42 21 han
683 843 71 22 derom
770 843 81 21 ansöka
867 843 36 21 hos
917 850 39 21 gu-

283 879 108 23 vernören,
414 877 37 21 och
472 878 65 20 varde
559 877 28 21 då
609 877 163 28 förrättningen
794 877 71 21 hållen
885 877 29 27 af
925 878 34 20 två

283 911 54 27 gode
352 913 56 23 män,
423 911 72 21 hvilka
510 911 29 27 af
548 913 131 25 guvernören
694 911 75 22 dertill
783 914 64 23 utses,
862 913 56 19 samt
933 919 24 12 en

283 945 105 28 ingeniör,
404 951 44 15 som
460 945 31 27 på
505 946 143 26 guvernörens
663 944 94 28 begäran
770 944 152 28 tillförordnas
934 944 29 28 af

285 980 163 27 öfverstyrelsen
465 979 41 27 för
524 981 50 27 väg-
589 979 37 21 och
640 979 320 26 vattenkommunikationerna;

284 1016 56 19 samt

352 1049 41 20 4:0.
415 1048 36 22 Då
467 1048 67 22 beslut
550 1055 32 15 om
592 1047 140 29 försäljning
747 1047 29 28 af
780 1048 95 28 jernväg
885 1049 76 21 vunnit

285 1083 51 27 laga
350 1082 63 27 kraft
428 1082 37 22 och
481 1082 32 21 tid
525 1083 40 27 för
581 1082 114 22 auktionen
719 1082 72 28 blifvit
805 1085 75 24 utsatt,
896 1082 65 22 hvar-

285 1124 33 14 om
332 1118 131 26 guvernören
480 1124 49 20 eger
550 1119 32 19 att
598 1116 156 28 ofördröjligen
769 1116 35 21 till
821 1116 92 22 Senaten
927 1118 33 20 in-

287 1150 88 26 berätta,
386 1150 55 22 skall
453 1150 124 28 kungörelse
592 1150 29 28 af
631 1150 35 22 det
681 1150 97 22 innehåll
792 1151 15 27 $
822 1152 12 20 6
850 1152 8 19 i
868 1151 93 26 förord-

287 1185 79 27 ningen
388 1184 30 28 af
436 1185 39 21 den
497 1186 29 20 23
544 1184 49 22 Juli
609 1186 57 20 1868
683 1185 153 27 föreskrifver,
851 1184 110 28 införas
951 1180 14 36 i

287 1219 84 21 landets
386 1219 94 28 officiela
495 1220 113 27 tidningar
624 1222 32 18 ire
680 1220 88 27 gänger,
784 1219 75 27 första
877 1220 84 27 gängen

287 1253 64 20 minst
366 1254 34 20 två
415 1253 104 21 månader
533 1253 39 21 och
586 1254 55 19 sista
660 1254 84 29 gången
760 1254 66 19 minst
841 1256 31 17 tre
887 1254 74 20 veckor

283 1285 51 28 före
355 1286 120 21 auktionen.
511 1286 85 26 Häftar
613 1286 121 28 jernvägen
751 1286 41 26 för
808 1287 37 20 län
860 1288 42 19 mot
912 1287 49 27 för-

287 1319 140 29 skrifningar
442 1320 71 22 stälda
529 1322 32 19 att
576 1319 54 29 efter
645 1320 92 28 lottning
752 1320 89 27 inlösas,
851 1320 38 22 och
899 1320 62 27 skall,

287 1355 68 28 enligt
370 1356 26 20 de
406 1354 42 29 för
471 1356 56 21 länet
539 1355 122 28 faststälda
680 1355 74 27 vilkor,
771 1362 32 15 om
817 1356 144 28 utlottningen

288 1389 179 29 tillkännagifvas
482 1391 9 20 i
505 1390 71 28 någon
591 1392 57 19 utom
669 1390 73 21 landet
756 1390 149 22 utkommande
921 1390 40 22 tid-

288 1425 60 27 ning,
362 1424 65 21 varde
441 1424 66 28 sagde
521 1424 125 28 kungörelse
660 1425 83 28 jemväl
758 1425 8 21 i
780 1432 82 14 samma
877 1425 85 28 tidning

289 1458 13 21 å
317 1465 29 14 nu
362 1458 106 28 stadgade
483 1459 99 20 terminer
597 1459 165 28 offentliggjord.

357 1493 54 22 Sker
433 1493 19 28 ej
468 1493 138 28 försäljning
625 1493 36 21 vid
681 1493 40 21 den
736 1493 96 26 auktion,
847 1499 43 16 som
901 1493 60 28 först
