1045 1703
227 162 13 18 4
526 160 57 22 N:o
599 160 31 22 8.

199 230 73 19 vatten
289 234 49 15 vare
354 230 64 24 ägare
434 228 22 21 af
469 228 75 21 frälse-
561 229 38 20 och
619 228 119 26 skattejord
754 229 56 20 samt
824 227 128 22 kronohem-

199 262 103 21 mansåbo
326 262 110 21 äfvensom
456 269 26 14 en
500 263 52 20 hvar
567 263 48 20 med
628 262 141 27 jordägarens
785 262 104 27 tillstånd,
905 262 24 21 så
944 263 8 20 i

201 297 47 20 stad
265 302 44 15 som
326 296 27 27 på
368 296 79 23 landet,
464 297 122 26 berättigad
601 298 32 19 att
648 296 48 21 fritt
711 297 99 26 anlägga;
823 297 55 20 dock
890 297 63 26 skall,

201 331 36 20 vid
251 331 135 26 uppförande
401 331 23 21 af
438 331 66 20 sådan
520 331 118 26 inrättning
653 331 8 20 i
676 331 47 21 stad
740 330 52 22 eller
807 331 13 20 å
835 331 49 21 dess
896 331 57 20 afrö-

201 364 52 22 sade
267 364 68 26 mark,
356 364 99 27 gällande
470 364 204 27 byggnadsordning
688 364 116 27 iakttagas,
829 366 55 20 samt
899 365 7 20 i
922 364 31 21 af-

200 398 78 22 seende
300 399 13 21 &
335 399 125 26 inrättning,
485 405 45 14 som
553 399 78 21 drifves
651 399 48 21 med
717 399 107 26 ångkraft,
840 399 64 21 lända
919 398 33 22 till

201 433 143 21 efterrättelse
367 433 55 21 hvad
446 433 32 21 till
501 433 174 22 förekommande
698 433 23 21 af
735 432 82 22 eldfara
832 434 52 20 eller
898 433 55 21 väda

200 467 34 21 för
257 468 26 20 Nf
304 467 39 21 och
362 467 60 21 helsa
440 468 67 20 redan
523 470 23 18 är
562 468 51 21 eller
629 467 115 21 framdeles
759 467 42 21 kan
816 468 67 20 varda
897 467 56 22 före-

201 501 96 21 skrifvet.

272 569 43 21 Vill
331 571 64 25 ägare
411 570 23 20 af
448 570 67 21 sådan
530 576 73 20 gvarn,
621 576 45 15 som
681 570 7 20 i
706 571 9 19 1
728 570 11 26 &
751 572 93 24 nämnes,
856 570 98 26 begagna

201 604 124 21 densamma
340 604 33 20 till
388 604 130 26 förmalning
533 604 23 21 af
570 604 38 20 säd
623 604 85 21 utöfver
723 606 49 24 eget
787 603 65 22 behof
866 604 40 21 och
919 604 34 21 till

201 638 70 21 afsalu
295 638 52 20 eller
362 639 58 20 emot
435 638 46 25 tull,
498 639 55 20 skall
568 638 146 26 inrättningen
731 638 138 21 derförinnan
885 638 68 21 skatt-

201 671 74 27 läggas
291 672 6 20 i
314 672 41 21 den
371 672 91 26 ordning
478 672 103 21 särskildt
596 674 23 19 är
636 672 107 26 stadgadt.
763 672 47 21 Den
826 672 65 26 skatt,
907 678 46 15 som

201 706 52 21 derä
275 708 75 24 sättes,
372 706 35 21 mä
423 706 17 27 ej
457 706 130 21 bestämmas
603 706 59 27 lägre
678 708 26 19 än
719 706 42 21 fem
777 706 52 21 eller
844 706 66 27 högre
926 708 27 19 än

201 740 30 21 tio
247 739 34 22 för
296 740 84 21 hundra
394 740 24 21 af
431 740 157 27 inrättningens
603 741 124 20 beräknade
741 740 163 21 medelinkomst
920 740 35 21 för

201 774 53 21 året.
656 777 2 2 |

274 803 39 20 Om
330 809 92 20 qvarnar
437 803 12 20 å
464 803 157 21 frälsesäterier
637 803 39 21 och
692 803 121 22 stadsmark
828 803 56 27 gälle
898 803 56 21 hvad

201 837 58 21 förut
275 837 67 22 finnes
358 837 143 22 föreskrifvet.

555 900 11 27 8
582 902 18 19 3.

272 939 61 22 Hvad
349 940 7 20 i
372 941 13 19 4
401 939 11 27 $
428 941 27 20 20
471 940 48 26 kap.
536 939 23 22 B.
578 940 23 20 B.
625 945 34 15 om
682 940 130 26 anläggning
835 940 22 21 af
878 940 76 20 väder-

203 980 92 21 gvarnar
310 974 95 26 stadgas,
422 976 24 19 är
461 974 124 27 härigenom
601 973 122 28 upphäfvet.

202 1084 112 26 Förslag
330 1084 44 20 till
393 1084 164 26 förordning,
575 1081 136 29 angäende
730 1084 82 21 sättet
827 1084 49 21 och
892 1084 59 21 ord-

240 1118 100 26 ningen
355 1118 41 21 för
411 1118 204 26 skattläggning
630 1117 30 21 af
671 1118 183 26 mjölgvarnar
869 1118 49 21 och

275 1152 234 26 sädesstampverk
524 1152 61 21 med
599 1158 88 15 annan
703 1152 131 21 drifkraft
850 1154 34 19 än

345 1188 100 24 vatten,
460 1186 137 22 äfvensom
611 1186 162 26 förmedling
788 1187 30 20 af

409 1220 72 22 förut
496 1218 71 24 äsatt
582 1221 167 25 gvarnskatt.

557 1284 46 25 81

275 1322 43 21 Vill
334 1323 64 26 ägare
414 1322 23 20 af
450 1322 120 26 mjölgvarn
585 1322 52 21 eller
652 1322 187 27 sädesstampverk
854 1322 49 21 med
919 1328 37 15 an-

203 1363 42 15 nan
261 1356 105 21 drifkraft
381 1358 27 19 än
424 1358 73 20 vatten
512 1357 97 26 begagna
625 1356 145 27 inrättningen
781 1357 33 20 till
826 1356 129 27 förmalning

204 1391 23 22 af
241 1391 38 21 säd
294 1391 85 21 utöfver
395 1393 49 24 eget
458 1391 67 22 hehof
538 1391 39 22 och
592 1391 33 21 till
641 1391 70 22 afsalu
719 1391 53 22 eller
784 1393 57 20 emot
852 1391 47 27 tull,
908 1392 46 26 bör,

204 1427 7 20 i
233 1425 101 22 afseende
357 1426 13 21 å
392 1426 49 21 dess
464 1426 167 27 skattläggning,
655 1425 95 28 skriftlig
772 1426 120 27 ansökning
907 1426 48 21 med

204 1460 87 27 uppgift
312 1460 13 21 &
343 1460 157 27 inrättningens
515 1460 147 21 beskaffenhet
677 1461 104 20 inlemnas
796 1461 34 20 till
846 1460 110 21 Guvernö-

203 1501 37 15 ren
256 1494 8 21 i
279 1495 64 26 länet,
360 1495 12 20 å
387 1493 87 22 hvilken
497 1495 36 20 det
556 1495 123 21 ankommer
698 1497 33 19 att
748 1495 33 21 till
798 1495 66 21 sådan
888 1495 68 21 skatt-
