1028 1700
217 148 13 20 6
512 148 54 22 N:o
582 147 28 22 3.

509 221 15 18 3
543 221 75 22 Kap.

378 260 35 23 Om
429 260 150 29 efterbildning
593 260 24 23 af
628 260 135 24 konstalster.

533 313 11 28 8
562 314 31 21 15.

261 353 24 27 Ej
301 353 35 20 mä
351 353 69 26 någon
437 353 31 21 till
484 353 127 28 försäljning
626 353 108 27 eftergöra
749 353 103 26 originala
863 353 73 21 konst-

189 387 51 21 verk
255 387 68 21 under
339 387 141 21 konstnärens
495 388 74 26 lifstid,
581 387 89 22 säframt
680 387 178 27 efterbildningen
873 388 64 21 hörer

190 422 32 21 till
239 428 81 15 samma
335 422 98 21 konstart
449 429 45 14 som
510 423 119 26 originalet.

261 456 158 27 Efterbildning
434 462 50 15 vare
500 457 17 26 ej
534 456 59 27 loflig
607 457 129 27 derisenom,
752 458 32 19 att
799 457 40 21 den
855 457 81 20 utföres

189 491 7 21 i
216 497 69 15 annan
304 491 81 21 storlek
405 493 26 19 än
451 491 130 27 originalets,
605 492 53 21 eller
680 494 32 19 att
734 492 72 21 dertill
828 491 109 22 användas

189 525 131 22 materialier
342 525 23 21 af
385 528 65 19 annat
472 527 53 26 slag,
549 527 18 26 ej
586 526 67 21 heller
672 526 123 27 derigenom
815 527 31 20 att
864 526 8 21 i
887 526 50 21 den-

190 566 80 15 samma
293 560 98 27 vidtagas
415 561 132 26 oväsentliga
566 560 150 28 förändringar
734 561 39 21 och
793 560 75 27 tillägg
886 560 52 21 eller

189 594 164 27 uteslutningar,
370 594 87 27 sälänge
473 595 40 22 den
529 595 54 21 dock
601 595 33 21 till
652 595 94 21 innehäll
765 594 38 22 och
822 594 116 22 framställ-

189 628 51 27 ning
255 628 118 21 bibchäller
388 629 135 27 egenskapen
539 629 22 21 af
575 629 157 26 efterbildning.

533 693 11 26 $
563 694 30 19 16.

262 732 110 21 Konstnär
386 731 61 21 hafve
464 732 39 21 ock
518 732 136 21 uteslutande
670 733 44 19 rätt
731 733 32 19 att
781 732 91 21 medelst
887 731 51 27 kop-

190 766 101 27 parstiek,
312 765 114 28 stentryck,
448 766 93 26 träsnitt,
561 765 106 27 fotografi,
686 766 120 27 afgjutning
828 765 52 22 eller
902 772 36 14 an-

191 800 98 21 norledes
313 800 44 21 låta
380 800 103 26 ätergifva
503 800 39 21 och
560 800 145 27 mångfaldiga
724 799 176 27 efterbildningar
918 800 23 20 af

190 835 53 20 hans
267 834 105 27 originala
391 834 115 21 konstverk
527 834 66 21 delvis
613 834 52 21 eller
683 834 6 21 i
708 834 62 21 deras
789 834 78 26 helhet,
884 835 56 20 samt

191 869 32 20 att
238 868 68 21 denna
321 870 45 19 rätt
381 868 31 21 till
429 874 69 15 annan
514 868 110 21 öfverläta.

262 903 75 20 Denna
352 902 103 27 rättighet
470 903 152 26 tillgodonjute
641 903 104 20 konstnär
763 903 67 20 under
846 903 33 20 sin
894 902 46 21 lifs-

191 937 31 20 tid
241 937 39 20 och
298 937 54 20 hans
371 936 194 21 rättsinnehafvare
585 937 73 20 trettio
678 937 24 20 är
717 937 54 20 efter
786 937 53 20 hans
855 937 42 20 död
912 936 28 27 pä

192 972 42 19 sätt
250 977 34 14 om
299 971 112 20 författare
428 970 101 26 stadgadt
544 972 30 19 är.

263 1005 117 20 Fnahanda
402 1005 105 26 rättighet
529 1005 118 20 tillkomme
670 1005 39 20 ock
729 1005 46 25 den,
797 1010 44 15 som
864 1011 76 20 genom

192 1039 146 27 kopparstick,
360 1039 116 26 stentryck,
493 1039 88 21 träsnitt
600 1039 51 21 eller
670 1045 69 15 annan
758 1039 100 21 liknande
877 1039 64 21 konst

193 1073 109 27 ätergifvit
318 1073 57 26 verk,
392 1073 33 21 till
441 1073 63 21 hvars
519 1073 187 27 mängfaldigande
722 1079 69 15 annan
807 1073 17 27 ej
840 1073 40 21 har
895 1075 45 19 ute-

193 1107 97 21 slutande
306 1108 53 21 rätt;
376 1107 54 21 dock
445 1114 50 14 vare
511 1107 79 21 enhvar
605 1107 101 27 obetaget
720 1109 33 19 att
770 1107 29 27 pä
817 1113 80 15 samma
913 1108 28 20 cl-

193 1143 31 20 ler
240 1142 101 21 liknande
357 1143 43 20 sätt
415 1142 146 27 sjelfständigt
576 1142 114 21 efterbilda
705 1142 119 26 originalet.

538 1206 11 27 $
567 1207 32 19 17.

265 1242 103 29 Öfvergär
384 1245 116 20 konstverk
515 1245 6 20 i
539 1251 80 14 annans
635 1251 46 20 ego,
698 1251 50 14 vare
767 1245 130 20 konstnären
913 1245 28 20 el-

193 1280 32 20 ler
239 1279 54 21 hans
308 1279 194 20 rättsinnehafvare
523 1279 54 20 dock
596 1279 47 20 icke
661 1278 113 27 förlustige
793 1279 40 20 den
852 1279 7 20 i
875 1279 24 27 88
917 1280 24 19 15

193 1313 39 22 och
249 1315 25 19 16
294 1313 127 21 omnämnda
440 1314 43 20 rätt
503 1313 32 20 till
555 1312 150 22 konstverkets
725 1312 155 22 efterbildande
903 1313 39 21 och

194 1348 193 28 mängfaldigande,
404 1348 37 21 der
457 1348 18 27 ej
492 1348 133 21 annorlunda
640 1347 71 22 blifvit
726 1347 95 22 aftaladt.

539 1411 11 29 8
568 1413 31 20 18.

266 1454 74 21 Under
355 1453 41 22 den
410 1453 31 21 tid
451 1453 7 21 i
469 1453 11 27 $
493 1454 25 21 16
528 1454 94 25 nämnes,
638 1453 34 21 mä
688 1453 197 27 byggnadsritning,
897 1459 45 16 som

194 1489 113 28 uppgjorts
323 1488 33 22 för
372 1494 53 21 egen
439 1488 92 27 räkning
547 1488 52 21 eller
613 1487 28 29 pä
656 1494 81 15 annans
756 1487 135 28 beställning,
908 1494 35 16 en-
