1023 1714
239 158 13 21 2
422 156 29 24 U.
468 156 26 24 B.
510 170 27 3 —
552 157 74 29 Prop.
642 156 44 23 N:o
701 157 36 22 12.

212 228 38 21 och
265 227 249 27 landtbrukssällskapen
528 227 47 21 haft
589 228 32 20 att
635 226 33 22 för
683 228 81 20 statens
780 226 96 28 räkning,
891 226 67 28 enligt

210 262 281 27 Jordbruksexpeditionens
510 261 142 27 föreskrifter,
669 261 78 27 utföra,
762 261 80 21 bestått
858 261 52 26 deri,
926 262 31 20 att

210 297 122 27 sällskapen
352 296 123 22 öfvervakat
492 298 81 20 statens
592 295 164 28 mejeriskolors,
780 296 119 26 länedejors
918 296 38 21 och

210 331 204 28 ploginstruktörers
435 331 136 22 verksamhet
589 332 54 20 samt
661 330 95 28 Nylands
772 330 40 22 och
826 330 130 22 Tavastehus

210 366 47 22 läns
280 366 222 28 landtbrukssällskap
525 366 102 22 särskildt
645 365 104 21 handhaft
765 365 111 22 inseendet
898 365 59 21 öfver

208 400 192 28 jordbruksskolan
418 401 8 21 i
444 400 95 28 Nylands
557 400 41 27 län,
617 400 111 21 hvarutom
744 400 120 27 sällskapen
880 400 27 27 på
922 406 36 15 an-

210 436 77 20 modan
298 435 22 21 af
332 435 104 27 styrelsen
446 435 137 21 föranstaltat
592 434 204 27 landtbruksmöten,
807 434 151 28 tillhandagått

210 470 121 27 Kejserliga
345 470 92 21 Senaten
448 470 38 22 och
496 469 269 27 Jordbruksexpeditionen
776 470 48 20 med
834 469 123 22 infordrade

210 504 152 28 upplysningar
380 504 7 21 i
406 504 143 28 hvarjehanda
566 504 127 28 jordbruket
711 504 39 21 och
769 504 49 21 dess
836 504 122 27 binäringar

210 540 90 21 rörande
315 538 73 28 frågor
403 541 56 20 samt
473 538 99 23 aflemnat
587 539 123 22 utlåtanden
726 539 39 22 och
778 539 80 28 förslag
868 539 8 21 i
886 539 72 28 dylika

211 575 100 20 ärenden.

278 677 32 22 På
324 678 43 21 sätt
381 677 79 28 nådiga
474 678 158 27 propositionen
648 677 97 28 utförligt
761 677 141 27 omförmäler,
922 677 36 22 be-

212 713 55 21 slöto
287 712 120 22 Ständerna
426 713 35 21 vid
480 712 141 22 1863—1864
639 713 39 20 och
697 713 54 21 1867
771 713 35 20 års
824 712 133 27 landtdagar,

211 749 33 20 att
262 747 24 22 af
304 747 41 22 den
363 747 33 21 till
415 747 120 27 fördelning
549 747 79 22 mellan
642 747 63 22 länen
720 747 111 21 bestämda
846 748 76 26 anpart
937 747 23 21 af

210 781 185 23 bränvinsskatten
414 788 26 15 en
459 782 34 21 del
514 782 69 21 skulle
601 781 87 22 tillfalla
707 782 73 27 hvarje
799 781 46 22 läns
863 781 95 22 hushåll-

210 817 71 27 nings-
300 817 54 21 eller
372 816 228 27 landtbrukssällskap,
619 816 34 21 till
671 816 120 27 främjande
806 817 23 20 af
843 817 49 20 dess
907 823 50 20 gag-

210 851 72 28 neliga
299 851 141 22 verksamhet.
471 851 189 22 Bränvinsskatten
680 852 47 25 steg
746 850 126 27 emellertid,
891 851 68 21 under

211 887 27 21 då
252 886 94 22 rådande
361 885 153 27 förhållanden,
533 886 48 21 icke
601 885 24 22 så
642 886 57 26 högt,
715 886 38 25 att,
769 885 67 28 enligt
850 886 41 21 den
906 885 52 22 fast-

212 922 70 21 stälda
296 921 117 27 ordningen
427 921 34 21 för
476 921 49 22 dess
535 921 144 26 användande,
690 921 71 26 någon
772 921 34 21 del
818 921 61 21 deraf
887 921 71 21 kunde

211 957 79 21 mellan
310 956 64 21 länen
395 955 100 22 fördelas.
526 956 41 21 Vid
587 956 54 21 1872
661 955 34 22 års
714 955 110 27 landtdag,
844 955 27 22 då
890 962 25 15 en
930 955 28 22 fix

211 997 82 15 summa
311 990 23 22 af
352 991 193 26 bränvinsskatten,
561 992 32 20 att
607 991 7 20 i
629 990 43 21 viss
688 990 90 27 ordning
793 989 57 28 utgå,
865 990 93 21 bestäm-

212 1026 37 22 des
259 1026 33 21 till
302 1026 119 26 fördelning
431 1026 79 21 mellan
519 1026 151 21 kommunerne
679 1025 8 21 i
697 1025 79 26 landet,
787 1024 34 22 för
830 1026 33 20 att
872 1025 33 21 till
912 1026 46 26 nyt-

211 1060 45 28 tiga
269 1060 135 22 kommunala
419 1060 66 22 behof
497 1060 114 27 användas,
626 1060 66 22 fästes
708 1060 74 21 dervid
796 1060 47 21 icke
853 1066 59 16 mera
922 1060 36 21 nå-

212 1096 36 25 got
263 1094 105 22 förbehåll
382 1095 33 21 till
426 1094 156 28 hushållnings-
593 1094 39 22 och
643 1094 262 28 landtbrukssällskapens
916 1095 42 21 för-

213 1136 54 15 mon.
289 1129 65 21 Utom
369 1129 26 22 de
410 1129 22 21 af
447 1130 55 21 1872
517 1130 34 20 års
567 1130 91 21 Ständer
673 1129 32 21 till
721 1130 48 20 stöd
779 1129 73 21 härför
862 1129 95 26 anförda,

212 1163 131 23 fortfarande
365 1163 75 27 giltiga
462 1164 52 26 skäl,
540 1170 62 15 anser
623 1164 111 21 Utskottet
753 1164 62 21 äfven
836 1163 53 21 böra
901 1164 7 21 i
922 1164 35 21 be-

212 1198 113 22 traktande
340 1200 60 24 tagas
416 1198 39 21 den
472 1199 57 21 stora
540 1198 129 26 förändring,
679 1204 46 15 som
735 1197 95 22 inträffat
840 1198 6 21 i
857 1198 101 22 afseende

213 1233 13 21 å
243 1233 139 21 statsverkets
404 1232 117 22 inkomster
543 1233 38 21 och
603 1232 115 28 tillgångar
740 1232 66 22 sedan
829 1233 127 21 sextiotalet.

213 1267 77 21 Medan
308 1267 68 20 under
394 1267 130 20 sistnämnda
538 1267 96 20 årtionde
649 1266 7 20 i
671 1266 54 26 följd
739 1266 23 21 af
776 1266 125 21 missväxter
919 1266 38 21 och

214 1306 136 20 ogynsamma
364 1300 243 27 handelskonjunkturer
623 1300 140 21 statsverkets
777 1300 117 21 inkomster
907 1306 50 16 voro

213 1334 84 28 knappa
308 1334 38 22 och
358 1334 148 27 otillräckliga,
514 1335 63 21 hafva
589 1335 107 22 desamma
706 1336 68 21 under
785 1335 26 21 de
822 1341 74 16 senare
907 1335 50 21 åren

215 1369 139 27 regelbundet
374 1368 78 23 influtit
469 1370 39 21 och
526 1370 6 20 i
551 1370 94 27 betydlig
663 1376 48 15 mon
732 1370 98 21 tillvuxit.
864 1369 39 23 Om
922 1370 36 22 det

215 1404 84 21 derföre
317 1404 33 21 för
368 1404 141 22 1863—1864
527 1404 39 22 och
587 1405 54 21 1867
660 1405 34 21 års
711 1404 91 22 Ständer
816 1404 61 22 fanns
892 1404 64 28 giltig

214 1438 114 28 anledning
342 1440 32 20 att
387 1438 78 28 bevilja
480 1438 62 22 äfven
557 1439 80 22 sådana
647 1439 79 28 anslag,
738 1445 45 16 som
794 1440 67 21 under
872 1440 84 27 vanliga

215 1473 146 22 förhållanden
379 1480 61 21 synas
458 1473 52 22 böra
528 1474 51 27 utgå
598 1474 23 22 af
638 1474 140 22 statsverkets
793 1474 105 22 ordinarie
912 1474 42 23 till-

282 1513 125 18 Statsutskottets
419 1513 101 18 betänkande
531 1514 33 17 N:o
577 1513 18 18 2.
