1025 1698
299 129 29 21 U.
345 114 33 47 B.
394 140 16 3 —
424 128 78 28 Prop.
521 128 42 22 N:o
573 114 36 47 11.
772 128 26 21 18

76 190 7 21 i
98 190 49 21 stad
161 190 94 21 förutom
271 191 10 20 1
297 190 38 22 öre
348 190 9 21 i
371 189 137 29 äkdonslega,
523 190 39 22 allt
576 190 34 22 för
617 190 36 22 hel
667 190 44 27 mil,
719 190 48 22 med
775 191 53 21 tem-

78 224 29 28 lig
122 224 101 21 säkerhet
237 223 68 28 pästä,
321 225 33 20 att
368 224 41 21 den
424 223 77 29 ansägs
517 224 50 22 fullt
581 224 116 29 tillräcklig
712 224 71 22 säsom
794 231 33 14 ve-

77 257 133 28 dergällning
225 258 33 20 för
273 258 42 21 den
330 257 101 28 ätnjutna
445 258 100 27 tjensten.
576 258 81 22 Genom
670 258 123 28 jemförelse
806 258 23 21 af

77 291 41 21 den
132 291 72 21 tidens
223 291 185 28 markegängspris
431 291 13 22 &
463 290 98 29 spanmä!
576 292 40 21 och
630 292 28 22 hö
672 292 49 22 med
736 294 91 19 motsva-

77 326 68 21 rande
167 325 187 28 markegängspris
369 325 8 21 i
391 325 86 28 Sverige
496 325 52 23 ären
565 326 113 22 1854—56
693 326 134 22 beräknades

78 360 34 25 dä,
126 361 33 21 att
173 362 16 19 t.
204 366 32 15 ex.
252 360 63 28 legan
338 359 29 29 pä
387 360 74 24 landet
483 360 69 22 skulle
570 362 108 20 motsvara
693 360 92 28 ungefär
800 360 27 22 36

78 394 86 28 skilling
178 394 70 22 banko
265 395 57 26 (—=1
333 394 68 22 krona
417 394 26 22 12
458 395 47 28 öre)
518 394 25 22 är
556 395 56 21 1856
624 401 35 15 om
667 394 104 29 spanmä!,
779 401 48 15 men

78 430 26 20 37
121 428 86 28 skilling
218 429 70 21 banko
303 436 35 14 om
352 429 28 21 hö
395 430 59 26 tages
469 429 34 21 till
518 429 157 26 värdemätäre;
697 429 40 21 och
753 433 75 23 genom

78 463 112 22 enahanda
201 462 123 29 jemförelse
339 463 48 21 med
403 462 209 29 markegängspriset
626 462 14 22 &
653 462 98 28 spanmäl
765 463 8 21 i
781 457 47 27 Åbo

78 498 35 21 län
137 497 121 21 beräknade
280 496 25 22 är
328 498 54 20 1867
406 497 37 21 det
463 497 89 26 utskott,
571 497 33 21 till
619 498 64 21 hvars
698 497 130 27 behandling

78 531 161 29 propositionen
253 532 8 20 i
276 531 59 22 detta
350 531 79 22 ärende
444 532 34 21 vid
493 531 67 28 sagda
574 530 36 23 ärs
624 531 104 29 landtdag
744 538 36 15 var
795 537 32 16 re-

79 566 107 25 mitterad,
202 567 32 20 att
250 566 55 20 1734
321 564 36 22 års
371 566 48 27 lega
430 566 68 21 skulle
510 567 118 21 motsvarat
637 567 10 20 1
658 565 61 22 mark
727 566 28 21 42
763 565 64 28 penni

80 600 24 21 år
120 600 63 25 1867,
206 600 80 21 hvilket
308 600 39 21 allt
365 599 68 22 under
452 600 156 25 förhållanden,
623 599 29 22 dä
665 599 116 22 tillfällena
795 600 33 20 till

78 633 208 29 penningeförtjenst
300 633 47 22 icke
362 640 50 15 voro
428 633 135 28 synnerligen
577 633 135 28 förmänliga,
723 633 61 22 torde
792 640 37 15 an-

80 669 52 20 setts
151 667 65 22 hafva
233 667 84 28 utgjort
336 667 40 22 full
390 667 119 28 ersättning
524 667 33 22 för
572 667 153 28 prestationen,
740 669 31 20 ett
786 667 43 22 för-

80 701 107 26 hållande,
210 709 45 14 som
276 701 125 29 ytterligare
419 701 110 29 bestyrkes
544 701 24 22 af
581 702 128 27 stadgandet
723 701 7 22 i
746 703 13 20 8
774 703 12 26 $
801 702 28 21 28

80 736 49 28 kap.
145 736 24 21 B.
186 736 31 25 B.,
233 737 33 20 att
280 736 64 27 ingen
360 735 69 22 skulle
444 736 34 21 vid
493 743 79 15 ansvar
586 735 22 22 få
624 735 158 28 ”gästgifvaren
795 735 34 22 till

80 771 64 21 mehn
160 769 12 22 &
188 770 108 21 allmänna
310 771 66 26 vägar
391 770 74 22 hästar
479 770 94 28 utlega.”
596 769 33 22 Då
640 770 189 28 myntförsämring

79 805 122 21 sedermera
215 803 51 23 kort
279 804 68 28 derpä
361 804 121 26 inträffade,
497 805 75 27 höjdes
588 804 133 27 skjutslegan
736 803 24 22 är
774 805 54 20 1756

80 839 32 21 till
136 839 27 21 12
186 839 36 21 öre
244 837 29 29 pä
294 838 80 26 landet,
397 845 45 15 som
462 839 115 21 beräknats
592 840 108 20 motsvara
714 845 57 21 resp.
787 845 44 15 om-

79 872 63 28 kring
157 873 27 21 26
205 873 40 21 och
260 873 28 21 28
304 872 85 28 skilling
404 873 70 21 banko
489 872 24 22 är
531 873 63 25 1856,
611 872 140 22 allteftersom
767 880 62 20 span-

80 906 43 21 mål
145 906 51 22 eller
218 906 28 22 hö
268 909 60 25 tages
350 907 33 21 till
405 907 154 21 värdemätare.
589 902 69 26 Äfven
673 905 79 23 efteråt
766 906 64 22 hafva

80 940 158 28 skjutslegorna
260 940 32 22 tid
313 940 56 22 efter
388 948 71 14 annan
475 940 71 22 blifvit
560 941 72 27 höjda,
647 947 49 15 men
711 940 37 22 det
761 940 68 22 måste

80 975 82 21 lemnas
184 975 88 26 derhän,
288 974 33 22 till
343 975 86 21 hvilken
451 975 53 27 grad
523 974 186 23 missförhållande
724 976 37 26 egt
775 982 54 18 rum,

80 1009 67 21 innan
162 1008 68 22 sådan
244 1008 76 28 åtgärd
335 1009 107 27 vidtagits.
472 1010 42 20 Det
529 1008 65 22 säkra
608 1010 31 24 är,
655 1010 38 24 att,
708 1010 78 20 medan
801 1008 30 22 le-

81 1050 42 21 gan
138 1042 128 22 åtminstone
281 1050 27 14 en
322 1043 31 21 tid
369 1042 129 28 någotsånär
512 1044 118 20 motsvarat
645 1043 37 21 det
696 1043 77 21 besvär
781 1043 50 22 den-

82 1084 82 15 samma
178 1077 71 21 skolat
264 1077 109 28 godtgöra,
389 1076 144 22 förhållandet
548 1084 89 14 numera
651 1076 48 22 icke
710 1078 25 20 är
743 1076 88 28 sådant
822 1072 13 37 ;

82 1111 40 21 och
144 1111 36 22 det
195 1111 43 21 kan
250 1111 54 21 med
320 1111 47 21 skäl
382 1112 68 20 sättas
465 1112 7 20 i
487 1111 62 28 fråga
564 1111 106 21 huruvida
684 1118 50 14 man
748 1111 81 22 hädan-

82 1146 55 21 efter
159 1145 41 21 kan
223 1145 48 22 med
293 1145 101 27 förhöjda
415 1145 59 28 legor
491 1145 67 28 bjuda
570 1145 205 28 jordlägenheterna
788 1145 43 21 till-

82 1179 82 28 räcklig
180 1179 119 28 ersättning
314 1186 33 14 om
363 1179 234 27 skjutsningsbesväret
611 1180 87 26 utgöres
712 1179 22 21 in
747 1180 84 20 natura.

83 1212 172 23 Förhållandena
269 1213 7 21 i
291 1213 86 27 Sverige
401 1220 62 21 synas
486 1213 51 28 tyda
554 1212 34 28 på,
605 1214 31 20 att
651 1213 62 21 äfven
729 1212 105 29 betydligt

84 1248 143 27 uppstegrade
246 1247 130 28 skjutslegor
391 1247 46 21 icke
452 1247 84 21 kunnat
550 1247 112 21 förhindra
677 1248 32 20 att
723 1247 60 22 detta
797 1247 36 21 be-

83 1282 49 22 svär
146 1282 81 22 kännes
242 1282 128 28 tryckande;
393 1282 39 21 och
447 1282 7 21 i
470 1282 76 27 sjelfva
561 1281 73 21 verket
650 1282 24 20 är
690 1282 142 28 anledningen

82 1316 34 20 till
138 1316 40 20 den
201 1316 134 25 företeelsen,
352 1318 32 18 att
399 1323 80 13 samma
493 1316 107 26 åtgärder,
617 1322 45 15 som
677 1316 8 20 i
701 1316 60 21 äldre
777 1315 56 22 tider

83 1349 147 22 ästadkommo
243 1349 118 27 väsendtlig
373 1349 90 25 lättnad,
476 1355 90 15 numera
577 1349 19 27 ej
611 1348 98 21 medföra
719 1349 114 20 enahanda

82 1384 98 26 resultat,
196 1384 47 21 icke
258 1383 49 22 svår
322 1385 33 20 att
369 1383 63 21 finna.
463 1383 10 21 I
488 1383 61 22 äldre
564 1383 56 20 tider
635 1389 38 15 var
688 1382 145 28 afsättningen

83 1417 29 29 på
126 1417 258 29 landtmannaprodukter
399 1419 61 26 ringa
475 1418 40 21 och
531 1417 89 21 förenad
635 1416 47 23 med
695 1415 138 30 svårigheter,

152 1465 138 18 Sammansatta
302 1463 50 24 Lag-
365 1465 31 17 och
409 1463 183 19 Ekonowiwtskoltets
604 1463 113 18 betänkande
729 1463 36 18 N:
780 1462 19 19 4,
