1023 1709
340 108 24 23 U.
378 109 23 35 B.
417 122 28 4 —
459 110 63 28 Prop.
538 108 36 24 N:o
589 108 34 24 20.
794 112 26 20 17

100 172 182 27 hemsändningen
296 172 49 22 med
360 172 124 28 fångskjuts,
499 173 8 21 i
522 172 81 22 hvilket
616 172 40 22 fall
670 173 80 22 kronan
764 173 84 22 komme

101 208 33 20 att
151 206 105 28 förskjuta
274 206 149 28 kostnaderna,
439 207 37 21 vill
491 207 37 21 det
542 212 63 22 synas
620 207 70 22 såsom
704 213 51 17 vore
770 208 79 22 menin-

101 247 42 21 gen
165 242 33 20 att
215 240 242 28 fattigvårdssamhället
474 240 60 28 sjelft
550 240 126 23 hädanefter
693 241 67 22 borde
778 241 72 22 ombe-

101 275 59 27 sörja
174 273 176 29 fortskaffningen
364 276 55 21 ända
432 275 34 22 till
480 274 147 28 fattighjonets
637 275 84 22 hemort
730 275 40 23 och
780 275 8 22 i
797 275 54 28 följd

102 310 62 21 deraf
178 309 58 27 sjelft
250 309 106 27 förskjuta
370 309 149 27 kostnaderna,
534 309 73 22 hvilka
621 309 99 27 derefter,
732 310 7 21 i
747 310 103 21 händelse

101 345 27 21 de
144 344 19 27 ej
179 344 93 27 utginge,
289 343 69 22 skulle
377 346 76 19 stanna
467 344 36 22 det
517 344 158 22 hemsändande
690 344 114 22 samhället
816 345 34 21 till

102 379 48 21 last.
180 378 110 22 Utskottet
304 379 42 21 kan
362 378 18 27 ej
395 378 58 22 finna
467 379 36 22 det
517 378 71 27 billigt
602 380 32 20 att
644 379 68 21 denna
722 380 72 25 tunga,
805 384 46 17 som

101 413 69 21 under
184 413 126 22 missväxter
324 413 43 21 kan
381 412 67 23 blifva
463 413 49 22 svår
526 419 48 20 nog,
590 413 55 21 skall
660 413 82 22 drabba
755 412 96 23 kommu-

101 453 73 16 nerna.

170 481 34 21 En
221 481 93 22 likartad
333 481 138 26 anmärkning
490 481 68 27 gäller
576 481 26 22 de
620 481 133 27 stadganden
768 482 7 20 i
791 481 11 28 $
817 482 34 25 28,

102 515 68 28 enligt
186 515 73 22 hvilka
280 512 237 31 fattigvårdssamhälle,
537 521 45 16 som
600 515 42 21 fått
658 515 118 22 vidkännas
794 515 58 22 kost-

102 551 67 20 nader
186 550 34 21 för
238 556 108 21 personer,
365 549 73 22 hvilka
453 556 26 15 en
493 550 74 27 längre
582 549 31 22 tid
627 549 76 22 vistats
717 550 8 21 i
739 550 113 27 Ryssland,

102 584 54 22 eller
171 584 83 22 hvilkas
268 584 138 22 hemortsrätt
421 585 18 26 ej
455 585 81 21 kunnat
550 586 94 25 utrönas,
659 584 53 22 eller
722 584 34 21 för
766 584 85 27 sådane,

102 625 47 16 som
164 619 20 28 ej
200 621 36 20 äro
252 619 67 22 finske
338 619 146 27 medborgare,
500 619 69 21 skulle
585 619 55 21 blott
653 619 7 20 i
676 619 37 21 det
726 618 40 22 fall
779 619 74 21 härför

102 653 67 22 undfå
186 653 117 22 understöd
322 653 23 22 af
361 653 86 26 kronan,
463 655 33 20 att
510 653 113 22 samhället
638 653 26 20 är
678 652 27 27 af
715 653 116 27 fattigvård
845 653 8 20 i

102 687 63 28 högre
178 688 56 27 grad
247 687 111 27 betungadt
372 687 39 22 och
425 688 9 20 i
449 687 39 22 den
502 694 48 15 mon
564 687 36 26 för
613 687 78 21 sådant
705 687 102 21 ändamål
816 694 36 14 an-

101 721 76 28 slagna
188 721 65 22 medel
268 722 68 21 lemna
350 721 93 28 tillgång,
454 722 68 21 under
537 722 36 21 det
584 722 127 21 kommunen
721 722 7 21 i
739 723 65 20 annat
814 722 38 21 fall

102 757 53 27 sjelf
167 756 57 27 finge
238 757 118 21 vidkännas
371 757 62 21 dessa
449 756 93 27 utgifter.

173 791 40 20 Om
232 792 70 20 staten
320 791 60 26 ålagt
397 791 152 21 kommunerna
563 790 149 27 fattigvården,
728 791 24 22 så
766 791 39 21 har
820 791 32 21 så-

104 825 53 21 dant
175 825 57 21 skett
249 825 47 21 icke
315 825 89 26 derföre,
424 826 31 20 att
474 825 69 21 denna
557 825 155 27 angelägenhet
726 825 20 27 ej
761 832 51 15 vore
827 831 26 16 en

104 859 146 28 statsuppgift,
264 861 52 20 utan
331 859 88 22 emedan
439 859 121 22 densamma
574 859 49 22 bäst
638 860 39 21 och
691 860 163 22 ändamålsenli-

105 895 49 27 gast
174 894 132 21 handhafves
328 893 24 22 af
372 894 63 21 dessa
457 894 82 21 mindre
562 893 118 22 samhällen
701 895 58 20 inom
778 896 75 20 staten.

104 930 66 21 Detta
188 929 66 20 motiv
272 929 39 20 har
330 928 53 21 dock
401 929 49 20 med
469 928 101 22 afseende
586 928 12 21 å
612 929 7 20 i
634 928 61 27 fråga
713 929 93 21 varande
821 931 33 20 ut-

104 963 66 28 gifter
191 963 63 27 ingen
276 963 143 27 tillämpning;
443 963 36 22 det
501 969 37 21 ges
560 963 112 27 härvidlag
689 963 55 22 intet
760 963 94 22 hvarken

105 997 146 28 lämplighets-
266 995 53 24 eller
338 999 64 20 annat
416 997 54 27 skäl,
485 998 29 27 på
528 998 69 26 grund
611 997 75 22 hvaraf
700 1000 70 19 staten
786 998 68 22 skulle

105 1032 56 22 ifrån
176 1032 34 27 sig
224 1031 28 28 på
266 1031 152 22 kommunerna
432 1032 69 21 vältra
511 1032 7 21 i
528 1031 61 27 fråga
598 1031 93 22 varande
701 1032 95 27 utgifter.
822 1033 32 20 En

107 1066 35 22 del
157 1066 23 21 af
194 1067 63 20 dessa
272 1065 81 22 drabba
367 1065 151 22 företrädesvis
534 1066 75 21 endast
619 1066 57 21 vissa
686 1066 83 21 trakter
778 1067 24 21 af
807 1065 48 30 lan-

106 1101 38 21 det
159 1112 24 4 —
201 1100 26 21 de
245 1101 67 24 östra;
332 1099 139 22 öfverhufvud
490 1100 68 27 gäller
576 1106 32 15 om
629 1101 54 25 dem,
699 1101 31 20 att
745 1101 26 20 de
787 1097 67 25 esöm-

108 1134 65 22 oftast
191 1134 121 21 föranledas
332 1134 23 21 af
371 1140 108 21 personer,
498 1141 46 14 som
562 1134 33 22 för
613 1134 126 22 kommunen
754 1137 37 20 äro
803 1130 52 27 full-

107 1169 91 26 komligt
216 1168 137 27 främmande,
372 1175 44 15 som
436 1169 69 26 aldrig
524 1169 48 21 med
590 1175 26 15 en
634 1169 63 27 penni
715 1169 93 27 bidragit
822 1170 32 21 till

108 1203 50 21 dess
173 1208 157 21 gemensamma
346 1201 94 29 utgifter,
457 1203 38 21 och
510 1203 82 21 hvilkas
607 1203 85 21 tillvaro
707 1205 24 19 är
746 1201 110 31 en''öfer-

108 1237 102 27 raskning
224 1237 34 21 för
272 1237 126 21 kommunen
414 1237 26 21 dä
457 1237 39 21 den
512 1237 33 21 får
560 1238 32 26 sig
603 1237 89 27 räkning
704 1237 12 21 &
717 1236 139 23 underhälls-

108 1272 119 21 kostnaden
248 1271 107 21 tillställd.
384 1271 111 27 Uttrycket
518 1277 45 21 ,om
582 1271 36 21 det
636 1273 24 19 är
679 1267 155 35 af*fattigvärd
848 1272 7 21 i

108 1306 67 26 högre
194 1305 54 26 grad
265 1305 126 27 betungadt*
411 1311 61 21 synes
491 1288 103 39 utskottet
612 1306 7 20 i
638 1303 67 47 öfrigt
715 1303 78 47 Aälför
803 1305 53 45 De

110 1339 79 21 stämdt
204 1339 39 20 och
257 1339 91 20 ledande
362 1339 33 20 till
410 1338 161 27 förvecklingar.

178 1371 31 21 På
224 1371 90 21 anförda
328 1372 47 20 skäl
389 1372 39 21 har
442 1372 104 21 utskottet
561 1374 83 19 ansett:
654 1370 34 23 till
707 1367 29 7 1'1

108 1406 30 22 26
153 1405 53 23 böra
224 1405 61 27 fogas
305 1407 31 20 ett
353 1405 74 28 tillägg
443 1405 23 22 af
479 1403 99 29 innehåll;
594 1404 38 42 att”
638 1408 43 39 diet

180 1446 167 18 Ekonomiutskottets
358 1446 103 18 betänkande
471 1446 34 17 N:o
520 1445 14 17 8.
555 1450 3 1 —
590 1439 2 8 |
