1017 1706
254 136 28 19 U.
298 138 28 17 B.
345 147 22 3 —
384 138 85 22 Prop.
484 138 46 19 N:o
545 139 36 17 18.
742 138 26 20 17

51 204 55 21 efter
122 209 26 15 en
163 202 52 28 läng
227 202 45 22 tids
281 202 92 27 förlopp,
389 203 28 21 dä
431 203 102 27 felsteget
548 204 68 20 redan
630 204 64 21 räkat
709 204 7 21 i
731 205 66 26 glöm-

52 238 39 20 ska
105 237 40 21 och
160 236 74 22 blifvit
244 236 93 27 förlätet,
353 238 56 20 samt
424 237 142 27 bevisningen
581 238 80 26 derom,
672 238 125 26 isynnerhet

50 272 8 20 i
68 271 55 27 följd
134 270 23 22 af
170 271 42 21 den
227 271 97 21 felandes
340 271 49 26 död,
404 271 73 21 blifvit
491 272 24 20 sä
531 271 83 26 osäker,
630 274 33 18 att
682 272 114 21 allvarsam

53 305 112 21 rättsväda
179 305 73 21 kunde
264 304 92 22 befaras.
371 305 34 21 Då
421 305 36 21 det
472 305 120 22 emellertid
607 306 45 20 ofta
667 306 88 26 händer,
764 308 33 19 att

50 339 89 23 modern
165 338 40 21 dör
228 339 36 21 vid
289 338 88 22 barnets
401 338 76 27 födsel,
500 339 64 21 hafva
586 340 21 20 vi
629 341 73 20 ansett
716 340 81 21 sädana

51 372 37 22 fall
105 372 63 22 äfven
183 372 7 20 i
205 372 63 27 lagen
284 373 54 20 böra
353 372 102 22 förutses.
686 384 3 2 :

118 424 138 21 Beträffande
281 425 96 20 deremot
399 425 12 20 8
427 424 11 28 $
453 425 14 20 8
482 425 48 26 kap.
546 420 26 25 Ä.
588 425 25 20 B.
629 425 24 20 sä
667 427 24 19 är
706 425 90 21 arfsrätt

52 458 54 21 efter
121 458 66 21 oäkta
202 459 53 20 barn
271 459 7 20 i
294 465 28 14 nu
338 459 99 26 gällande
454 459 35 26 lag
504 459 159 21 vidsträcktare
673 459 123 27 medgifven

51 494 26 19 än
101 493 7 20 i
128 493 41 20 den
185 492 85 27 Nädiga
286 493 162 26 propositionen
464 493 38 20 och
519 493 119 21 utskottets
653 493 143 26 betänkande,

51 527 73 20 hvilka
140 527 46 21 deri
201 528 52 25 göra
268 526 184 27 inskränkningar
467 528 52 19 utan
530 528 33 19 att
574 527 41 21 den
626 527 65 27 nödig
702 527 95 22 ansedda

52 561 164 26 reciprociteten
242 561 54 20 dock
321 561 124 26 derigenom
470 559 139 28 fullständigt
628 561 109 26 uppnätts.
769 561 27 21 Vi

51 594 70 21 skulle
140 594 85 21 derföre
246 594 57 21 hälla
322 594 45 22 före
384 596 33 19 att
432 595 13 20 8
461 594 10 28 &
487 594 71 22 blefve
574 595 35 20 vid
625 595 78 21 sädant
717 595 80 22 förhäl-

51 629 63 20 lande
134 628 130 21 oförändrad
283 628 130 27 bibehällen,
433 629 58 21 helst
515 629 117 20 arfsrätten
657 628 56 22 efter
733 629 64 21 oäkta

52 664 60 25 barn,
128 669 33 15 om
178 663 48 20 värt
241 663 82 27 förslag
340 669 71 14 vunne
425 663 101 26 medhäll,
541 663 8 20 i
564 664 89 20 motsatt
667 662 39 21 fall
721 663 76 21 utfölle

52 697 57 21 olika
125 697 55 21 efter
191 697 32 21 de
239 697 108 21 särskilda
361 697 75 26 slagen
452 697 23 21 af
488 697 81 21 sådana
584 697 60 21 barn.

120 749 10 21 I
149 749 54 27 följd
225 749 63 21 häraf
301 749 55 27 våga
371 749 21 21 vi
407 749 157 22 vördsammast
579 749 109 32 uppställa
702 749 94 27 följande

52 783 82 27 förslag
148 784 34 21 till
197 783 117 22 förändrad
328 783 83 27 lydelse
425 783 24 21 af
462 784 12 20 7
491 783 11 27 &
517 783 12 20 8
545 783 49 26 kap.
609 783 25 20 A.
649 782 24 21 B.

186 853 62 25 Aflar
269 859 49 14 man
341 852 52 21 barn
415 854 57 18 utom
495 851 50 28 laga
560 850 120 29 äktenskap,
696 851 33 20 det
745 851 51 20 barn

120 888 36 19 må
178 887 40 27 arf
237 887 61 26 njuta
320 886 53 27 efter
396 886 38 20 den
456 886 63 27 fader
541 885 49 21 eller
611 885 78 26 moder,
711 892 42 13 som
768 885 29 20 dä

120 920 53 28 ogift
196 921 56 19 varit
274 919 37 21 och
334 919 71 25 sedan,
430 919 46 28 före
491 919 84 21 inträde
589 920 10 19 i
613 918 120 28 äktenskap,
749 919 48 21 låtit

116 954 68 21 såsom
209 954 35 21 sitt
267 953 53 21 barn
341 952 101 22 anteckna
459 953 33 21 det
507 954 9 19 i
531 951 129 29 kyrkoboken
675 952 8 20 i
698 952 39 21 den
751 952 45 29 för-

119 988 97 28 samling,
237 988 37 21 der
296 987 39 21 hon
358 987 50 21 eller
431 987 42 20 han
493 987 28 21 då
537 987 25 20 är
577 986 168 28 kyrkoskrifven;
760 986 38 21 och

120 1026 53 25 tage,
192 1022 51 29 ifall
262 1022 50 21 äkta
334 1021 152 28 bröstarfvinge
507 1021 71 27 finnes,
596 1020 57 28 halft
671 1023 42 18 mot
742 1020 55 21 hvad

119 1057 72 21 barnet
215 1056 116 21 tillkomma
353 1055 68 27 bordt,
443 1062 33 14 om
499 1055 33 21 det
547 1056 8 19 i
570 1054 80 28 laggift
664 1055 51 27 säng
731 1054 66 26 afladt

120 1091 62 25 varit,
197 1098 45 14 men
257 1091 9 20 i
281 1098 70 13 annan
367 1089 97 21 händelse
477 1089 52 28 fullt
544 1088 46 28 arf;
609 1088 60 28 ärfve
684 1087 36 22 ock
735 1088 63 20 alltid

120 1132 52 22 egna
188 1124 168 29 bröstarfvingar
371 1124 37 21 och
422 1123 80 29 syskon,
521 1122 70 22 hvilka
613 1123 38 20 äro
669 1122 61 21 oäkta
746 1122 52 21 barn

120 1160 34 20 till
176 1166 79 14 samma
279 1158 62 29 fader
359 1158 50 21 eiler
423 1158 71 20 moder
509 1157 36 21 och
561 1156 77 28 blifvit,
652 1157 67 20 såsom
734 1156 64 28 ofvan

119 1194 62 27 sagdt
197 1194 31 26 är,
253 1192 95 27 erkände,
364 1192 107 28 äfvensom
485 1192 61 20 deras
565 1190 150 29 afkomlingar,
730 1190 68 20 såsom

120 1228 8 20 i
143 1227 15 21 3
173 1226 88 28 kapitlet
277 1227 26 28 af
316 1226 68 21 denna
399 1226 48 20 balk
462 1226 63 27 säges.
554 1225 47 20 Dör
615 1224 70 21 moder
699 1224 37 20 vid
751 1223 47 21 bar-

121 1265 42 18 nets
186 1261 77 29 födelse
285 1261 49 21 eller
356 1261 9 19 i
385 1260 57 28 följd
464 1260 69 28 deraf,
547 1262 48 24 tage
610 1258 71 21 barnet
696 1257 39 27 arf
746 1257 52 28 efter

121 1296 70 27 henne,
214 1295 79 21 ändock
318 1294 67 22 sådan
408 1293 123 27 anteckning
545 1294 44 19 icke
603 1292 58 20 skett.
692 1292 43 20 Och
749 1298 49 14 vare

119 1330 64 27 fader
198 1328 44 22 lika
263 1330 46 19 med
330 1328 71 20 moder
422 1328 85 26 skyldig
521 1330 31 16 att
566 1328 36 18 sitt
617 1326 60 19 oäkta
693 1325 52 20 barn
761 1332 37 12 un-

120 1362 98 20 derhålla
240 1361 37 21 och
299 1360 116 28 uppfostra
437 1360 34 20 till
487 1359 46 20 dess
547 1358 33 21 det
595 1359 32 27 sig
642 1357 53 28 sjelf
705 1357 93 27 försörja

122 1395 47 21 kan.
207 1395 45 20 Dör
277 1394 75 21 endera
370 1393 27 27 af
412 1393 135 27 föräldrarne
567 1392 38 20 och
619 1391 80 21 lemnar
714 1392 19 26 ej
747 1390 51 28 gods

124 1429 51 28 efter
197 1430 39 27 sig,
259 1429 70 27 åligge
351 1428 29 20 då
403 1427 45 26 den,
470 1434 43 14 som
529 1425 53 28 efter
597 1425 71 28 lefver,
683 1427 32 17 att
729 1430 70 15 ensam

120 1463 36 28 för
171 1463 81 21 barnets
267 1461 112 22 underhåll
395 1461 36 21 och
446 1459 129 30 uppfostran
590 1466 97 13 ansvara.

101 1509 126 22 Lagutskottets
239 1508 111 17 Betänkande
361 1506 34 18 N:o
408 1507 17 17 5.
743 1505 10 16 2
