1023 1700
237 144 26 20 12
431 148 29 21 U.
475 148 28 21 B.
520 159 23 3 —
561 148 73 27 Prop.
649 148 47 22 N:o
709 149 28 21 11.

207 206 40 20 och
269 207 116 26 drabbade,
405 215 34 14 om
458 208 41 22 ock
514 209 33 21 till
562 209 53 28 följd
630 209 25 21 af
667 210 41 21 den
723 210 70 22 tidens
808 210 149 22 förhällanden

207 240 83 22 mindre
306 242 67 27 tungt,
389 241 151 24 företrädesvis
556 250 27 15 en
598 243 35 21 del
647 243 261 29 lägenhetsinnehafvare;
923 245 36 22 det

208 274 129 22 utsträcktes
361 276 111 22 efterhand
495 278 86 21 allimer
601 278 39 21 och
659 285 52 19 mer,
727 286 48 14 men
791 278 77 30 ansägs
882 279 55 22 dock
951 280 8 21 i

209 308 121 27 allmänhet,
348 324 23 2 —
389 310 70 23 säsom
474 312 37 22 det
525 312 40 22 ock
579 313 8 21 i
602 312 26 22 de
643 313 75 22 härom
733 315 58 20 ännu
805 314 98 28 gällande
915 314 44 28 lag-

209 344 147 28 stadgandena
371 344 24 22 sä
410 346 110 22 betraktas
537 360 25 2 -—
578 347 133 23 fortfarande
719 348 70 22 såsom
801 350 32 20 ett
840 349 119 28 undantag;

209 378 36 22 det
267 380 24 20 är
309 386 29 14 nu
357 379 34 22 för
409 380 66 27 tiden,
490 382 47 21 icke
552 382 8 21 i
574 382 54 28 följd
644 382 23 22 af
679 390 29 21 ny
722 383 135 28 lagstiftning
871 384 53 22 utan
939 384 24 20 af

209 414 66 22 ökadt
298 414 70 27 behof,
384 416 116 29 vordet
471 410 27 39 en
516 416 74 28 till”de
604 416 63 23 flesta
679 418 174 27 jordlägenheter
868 418 92 22 utbredd

209 449 117 28 tryckande
341 451 78 26 tunga;
435 451 39 21 och
490 451 100 28 slutligen
605 451 43 21 kan
662 459 56 18 man,
734 452 89 21 emedan
839 459 81 14 samma
927 459 34 14 or-

210 483 69 26 saker,
295 491 45 14 som
355 483 108 23 föranledt
479 484 83 27 sådant,
579 487 57 20 ännu
643 486 116 25 fortverka,
773 486 47 21 med
831 486 80 22 visshet
918 486 44 21 för-

210 519 47 19 utse
280 519 33 19 att
334 517 41 22 den
397 519 85 21 alltmer
501 519 67 21 ökade
588 519 100 28 beröring
703 520 78 21 mellan
795 519 83 22 landets
893 520 70 25 skilda

211 551 66 27 delar,
293 559 45 15 som
353 559 27 15 en
395 553 97 28 stigande
508 553 73 28 odling
595 554 40 21 och
650 554 102 28 utvidgad
767 554 196 29 näringsverksam-

211 587 37 21 het
265 586 120 27 framkalla,
405 587 68 22 måste
495 588 107 28 framgent
621 588 64 22 ställa
699 589 40 21 allt
753 596 46 14 mer
813 589 99 28 stegrade
927 596 37 14 an-

212 621 65 27 språk
299 621 28 28 på
348 622 70 21 medel
439 624 32 20 att
489 622 148 28 upprätthålla
655 623 42 22 den
711 624 8 20 i
734 630 81 15 samma
829 623 136 22 förhållande

212 652 123 37 tillväxande
346 652 161 37 :samfärdseln.

281 690 42 21 Till
337 691 124 27 ytterligare
477 692 112 28 belysning
603 692 24 21 af
639 692 60 21 detta
713 691 134 23 förhällande
859 692 61 22 torde
931 694 34 19 ut-

213 725 86 25 skottet,
319 725 7 21 i
341 725 82 21 saknad
439 726 23 20 af
475 725 73 21 siffror
563 725 48 21 från
627 728 48 25 eget
689 726 57 25 land,
762 725 22 22 få
799 726 114 22 framhålla
927 726 38 21 hu-

213 766 72 14 rusom
300 759 8 21 i
323 759 86 27 Sverige
424 760 81 20 antalet
520 759 48 22 från
583 760 177 28 gästgifverierna
772 760 109 28 utgångna
892 760 74 21 hästar

214 793 60 27 stigit
288 793 49 22 från
353 795 93 23 363,000
461 793 24 22 år
503 795 55 21 1870
573 794 34 21 till
622 795 93 25 596,000
731 793 24 22 år
772 795 62 21 1875.

283 828 41 21 Det
347 828 90 21 anförda
463 828 67 27 gäller
557 828 88 22 alldeles
672 828 119 22 oberoende
813 829 24 21 af
857 828 41 22 den
921 828 44 22 väl-

214 862 73 22 kända:
309 862 191 28 omständigheten,
522 864 33 20 att
569 862 144 22 förhållandet
728 863 88 21 emellan
833 863 133 28 skjutslegan

215 897 40 21 och
270 897 36 23 det
320 897 97 27 verkliga
435 897 74 21 värdet
528 898 24 21 af
570 899 31 19 ett
616 897 155 27 tjenstebesvär
785 898 50 20 utaf
847 898 8 20 i
869 896 97 28 frågava-

215 931 66 21 rande
298 931 147 21 beskaffenhet
460 931 124 22 förändrats
599 932 7 20 i
621 931 54 28 följd
690 932 67 26 deraf,
773 933 32 20 att
820 932 148 21 varuvärdena

216 965 59 28 stigit
289 966 77 20 medan
384 966 182 28 penningevärdet
580 966 8 20 i
603 964 135 23 förhållande
752 966 34 21 till
801 966 62 21 dessa
879 966 87 27 sjunkit.

216 995 68 27 Äfven
301 1000 8 21 i
329 1000 60 21 detta
410 1000 100 22 afseende
530 1002 24 20 är
570 1007 26 15 en
609 1000 125 28 jemförelse
750 1000 47 22 med
813 1000 60 22 äldre
887 1000 80 22 förhål-

216 1034 78 22 landen
310 1034 139 28 upplysande.

285 1069 42 21 Det
342 1068 109 26 nämndes,
473 1071 32 19 att
520 1068 157 28 gästgifvarene
692 1068 82 28 åtnjöto
789 1068 47 22 icke
851 1068 24 22 så
891 1068 22 22 få
928 1069 40 21 och

217 1103 133 28 obetydande
366 1103 96 21 friheter.
492 1104 51 20 Man
558 1110 64 14 anser
637 1102 32 28 sig
684 1103 56 21 dock
754 1102 73 22 kunna
842 1104 79 26 antaga
936 1104 32 20 att

215 1138 42 21 den
283 1137 124 22 fastställda
429 1137 133 28 skjutslegan
585 1137 50 21 fullt
656 1137 134 22 motsvarade
813 1137 105 26 besväret,
941 1145 27 14 en

217 1171 158 28 omständighet
398 1179 45 14 som
466 1173 75 20 vinner
564 1171 49 22 stöd
627 1171 68 26 deraf,
711 1173 33 20 att
758 1171 27 21 de
800 1172 97 21 närmast
911 1173 58 26 gäst-

217 1206 98 28 gifveriet
330 1206 98 27 liggande
447 1207 127 20 hemmanen
589 1206 73 21 kunde
678 1205 24 22 sä
716 1207 53 20 utan
784 1205 148 28 betänklighet
947 1205 22 22 ä-

216 1242 73 26 läggas
305 1243 32 19 att
353 1241 83 26 skjutsa
451 1243 44 18 mot
509 1241 109 20 fastställd
633 1241 48 25 lega
697 1253 26 2 —
739 1240 25 21 så
778 1241 66 20 framt
858 1246 49 15 nian
922 1240 48 21 icke

217 1274 67 22 måste
293 1282 51 14 anse
353 1275 59 21 detta
420 1274 70 22 såsom
498 1282 26 13 en
533 1274 138 22 reminiscens
679 1273 48 22 från
735 1274 27 21 de
770 1273 64 27 tider;
841 1273 28 22 då
877 1274 93 28 skyldig-

217 1310 64 20 heten
289 1310 33 20 att
329 1310 98 26 prestera
439 1309 68 27 skjuts
516 1311 44 19 mot
568 1308 111 28 betalning
686 1316 38 14 var
733 1310 32 20 ett
772 1308 128 22 välkömmet
911 1308 60 22 bote-

217 1344 69 22 medel
294 1346 44 18 mot
346 1344 154 28 väldgästning.
512 1343 49 21 Men
570 1350 34 15 om
613 1343 36 21 det
657 1343 39 21 ock
704 1343 43 21 kan
754 1344 52 21 vara
814 1343 71 21 tvifvel
893 1343 77 21 tinder-

217 1379 93 26 kastadt,
319 1379 80 22 hvilket
407 1378 144 22 förhällandet
560 1378 132 22 härutinnan
699 1378 114 28 rätteligen
821 1377 35 22 mä
864 1378 64 21 hafva
935 1385 36 14 va-

218 1415 29 21 rit
259 1414 68 22 under
338 1415 27 21 de
377 1414 69 21 första
453 1414 91 25 tiderna,
553 1414 45 21 kan
612 1420 49 14 man
677 1420 34 14 om
727 1412 42 22 den
783 1413 7 21 i
807 1413 56 21 1734
871 1412 35 22 års
915 1414 57 26 gäst-

221 1449 166 28 gifveriordning
402 1448 122 21 fastställda
538 1448 59 28 lega:
613 1448 13 20 8
641 1448 38 20 öre
694 1446 28 29 pä
736 1447 74 21 landet
824 1449 57 19 samt
896 1448 26 20 12
934 1448 36 20 öre

288 1495 137 19 Sammansatta
438 1494 53 24 Lag-
504 1496 31 16 och
548 1494 182 18 Ekonomiutskottets
743 1494 114 18 betänkande
869 1494 36 17 N:o
921 1493 18 18 4.
