1048 1703
243 148 12 19 4
538 145 55 22 N:o
608 145 30 21 6.

212 215 51 20 vidd
284 215 7 20 i
314 213 125 22 Kemiträsk:
461 213 39 21 och
523 213 59 21 öfver
605 213 61 25 1,350
688 211 105 21 tunnland
808 211 7 20 i
830 209 132 28 Kuolajärvi.

211 249 34 20 Dä
267 248 120 22 emellertid
409 247 145 27 inbyggarene
576 246 32 22 uti
631 245 164 27 ifrägavarande
812 245 96 24 socknar,
925 243 38 22 der

211 283 137 21 hemmanens
363 282 59 21 antal
438 281 66 22 under
520 287 76 16 senare
610 281 32 20 tid
653 281 76 20 endast
739 280 6 21 i
756 280 62 26 ringa
828 279 53 26 grad
892 278 69 26 ökats,

212 316 86 27 förfoga
319 316 60 21 öfver
402 316 28 20 all
453 315 69 21 denna
537 317 60 19 stora
609 314 108 27 jordvidd,
734 316 24 19 är
773 313 40 22 ock
827 313 81 27 följden
924 314 39 23 att,

211 350 29 27 pä
262 352 44 19 sätt
325 350 63 20 ofvan
403 350 93 26 antydts,
514 349 105 27 skogarne
634 349 53 19 utan
701 348 83 26 hänsyn
799 347 33 21 till
847 346 116 21 framtiden

211 384 29 27 pä
255 386 32 19 ett
301 384 121 26 betänkligt
437 385 43 19 sätt
496 383 79 21 sköflas
590 388 76 21 genom
682 382 143 21 öfverdrifven
836 381 127 26 afverkning

211 418 34 21 för
261 418 102 26 sägarnes
383 417 71 27 behof,
472 416 197 28 misshushällning,
685 416 134 27 svedjebruk,
836 415 128 27 skogseldar

212 452 39 22 och
266 452 101 26 vanvärd,
384 451 33 22 till
432 452 90 21 rättelse
536 451 61 21 hvari
613 457 50 15 snar
678 450 77 27 ätgärd
770 450 34 21 väl
819 450 69 20 mäste
898 455 64 15 anses

211 487 8 20 i
234 487 37 21 det
285 486 119 21 allmännas
426 486 94 21 intresse
541 492 52 14 vara
615 485 23 21 af
651 485 187 26 nödvändigheten
852 483 111 27 betingad,

211 520 100 22 hvarföre
326 520 67 27 äfven,
410 526 76 21 genom
500 520 80 27 nädiga
595 520 145 27 kungörelsen
755 519 41 22 den
808 520 24 19 11
844 518 43 27 Maj
901 518 61 26 1874,

211 555 126 26 afverkning
359 554 23 21 af
402 555 107 26 skogarne
523 555 8 20 i
546 555 91 20 berörde
656 554 92 21 socknar
762 554 34 20 till
811 553 69 22 afsalu
895 553 7 20 i
917 552 46 21 vid-

212 589 119 21 sträcktare
353 589 50 21 män
425 591 27 19 än
474 589 279 27 lägenhetsinnehafvarene
772 588 12 21 &
804 590 61 19 orten
881 587 81 21 derför-

210 623 71 26 innan,
304 623 77 21 medan
404 623 66 26 sagde
489 623 79 26 skogar
586 623 53 21 stätt
654 623 68 20 under
737 622 226 25 forstförvaltningens

209 657 60 26 värd,
293 656 93 27 tillätits,
409 657 71 20 blifvit
501 657 37 21 vid
560 658 81 19 utsatte
660 657 64 25 viten,
740 657 60 20 utom
815 662 77 15 ansvar
908 655 54 21 efter

210 691 35 26 lag
268 691 72 21 säsom
364 690 34 22 för
420 691 94 21 äverkan
537 690 12 22 &
569 690 95 22 oskiftad
686 690 134 27 skogsmark,
842 690 120 20 tillsvidare

210 725 120 27 förbjuden.

282 759 51 22 Med
355 759 101 21 afseende
478 759 57 27 derä,
555 761 32 19 att
602 759 60 21 såväl
676 758 156 22 ofvanberörde
846 758 116 21 förhällan-

211 794 40 20 den
267 799 46 15 som
326 794 140 26 jordbrukets
481 793 195 22 framätskridande
691 793 7 21 i
714 794 67 25 sagde
794 793 91 21 socknar
895 792 67 21 ound-

210 827 115 27 gängligen
351 827 114 27 päkallade
490 827 90 27 refning,
603 827 112 21 storskifte
738 828 39 20 och
800 826 162 27 skattläggning

209 862 58 20 inom
283 862 54 26 dem,
353 864 32 19 att
400 862 122 22 införandet
532 862 23 21 af
564 868 25 15 en
601 862 81 20 ordnad
693 862 203 26 skogshushällning
904 861 58 21 inom

210 896 26 21 de
250 896 134 22 vidsträckta
399 896 202 28 öfverloppsjordar,
616 902 46 15 som
673 896 74 21 dervid
758 896 109 21 sannolikt
876 896 86 20 komma

210 932 33 19 att
264 931 34 21 för
320 931 94 21 kronans
434 931 92 27 räkning
541 931 104 26 utbrytas,
662 930 69 22 skulle
746 931 64 21 lända
824 931 34 20 till
874 930 89 21 allmänt

210 970 62 21 gagn,
289 966 56 20 samt
360 965 102 26 slutligen
477 967 32 19 att
524 965 117 26 Kuusamo,
653 964 125 22 Kemiträsk
789 965 39 21 och
836 965 126 26 Kuolajärvi

210 999 138 26 sockneboer,
363 998 29 27 pä
407 1000 45 19 sätt
466 999 59 21 förut
539 998 89 26 anförts,
645 999 110 21 allaredan
770 998 71 22 blifvit
856 998 46 21 dels
917 998 46 22 helt

209 1033 39 20 och
270 1033 73 26 hället,
367 1032 45 21 dels
435 1032 33 21 till
488 1039 26 15 en
529 1033 34 21 del
578 1032 114 22 frikallade
706 1033 49 20 frän
771 1033 26 21 de
812 1032 149 27 förbindelser,

210 1073 46 15 som
279 1067 48 21 dem
349 1067 67 26 enligt
438 1067 210 21 knektekontrakten
671 1067 77 27 älegat,
770 1067 46 21 blef
836 1067 67 21 redan
926 1068 35 20 vid

209 1101 113 22 sisthällne
337 1101 103 27 landtäag
454 1102 66 27 nådig
534 1102 135 27 proposition
685 1109 34 14 om
729 1102 125 26 förändring
865 1102 23 21 af
897 1103 64 20 dessa

207 1136 104 21 kontrakt
325 1135 8 22 i
348 1135 76 27 antydt
447 1136 55 27 syfte
524 1136 85 21 landets
632 1136 74 22 dervid
724 1136 129 22 församlade
869 1136 92 22 Ständer

207 1170 104 27 förelagd.

279 1204 42 21 Vid
349 1205 100 21 ärendets
472 1205 131 26 behandling
625 1206 13 20 &
659 1206 92 20 nämnde
773 1206 103 26 landtdag
897 1206 64 21 hafva

209 1238 120 20 Ständerna
344 1238 13 20 &
372 1244 40 14 ena
428 1239 60 19 sidan
504 1241 71 18 ansett
590 1239 65 25 högst
669 1240 196 25 maktpäliggande,
876 1242 33 18 att
920 1240 40 20 den

207 1271 110 26 betydliga
340 1272 167 26 statsegendom,
531 1278 46 14 som
592 1272 7 20 i
614 1272 54 26 följd
683 1272 23 21 af
722 1272 36 21 det
778 1272 28 26 pä
828 1273 132 21 knektekon-

208 1305 87 21 trakten
309 1305 111 26 grundade
435 1305 156 21 rättstillständ
605 1306 8 20 i
628 1306 64 21 dessa
707 1306 83 21 trakter
805 1313 28 15 nu
849 1307 47 21 stär
911 1307 49 21 obe-

207 1339 84 27 gagnad
315 1339 39 21 och
376 1341 70 20 utsatt
468 1340 33 21 för
524 1340 100 27 vanvärd,
643 1340 94 27 skyddas
753 1341 39 21 och
807 1342 97 25 bevaras,
921 1342 39 21 och

207 1373 133 22 fördenskull
364 1376 54 19 trott
441 1375 32 20 ett
495 1375 150 26 upphäfvande
660 1375 23 21 af
696 1376 91 21 nämnde
803 1377 103 20 kontrakt
921 1376 39 21 och

208 1409 67 26 derpä
289 1409 111 26 grundade
415 1409 129 27 rättigheter
559 1411 40 20 och
615 1410 146 27 skyldigheter
775 1417 51 16 vara
836 1411 123 26 önskvärdt,

207 1448 48 17 men
271 1443 12 21 å
298 1443 67 22 andra
380 1443 62 22 sidan
457 1443 89 23 kommit
562 1445 33 21 till
611 1445 41 22 den
664 1445 148 28 öfvertygelse,
824 1447 32 20 att
866 1446 28 21 dä
904 1448 57 19 ännu
