1025 1709
229 148 14 20 4
436 146 23 22 U.
474 146 24 22 B.
512 158 28 4 —
554 146 63 28 Prop.
632 144 37 23 N:o
684 144 34 23 20.

201 210 58 21 kant.
288 209 71 21 Jemte
374 209 85 26 sädana,
476 215 45 15 som
536 210 37 20 äro
587 208 124 27 oförmögna
721 209 33 20 att
763 207 67 22 värda
840 207 39 27 sig,
889 207 64 21 hafva

201 246 32 20 ett
250 245 55 20 stort
323 243 58 21 antal
400 243 119 21 arbetsföra
537 249 102 21 personer
657 242 81 22 kunnat
756 242 50 22 med
820 242 75 27 lagens
909 242 44 21 till-

200 279 58 26 hjelp
277 278 107 26 tilltvinga
403 278 32 26 sig
453 278 116 21 understöd
589 277 23 21 af
626 278 36 20 det
676 278 114 25 allmänna,
806 277 39 21 och
860 277 37 21 det
911 276 43 21 för-

203 313 74 21 säkras
297 313 31 20 att
346 312 258 27 fattigvärdsstyrelserna
622 311 68 22 under
704 311 26 22 de
744 311 69 22 första
825 311 85 21 tiderna
923 311 31 21 ef-

200 348 34 20 ter
249 347 36 21 det
301 346 56 21 1852
375 346 35 21 ärs
429 345 124 28 förordning
571 346 75 21 trädde
667 346 7 21 i
694 345 99 28 gällande
812 345 59 21 kraft
885 345 69 22 öfver-

200 381 95 27 hopades
317 381 49 20 med
388 381 143 26 ansökningar
553 387 34 14 om
609 380 117 21 understöd
744 380 24 21 af
784 386 109 21 personer,
908 385 46 16 som

201 415 137 22 derförinnan
357 415 75 27 sjelfve
451 415 74 21 lifnärt
539 415 32 27 sig
587 415 38 21 och
641 415 47 21 sina
702 414 100 28 familjer.
832 414 84 22 Bekant
931 416 24 19 är

201 450 40 21 ock
262 450 55 21 huru
335 449 188 22 utbekommandet
541 449 22 22 af
580 449 180 27 fattigunderstöd
778 455 89 16 numera
886 449 69 21 temli-

201 490 41 21 gen
257 484 89 21 allmänt
360 483 23 22 af
398 484 25 21 de
439 484 138 21 obemedlade
591 484 111 21 klasserna
716 489 63 16 anses
794 483 71 21 säsom
875 489 27 16 en
912 485 43 19 rät-

199 519 78 27 tighet;
293 518 40 21 och
348 518 116 27 nägonting
479 519 89 21 alldeles
582 518 47 21 icke
645 518 96 27 ovanligt
755 520 25 19 är
794 519 32 20 att
839 517 54 22 höra
907 523 48 22 per-

201 559 63 16 soner
282 553 23 21 af
322 553 70 21 denna
410 552 110 27 folkklass,
540 553 27 21 dä
586 553 26 21 de
631 553 94 26 sorglöst
743 552 57 22 lefva
815 558 42 21 upp
873 559 26 15 en
914 553 41 20 tid-

200 589 42 20 tals
261 587 82 28 ganska
360 587 85 28 rundlig
464 587 177 28 arbetsförtjenst,
660 589 52 20 utan
730 587 78 22 tecken
822 587 34 21 till
872 587 83 28 blygsel

199 622 102 26 förklara,
321 624 33 19 att
372 622 144 27 fattigvärden
534 629 42 20 nog
595 624 24 19 är
634 623 93 26 tvungen
742 623 32 20 att
790 622 66 27 draga
871 621 84 28 försorg

200 663 35 15 om
250 657 55 26 dem,
320 657 8 21 i
342 657 103 21 händelse
461 657 26 21 de
501 657 53 21 råka
569 658 24 20 ut
607 656 34 21 för
655 657 61 20 brist.

268 691 39 22 Att
319 691 67 21 likväl
400 691 56 21 blott
470 691 28 27 pä
512 691 69 27 grund
596 691 23 21 af
632 691 80 21 sädana
727 691 147 21 erfarenheter
889 691 66 27 draga

200 725 101 22 behofvet
315 725 24 22 af
352 731 27 16 en
395 726 140 26 obligatorisk
549 725 116 27 fattigvård
679 726 9 21 i
703 725 81 27 tvifvel,
801 726 71 21 såsom
888 726 68 21 under

200 760 99 22 stundom
317 760 40 21 här
375 761 7 20 i
401 760 73 21 landet
492 760 63 27 skett,
575 760 40 21 och
632 760 81 27 hvarpä
733 761 96 26 exempel
844 761 48 21 icke
908 761 47 21 sak-

200 801 38 15 nas
256 795 66 21 bland
341 795 27 21 de
385 795 128 26 handlingar
531 795 106 22 utskottet
654 795 41 21 fått
714 795 33 27 sig
765 795 120 27 tillställda,
905 801 51 16 vore

201 829 120 27 säkerligen
339 829 127 22 förhastadt.
496 829 53 22 Sant
568 831 25 20 är
615 831 32 20 att
668 830 42 21 den
725 830 71 26 legala
810 829 146 28 fattigvärden

201 864 72 21 städse
291 864 61 26 löper
370 863 47 22 fara
435 865 32 20 att
484 864 49 21 leda
552 864 33 21 till
605 864 71 27 dylika
694 864 114 27 missbruk,
830 871 34 14 om
880 865 40 21 ock
935 865 20 27 ej

201 898 62 21 alltid
283 899 8 20 i
310 898 44 21 lika
372 898 118 22 vidsträckt
508 899 63 26 mått;
591 900 49 19 sant
661 898 63 22 äfven
743 900 32 20 att
794 899 40 21 den
852 899 9 21 i
879 899 77 28 många

200 933 39 21 fall
254 932 90 22 faktiskt
358 933 90 21 innebär
462 933 68 22 blotta
548 933 127 28 palliativer.
706 933 51 22 Men
776 934 119 21 detsamma
910 934 46 27 gäl-

200 967 33 21 ler
247 967 8 21 i
270 973 46 16 mer
329 967 55 21 eller
399 968 82 21 mindre
496 968 54 27 grad
565 968 29 21 all
609 967 54 22 efter
677 968 58 21 vissa
745 969 72 26 regler
827 969 52 20 stelt
888 968 67 21 hand-

201 1001 51 22 hafd
271 1001 39 22 och
328 1001 82 22 ordnad
425 1002 122 27 fattigvård,
563 1008 50 15 vare
629 1002 32 27 sig
676 1003 33 20 att
724 1003 41 20 den
780 1004 24 19 är
819 1003 65 26 legal,
901 1003 53 22 eller

201 1037 32 20 att
248 1035 41 22 den
303 1035 40 22 bär
359 1036 75 21 skenet
449 1036 23 21 af
484 1037 120 27 uppoffring
619 1043 49 14 men
683 1037 79 21 saknar
777 1037 41 21 den
832 1037 123 27 personliga

201 1070 152 27 hängifvenhet
370 1070 35 21 för
423 1071 160 26 bispringandet
598 1071 23 21 af
635 1071 86 21 lidande
737 1071 39 21 och
791 1071 49 27 nöd,
857 1077 46 16 som
919 1078 35 15 en-

200 1110 46 15 sam
268 1104 104 27 förtjenar
394 1111 63 14 namn
480 1105 23 20 af
523 1105 144 26 välgörenhet.
698 1105 11 21 I
726 1105 75 27 hvarje
819 1105 39 21 fall
877 1108 24 18 är
920 1106 36 21 det

199 1138 56 21 blott
270 1138 73 21 alltför
357 1138 75 27 troligt
447 1140 31 19 att
493 1139 40 21 den
549 1139 96 21 enskilda
658 1139 170 27 hjelpsamheten
838 1139 70 22 skulle
919 1140 36 21 be-

200 1172 69 21 finnas
285 1172 137 27 otillräcklig;
439 1173 39 21 och
493 1173 24 20 så
532 1175 59 19 snart
607 1173 36 21 det
657 1173 68 22 måste
740 1173 92 27 befaras,
848 1175 33 20 att
896 1174 58 21 med-

200 1206 90 21 lemmar
305 1206 24 21 af
341 1207 114 21 samhället
469 1207 69 21 skulle
553 1209 51 19 utan
615 1207 48 21 dess
674 1207 150 22 mellankomst
834 1214 52 15 vara
896 1208 59 21 hem-

201 1239 66 22 fallne
289 1240 22 21 åt
332 1241 124 26 undergång
478 1241 53 21 eller
553 1241 66 21 sådan
641 1241 49 26 nöd,
710 1248 45 14 som
774 1242 20 25 ej
813 1242 142 21 sammanstår

201 1273 49 21 med
269 1273 97 22 vilkoren
384 1273 34 21 för
432 1274 106 26 mensklig
552 1275 93 25 tillvaro,
660 1275 69 20 måste
744 1275 115 21 samhället
873 1275 80 21 bereda

201 1307 48 21 dem
264 1307 57 22 hvad
335 1313 46 16 som
396 1307 34 21 för
440 1307 76 22 sådant
525 1308 99 21 ändamål
635 1310 24 19 är
668 1309 81 26 nödigt.
772 1309 42 20 Det
824 1309 61 21 torde
897 1309 58 21 dess-

200 1343 59 20 utom
275 1341 36 22 för
325 1343 35 20 ett
375 1342 118 22 eamhälles
512 1349 54 20 egen
585 1343 56 21 skull
659 1355 14 3 —
688 1343 34 21 till
740 1343 175 22 förekommande
933 1343 24 21 af

200 1376 79 27 tiggeri
304 1377 40 21 och
362 1377 124 27 afvärjande
505 1377 24 21 af
546 1377 36 22 det
600 1377 88 28 förderf,
707 1384 46 15 som
773 1379 31 21 ett
822 1379 132 21 allmännare

199 1411 77 21 elände
289 1411 62 21 alltid
364 1411 34 21 för
407 1412 49 21 med
466 1412 32 26 sig
506 1424 27 3 —
541 1413 46 21 visa
597 1413 33 26 sig
637 1413 75 27 nödigt
722 1414 32 20 att
764 1413 95 21 anordna
866 1413 41 21 den
915 1413 41 21 fat-

200 1445 91 27 tigvård,
309 1452 47 15 som
374 1446 42 22 kan
434 1446 95 22 befinnas
548 1447 73 27 möjlig
640 1447 39 22 och
698 1448 70 27 egnad
786 1449 33 20 att
837 1448 118 28 förebygga

267 1486 169 18 Ekonomiutskottets
447 1487 104 17 betänkande
563 1487 34 17 N:o
611 1488 15 16 8.
