1045 1709
259 144 26 20 12
451 144 25 19 U.
488 146 28 17 B.
528 154 21 5 —
561 146 79 22 Prop.
652 145 44 18 N:o
708 145 19 17 ?.

381 214 28 20 23
428 214 40 20 Juli
483 214 58 21 1868
556 214 103 26 angående
672 214 123 26 försäljning
810 212 25 27 af
844 212 43 27 fast
900 218 58 21 egen-

379 248 46 21 dom
439 249 14 20 å
467 248 72 27 landet,
555 253 43 16 som
611 247 34 27 för
659 247 46 27 gäld
719 250 55 24 tages
789 248 7 20 i
811 248 48 26 mät,
870 246 88 28 stadgar,

379 283 60 20 likväl
460 283 45 21 med
521 282 126 27 iakttagande
665 281 22 27 af
702 282 91 27 följande
809 281 98 22 särskilda
927 281 33 22 be-

381 316 149 27 bestämningar
535 324 7 13 :

437 351 36 21 1:0.
502 352 88 25 Jernväg
605 351 33 20 mä
653 351 44 21 med
711 351 38 21 den
764 350 100 27 egendom,
881 351 81 21 hvartill

378 387 93 24 panträtt
487 387 7 19 i
508 386 113 25 jernvägen
639 385 60 26 enligt
717 385 10 20 1
741 386 17 24 $
769 385 93 21 sträcker
875 386 35 27 sig,
926 391 34 15 en-

381 419 45 20 dast
438 420 7 19 i
459 420 45 21 dess
518 419 67 21 helhet
601 420 7 19 i
622 420 44 19 mät
678 421 58 24 tagas
748 418 37 21 och
797 418 111 27 försäljas;
923 419 37 22 och

381 452 50 21 skall
453 453 110 25 ansökning
586 453 69 20 derom
672 455 61 22 göras
750 453 35 20 hos
805 453 130 21 Guvernören
953 454 7 19 i

379 486 33 20 det
433 487 39 26 län,
493 487 53 20 inom
565 486 70 21 hvilket
657 486 112 27 inteckning
787 487 60 26 enligt
864 487 15 20 2
894 488 16 24 $
924 487 36 20 bör

379 521 64 20 sökas.

435 555 41 20 2:0.
505 553 100 21 Likasom
619 553 7 21 i
640 553 168 28 propositionen.

436 588 41 21 3:0.
506 587 150 22 Sammaledes.

439 623 41 21 4:0.
510 622 33 21 Då
560 622 63 22 beslut
637 629 33 15 om
690 622 123 27 försäljning
831 623 22 26 af
872 624 88 25 jernväg

382 658 72 20 vunnit
466 658 47 25 laga
527 657 55 25 kraft
595 657 36 21 och
646 657 28 20 tid
686 657 35 26 för
735 657 106 21 auktionen
856 657 65 26 blifvit
928 659 30 19 ut-

379 693 45 24 salt,
448 691 85 20 hvarom
555 705 106 8 ......
685 697 18 14 0.
723 697 16 14 s.
757 697 18 14 v.
794 691 7 20 i
825 691 68 21 likhet
912 690 48 21 med

381 724 167 27 propositionen.

434 757 56 21 Sista
505 758 89 27 stycket.
624 757 153 23 Oförändradt.

574 809 44 27 88.

437 848 43 21 Har
498 849 132 26 innehafvare
644 848 22 27 af
679 848 117 22 koncession
810 849 62 26 enligt
887 848 23 21 de
925 848 35 21 vil-

385 883 42 26 kor,
442 884 28 25 pä
485 883 64 26 hvilka
563 883 37 20 den
616 882 115 27 beviljades,
745 883 110 26 förklarats
870 883 92 21 densam-

385 922 34 15 ma
435 917 98 26 förlustig,
552 917 47 21 eller
618 917 38 20 har
673 916 116 21 koncession
803 917 21 26 af
839 923 70 15 annan
923 923 37 15 an-

380 951 78 25 ledning
480 951 88 26 upphört
588 951 29 20 att
637 949 60 26 gällu,
720 950 36 21 och
777 952 26 19 är
823 951 113 26 inteckning
954 953 7 19 i

375 985 116 26 jernvägen
504 985 105 26 faststäld;
622 982 53 22 skall
682 984 115 26 jernvägen
805 984 44 21 med
857 984 37 21 den
903 991 59 20 egen-

381 1019 51 25 dom,
453 1017 82 22 hvartill
550 1019 118 25 panträtten
683 1017 92 21 stracker
789 1018 36 25 sig,
839 1017 35 27 för
889 1019 72 22 inteck-

383 1053 169 26 ningshafvarens
573 1051 85 26 räkning
679 1051 106 27 försäljas.
819 1052 42 26 Lag
884 1057 78 17 samma

383 1092 56 20 vare,
454 1092 32 15 om
500 1092 60 20 egare
575 1085 25 27 af
604 1086 98 26 jernväg,
718 1086 102 26 angående
836 1085 79 23 hvilken
929 1089 33 20 sä-

381 1121 50 20 dant
447 1119 63 22 vilkor
528 1120 19 26 ej
566 1121 26 19 är
609 1119 93 26 aftaladt,
716 1119 36 22 vill
766 1119 97 27 nedlägga
878 1121 83 26 trafiken

382 1154 50 21 derå
446 1155 36 20 och
495 1153 29 22 all
538 1153 111 27 inteckniny
664 1155 7 19 i
679 1154 115 26 jernvägen
809 1155 54 20 ännu
878 1155 42 21 icke
936 1157 25 19 är

383 1188 70 21 dödad.

578 1221 11 28 $
605 1221 18 21 9.

443 1261 72 27 Enligt
529 1261 166 27 propositionen.

290 1315 141 28 Helsingfors,
447 1316 39 21 den
503 1317 24 20 21
545 1316 119 22 November
681 1317 59 20 1877.

251 1372 27 22 A.
287 1372 90 23 Wrede.
503 1372 26 22 G.
537 1372 125 22 Järnefelt.
779 1372 26 23 FE.
813 1373 120 23 Forsman.

236 1405 26 23 6.
268 1406 131 23 Ehrström.
498 1407 59 23 T.T.
565 1407 104 23 Renvall.
752 1406 61 24 Sune
828 1408 134 28 Björkstén.

307 1516 71 23 Bihang
389 1516 28 18 till
430 1516 138 23 Lagutskottets
580 1517 115 18 betänkande
707 1517 34 18 N:o
753 1518 17 17 2.
