1025 1714
241 155 14 21 4
424 153 29 23 U.
469 154 27 22 B.
513 166 25 3 —
553 153 74 29 Prop.
643 153 45 23 N:o
703 153 34 23 12.

213 222 23 22 af
249 223 105 27 styrelsen
371 223 110 21 bestämda
496 222 54 22 eller
563 222 112 27 godkända
689 222 104 21 ändamål.
822 222 51 21 Men
887 222 68 21 delvis

213 256 64 22 hafva
298 257 103 27 bidragen
423 257 57 22 dock
502 256 62 22 äfven
586 256 98 22 förafsett
701 256 80 22 sådana
798 256 90 28 företag,
910 262 45 15 som

214 292 162 27 nödvändigtvis
393 292 58 27 ligga
469 292 57 21 inom
545 291 134 27 föreningens
695 293 48 25 eget
757 296 106 22 program,
885 290 70 22 såsom

214 327 199 21 landtbruksmöten
427 327 39 21 och
480 326 156 28 utställningar.

280 362 43 21 Det
338 364 23 19 är
375 362 126 27 visserligen
515 361 112 27 sannolikt,
643 362 31 20 att
689 361 26 21 de
729 360 112 28 gagneliga
852 360 104 22 sträfvan-

214 397 47 27 den,
276 396 247 28 landtbrukssällskapen
538 396 92 28 fullfölja
645 396 39 21 och
699 396 72 22 hvilka
781 396 46 22 icke
837 396 24 22 af
869 396 87 22 Utskot-

212 433 32 20 tet
257 431 155 27 underkännas,
428 432 69 21 kunde
512 433 53 19 röna
582 430 155 28 mångsidigare
753 430 117 28 framgång,
886 431 71 21 derest

213 467 68 21 större
296 466 116 22 understöd
427 466 23 21 af
463 466 130 26 statsmedel,
607 467 27 20 än
648 465 113 27 härintills,
772 466 84 21 komme
866 465 90 22 sällska-

212 507 41 21 pen
271 501 33 21 till
323 501 41 21 del.
393 500 50 22 Men
460 501 136 27 möjligheten
615 502 31 20 att
665 501 42 21 öka
725 500 63 22 dessa
802 500 117 22 understöd
933 502 24 19 är

212 536 68 21 under
302 536 37 21 det
360 536 121 21 nuvarande
503 535 126 28 finansläget
650 534 47 23 icke
718 535 106 22 beroende
847 534 62 23 deraf
925 536 33 21 att

214 571 119 21 Ständerna
351 570 68 22 skulle
437 571 28 26 på
483 571 26 21 de
524 570 68 22 under
607 570 61 21 deras
684 570 124 27 disposition
824 569 87 22 stående
925 569 32 22 in-

208 605 145 22 -komstkällor
375 605 73 22 anvisa
469 605 74 27 anslag
562 605 8 22 i
588 605 76 22 sådant
681 604 62 28 syfte.
772 605 42 21 Det
831 605 68 22 måste
918 604 39 22 ock

212 641 49 21 med
279 640 86 27 hänsigt
383 640 33 21 till
434 640 112 27 bokföring
565 640 39 21 och
622 639 135 28 redovisning
776 639 63 22 ställa
858 639 32 28 sig
907 639 50 22 vida

213 675 131 27 lämpligare,
367 676 32 21 att
416 675 49 22 hela
484 676 41 21 den
540 675 124 26 statsutgift,
687 681 45 15 som
747 675 34 21 för
795 675 162 27 ifrågavarande

212 710 98 22 ändamål
327 709 114 28 erfordras,
457 710 130 22 fortfarande
603 710 76 21 varder
693 710 128 22 observerad
831 710 68 21 under
909 710 48 21 8:de

212 745 143 22 hufvudtiteln
373 745 22 22 af
412 745 163 27 statsförslaget,
594 746 28 20 än
640 751 34 15 om
693 745 122 22 densamma
832 745 34 21 till
881 751 26 16 en
923 744 34 22 del

212 779 114 22 återfinnes
341 780 44 27 der,
400 780 34 21 till
449 786 26 15 en
489 786 69 15 annan
573 780 34 21 del
621 779 57 22 inom
694 780 40 21 den
745 780 23 21 af
777 779 119 22 Ständerna
906 785 51 21 upp-

212 815 83 22 rättade
310 814 109 27 afdelning
437 815 23 21 af
473 815 112 26 budgeten.
611 814 11 21 I
636 815 59 21 detta
710 815 101 21 afseende
825 815 62 21 torde
901 817 56 18 ännu

212 849 22 22 få
248 849 137 27 framställas,
401 850 32 21 att
446 851 39 20 när
499 849 98 27 anslaget
610 849 68 27 gäller
693 855 26 15 en
731 849 226 27 dispositionssumma,

211 884 47 21 icke
273 884 57 22 vissa
345 884 33 21 till
392 884 100 27 beloppet
505 883 28 28 på
547 883 90 22 förhand
651 883 113 22 bestämda
778 884 94 27 utgifter,
888 883 69 22 öfver-

212 919 58 21 skott
285 919 12 21 å
311 918 97 28 anslaget
422 918 71 22 kunna
507 919 134 27 uppkomma,
657 917 39 22 och
711 919 89 21 sålunda
814 919 71 21 kunde
900 919 36 21 det
950 918 7 22 i

212 953 140 22 förevarande
367 953 38 22 fall
419 953 67 22 blifva
500 954 58 21 svårt
573 953 53 22 eller
640 953 97 27 omöjligt
751 954 32 21 att
797 953 80 27 afgöra,
893 953 64 21 huru-

212 989 50 21 vida
276 989 140 27 besparingen
432 994 51 16 vore
498 989 32 20 att
544 988 104 21 beräknas
665 988 12 21 å
692 988 47 21 8:de
750 988 143 22 hufvudtiteln
905 988 53 21 eller

213 1023 13 21 å
240 1023 37 22 det
291 1023 23 21 af
326 1024 130 26 landtdagen
471 1023 100 21 anvisade
586 1023 80 27 anslag.

280 1058 31 21 På
332 1058 69 27 grund
419 1058 23 22 af
459 1058 36 21 det
514 1058 88 21 anförda
620 1057 34 21 får
672 1057 163 22 Statsutskottet
849 1057 109 23 vördsamt

211 1092 85 27 föreslå,

451 1127 30 20 att
495 1125 120 22 Ständerna
628 1125 47 21 ville
684 1126 9 20 i
703 1126 36 21 sitt
749 1126 147 27 underdåniga
906 1133 51 13 svar

379 1160 31 27 på
425 1161 40 21 den
479 1160 79 27 nådiga
569 1160 158 27 propositionen
741 1160 91 26 anmäla,
848 1162 29 20 att
892 1160 64 21 Stän-

383 1195 64 21 derna
465 1194 36 26 för
519 1195 131 21 närvarande
669 1196 67 20 ansett
752 1195 33 27 sig
803 1194 42 22 icke
864 1194 50 21 böra
925 1196 33 25 pä

383 1229 179 21 bränvinsskatten
577 1229 72 21 anvisa
664 1229 72 27 anslag
750 1229 35 27 för
800 1229 156 28 hushållnings-

383 1264 37 20 och
435 1262 246 27 landtbrukssällskapen.

282 1303 143 28 Helsingfors,
440 1303 41 21 den
496 1304 13 20 3
524 1303 58 22 Mars
599 1303 61 22 1877.

375 1413 115 23 Helsingfors,
502 1412 17 19 J.
532 1413 18 17 C.
563 1412 92 19 Frenckell
667 1412 15 19 &
694 1413 41 22 Son,
748 1414 49 18 1877.

284 1512 124 20 Statsutskottets
419 1513 101 18 betänkande
531 1512 33 18 N:o
576 1512 18 19 2.
