1028 1703
269 142 28 19 U.
313 142 28 18 B.
359 152 27 4 —
401 143 82 23 Prop.
498 142 48 19 N:o
559 144 38 17 14.

331 411 262 27 Ekonomiutskottets
629 412 94 34 förslag
735 407 12 43 —
762 412 40 26 till

267 452 232 35 sammanjemkning
517 454 27 25 af
551 453 30 26 de
595 452 146 35 skiljaktiga
759 453 44 26 be-

265 494 60 31 slut,
353 493 36 26 uti
416 494 84 26 hvilka
522 493 106 27 Stånden
647 496 100 24 stannat
764 494 40 25 vid

265 533 182 35 behandlingen
475 534 27 26 af
529 534 76 27 Hans
627 533 177 36 Kejserliga

265 574 158 34 Majestäts
442 575 90 33 Nådiga
550 574 159 35 proposition
727 576 75 33 angå-

265 614 62 27 ende
346 615 139 26 ordnandet
505 615 27 26 af
559 615 244 34 Häradspostinrätt-

266 655 90 33 ringen
370 655 8 26 i
388 655 93 27 landet.

130 724 72 22 Sedan
225 724 109 22 utskottet
357 724 24 22 af
398 724 27 22 de
440 724 48 22 från
504 724 101 28 samtliga
618 724 64 22 stånd
697 724 108 23 utskottet

62 758 127 22 meddelade
210 758 202 28 protokollsutdrag
433 759 8 21 i
464 759 61 21 detta
547 759 79 21 ärende
648 759 105 21 inhemtat
772 760 33 20 att

61 793 93 22 stånden
175 794 8 20 i
205 792 112 28 åtskilliga
340 794 62 21 delar
420 794 89 20 stannat
523 793 8 21 i
545 793 25 21 så
585 793 126 27 skiljaktiga
725 794 79 26 beslut,

63 829 32 20 att
110 827 96 27 lagenlig
220 828 113 26 pluralitet
348 828 23 20 af
385 827 26 22 de
427 827 60 22 olika
500 828 140 27 meningarna
648 827 18 29 ej
676 828 43 21 kan
727 828 78 26 bildas,

61 861 33 22 får
115 862 110 21 utskottet
243 862 106 27 härjemte
368 862 112 22 vördsamt
494 862 96 22 aflemna
603 862 81 27 förslag
699 862 35 22 till
749 868 56 16 sam-

60 896 167 28 manjemkning.

128 930 141 22 Beträffande
277 932 181 26 inledningen
467 930 35 22 till
510 931 37 22 det
555 930 24 22 af
584 930 108 23 utskottet
699 930 105 28 föreslag-

61 972 28 15 na
104 972 50 16 svar
168 966 28 26 på
211 965 142 23 förevarande
367 965 81 28 nådiga
461 965 135 28 proposition
611 964 40 22 har

130 1018 165 29 Ridderskapet
310 1018 43 23 och
368 1018 76 28 Adeln,

264 1070 158 27 godkännande
437 1070 42 21 den
489 1069 119 22 utskottets
615 1068 138 22 betänkande
760 1068 46 22 vid-

199 1105 77 26 fogade
284 1105 168 26 reservationen,
467 1104 92 22 beslutit
573 1105 34 20 att
621 1103 27 21 de
662 1103 143 27 stadganden,

198 1139 8 21 i
216 1139 102 22 afseende
333 1139 12 21 å
364 1139 74 21 hvilka
458 1138 133 22 Ständernas
605 1137 131 22 medverkan
750 1137 57 22 varit

199 1173 101 27 påkallad
315 1173 41 22 och
369 1179 47 16 som
430 1172 70 22 finnas
515 1172 89 27 intagna
617 1172 8 21 i
640 1171 24 28 $$
679 1172 56 21 1—6
745 1171 62 22 skola

200 1208 71 21 säsom
293 1213 27 15 en
336 1206 129 28 författning
483 1207 34 21 för
531 1207 33 27 sig
579 1206 105 26 utfärdas,
704 1207 56 20 samt
775 1207 33 19 att

200 1241 122 22 Ständerna
336 1242 8 20 i
359 1242 39 21 sitt
412 1240 150 27 underdäniga
577 1246 49 16 svar
640 1240 28 27 pä
678 1240 42 22 den
727 1239 80 27 nädiga

200 1275 162 28 propositionen
377 1275 70 21 skulle
462 1274 87 22 anhälla
556 1276 33 20 att
596 1274 129 27 regeringen
734 1274 73 21 samti-

200 1310 47 28 digt
260 1310 69 22 mätte
344 1310 85 27 utgifva
443 1316 27 16 en
484 1309 130 28 kungörelse
628 1308 137 22 beträffande
781 1308 26 21 de

200 1344 173 21 administrativa
387 1344 109 26 ätgärder,
506 1348 45 16 som
563 1343 127 26 regeringen
698 1343 44 20 kan
749 1342 59 21 finna

199 1377 89 27 nödiga;
303 1377 120 28 hvarjemte
438 1377 38 21 det
489 1376 127 27 Höglofliga
630 1375 92 22 Ständet

268 1412 57 22 velat
345 1412 7 21 i
373 1411 154 26 sammanhang
543 1410 49 23 med
607 1410 37 22 det
658 1409 150 28 underdäniga

200 1448 72 21 svaret
286 1446 65 23 hafva
365 1446 124 22 framhället
504 1446 37 21 det
551 1444 168 29 önskningsmäl,
731 1446 33 20 att
772 1451 36 15 an-

201 1482 75 27 tingen
290 1481 200 28 postexpeditioner
504 1479 67 23 mätte
581 1480 92 22 inrättas
684 1479 13 22 ä
707 1478 101 28 samtliga

132 1527 68 23 Bihang
205 1527 29 18 till
240 1527 174 18 Ekonomiutskottets
420 1526 112 19 Betänkande
544 1525 35 18 N:o
590 1525 17 18 2.
