1023 1709
232 156 28 21 20
431 153 22 21 U.
468 153 23 21 B.
508 165 27 3 —
549 152 62 28 Prop,
627 152 36 22 N:o
678 152 34 22 20.

272 217 110 21 Utskottet
399 216 39 20 har
455 215 47 21 icke
519 215 99 21 förbisett
636 216 36 20 det
690 216 119 20 önskvärda
823 216 7 20 i
846 217 31 19 att
892 221 59 21 spar-

204 252 76 22 kassor
301 250 63 22 äfven
384 250 65 21 bland
468 250 26 20 de
513 255 16 15 s.
545 250 20 20 k.
585 250 124 20 arbetarene
728 249 83 21 komme
831 249 32 21 till
883 249 68 21 stånd.

204 287 44 21 Det
261 286 68 21 måste
344 284 53 22 dock
412 286 66 19 sättas
493 284 8 20 i
516 284 60 26 fråga
591 284 103 21 huruvida
709 284 80 21 sådana
803 285 93 26 tvungna
909 284 43 21 för-

205 322 94 26 eningar,
314 326 46 15 som
374 318 39 22 här
427 318 87 27 åsyftas,
525 318 71 21 kunna
605 318 96 21 medföra
710 319 65 26 något
784 318 92 28 verkligt
886 324 65 21 gagn;

205 355 8 21 i
227 354 73 27 hvarje
315 354 38 21 fall
368 353 69 21 skulle
452 352 113 26 förslagets
580 352 143 22 realiserande
739 353 7 20 i
761 352 53 27 följd
829 352 23 22 af
860 352 92 28 flyttnin-

206 396 66 20 garna
289 388 48 22 från
353 394 25 15 en
393 388 99 20 kommun
511 386 33 22 till
563 392 67 16 annan
649 388 56 20 stöta
719 387 28 27 på
762 387 24 21 så
800 389 58 19 stora
873 387 79 27 prakti-

207 424 38 21 ska
259 422 139 27 svårigheter,
413 423 32 20 att
460 422 36 20 det
510 421 19 27 ej
544 420 70 22 kunde
629 420 143 28 genomföras;
784 422 38 20 och
832 422 57 20 hvad
899 427 54 15 sam-

206 458 77 21 hällets
303 456 120 27 skyldighet
438 457 31 19 att
482 457 51 25 taga
548 456 51 20 vård
614 461 34 15 om
663 455 128 21 nödlidande
807 455 107 27 beträffar,
930 456 23 20 så

206 492 95 22 inträder
319 492 68 20 denna
405 490 54 21 först
477 492 39 18 när
532 490 42 21 han
589 490 60 26 löper
663 489 47 22 fara
725 491 32 19 att
770 490 79 27 förgås.
880 486 73 31 Öfriga

207 525 251 23 samhällsmedlemmars
473 524 167 28 skyldighet
605 520 39 36 att
653 524 137 22 kontribuera
800 524 33 21 till
843 524 110 27 fattigvår-

208 561 40 21 den
263 560 94 27 grundar
372 559 32 27 sig
418 558 29 27 på
461 559 62 21 deras
538 559 54 27 pligt
607 560 31 19 att
652 559 48 21 med
715 559 33 21 sin
758 558 147 27 förmögenhet
915 559 39 21 och

207 596 8 22 i
229 601 50 16 mon
293 594 23 22 af
330 594 68 21 denna
415 593 89 26 bidraga
521 593 33 21 till
573 592 123 22 samhällets
714 593 94 26 utgifter.
838 594 68 21 Anses
922 600 32 15 ar-

207 631 89 21 betaren
317 629 47 21 icke
385 634 52 15 vara
455 628 7 21 i
480 628 62 21 stånd
560 629 32 20 att
609 628 87 26 erlägga
714 629 84 26 vanliga
816 628 138 28 fattigbidrag

208 665 54 21 eller
280 664 67 21 andra
363 662 134 22 kommunala
511 661 117 28 utskylder,
643 662 52 21 böra
711 662 79 22 sådana
804 663 46 21 icke
865 663 68 21 heller
947 664 7 20 i

207 700 56 20 form
278 698 23 22 af
313 696 188 29 pensionsafgifter
515 697 77 21 honom
607 696 109 22 affordras.
739 696 110 22 Utskottet
858 698 39 20 har
908 698 46 21 der-

207 734 46 21 före
268 733 47 21 icke
331 733 70 20 ansett
416 732 33 25 sig
463 732 72 20 kunna
549 731 86 21 förorda
649 730 92 22 berörda
755 732 87 27 förslag.

277 836 114 27 Angående
413 834 244 27 fattigvärdssamhällets
675 836 44 19 rätt
736 836 43 19 mot
796 835 51 25 dem,
863 842 42 14 som
922 836 32 20 åt-

208 872 60 27 njuta
282 869 120 28 fattigvård,
418 869 118 21 innehåller
551 869 39 21 den
605 869 78 26 nådiga
694 870 158 26 propositionen
863 870 91 21 bestäm-

209 906 84 25 melser,
309 910 45 16 som
369 904 145 26 väsendtligen
530 903 71 21 afvika
615 903 47 21 från
676 910 29 14 nu
720 904 104 26 gällande:

277 939 74 26 Enligt
365 939 12 26 $
393 938 26 21 36
435 938 8 20 i
457 937 150 27 förordningen
622 937 23 21 af
658 938 40 20 den
713 938 28 21 22
755 938 58 21 Mars
829 938 54 22 1852
893 938 63 22 hafva

209 972 251 28 fattighusföreståndare
475 972 39 20 och
530 972 32 26 de,
577 972 39 20 hos
631 972 71 20 hvilka
720 972 113 27 fattighjon
848 973 54 21 eller
916 973 40 21 fat-

209 1007 45 27 tiga
268 1008 53 20 barn
337 1006 100 26 antingen
455 1006 70 21 blifvit
539 1005 172 27 inackorderade,
727 1006 53 21 eller
794 1006 66 21 vistas
876 1006 12 21 å
903 1008 52 24 rote,

210 1043 53 21 eller
281 1041 39 21 ock
338 1040 33 22 till
390 1040 72 21 arbete
482 1040 128 26 emottagits,
629 1039 153 22 husbonderätt
800 1040 60 21 öfver
877 1040 79 22 sådana

210 1076 83 26 fattige;
315 1075 38 21 och
371 1074 28 26 på
417 1074 68 27 grund
504 1074 23 21 af
539 1074 150 26 förordningen
705 1080 34 15 om
754 1074 141 22 försvarslösa
909 1081 47 21 per-

211 1116 63 15 soner
292 1109 23 21 af
333 1110 40 20 den
391 1108 28 21 23
437 1108 88 20 Januari
545 1108 60 26 1865,
625 1110 24 18 är
667 1108 133 26 försvarslös,
820 1115 45 15 som
888 1109 68 26 åtnju-

210 1146 33 19 ter
261 1143 117 22 understöd
400 1142 23 21 af
443 1142 147 26 fattigvården,
610 1142 84 27 skyldig
716 1144 32 20 att
770 1142 54 22 efter
846 1144 110 26 anvisning

210 1178 91 21 förrätta
316 1177 36 21 det
365 1177 80 25 arbete,
460 1176 85 21 hvartill
560 1176 41 21 han
617 1176 40 21 kan
673 1182 40 20 ega
727 1176 101 27 förmåga,
840 1177 116 27 hvarjemte

211 1218 26 15 en
255 1212 66 21 sådan
338 1216 79 22 person
435 1210 46 26 kan,
499 1217 33 15 om
551 1211 41 20 han
611 1210 122 22 underlåter
748 1213 31 19 att
793 1211 116 21 verkställa
924 1218 32 14 ar-

210 1247 59 20 betet
284 1246 39 19 och
337 1245 47 19 icke
398 1244 55 20 låter
468 1245 31 25 sig
511 1244 23 20 af
544 1245 88 25 varning
642 1246 73 24 rättas,
727 1244 110 26 förpligtas
848 1247 32 18 att
890 1245 66 21 skaffa

211 1279 32 26 sig
262 1278 66 27 tjenst
345 1278 35 20 vid
398 1277 96 27 äfventyr
512 1278 32 20 att
561 1278 65 20 varda
643 1277 34 21 till
695 1278 88 20 allmänt
798 1278 73 21 arbete
887 1279 69 20 dömd.

212 1312 75 22 Såsom
301 1311 109 28 ofvanföre
425 1312 25 20 är
463 1311 122 21 framhållet
595 1311 42 21 kan
647 1312 33 20 väl
690 1311 127 22 kommunen
828 1312 66 27 enligt
903 1312 53 22 1852

212 1347 34 21 års
261 1346 123 26 förordning
399 1345 111 27 förpligtas
525 1347 33 19 att
571 1345 70 21 lemna
651 1345 139 28 fattigbidrag
800 1346 33 21 till
844 1352 25 15 en
880 1347 76 27 mängd

211 1381 202 26 understödstagare
431 1381 50 19 utan
500 1381 32 20 att
550 1379 59 22 öfver
628 1380 47 22 dem
691 1386 39 22 ega
744 1380 66 27 några
825 1381 131 27 rättigheter,

213 1416 25 22 de
254 1416 38 21 der
307 1415 70 21 kunde
391 1415 59 26 tjena
465 1414 69 22 såsom
549 1414 108 22 korrektiv
671 1417 45 19 mot
730 1415 136 28 hänsynslöst
880 1417 76 20 under-

213 1450 186 27 stödsbegärande.
428 1449 39 21 Väl
485 1449 118 22 innehåller
621 1450 150 27 förordningen
791 1451 40 21 den
849 1451 107 22 allmänna

280 1490 167 17 Ekonomiutskottets
458 1490 101 17 betänkande
571 1490 34 17 N:o
619 1490 14 17 8.
