1034 1706
240 143 26 19 16
524 141 52 22 N:o
593 140 54 22 30.

558 208 11 28 8
585 210 33 19 31.

282 248 65 21 Idkas
363 248 36 22 vid
414 248 71 21 fabrik
499 248 52 22 eller
562 254 70 15 annan
643 248 112 21 industriel
766 248 119 27 inrättning
895 249 13 20 å
918 248 45 22 lan-

211 284 37 20 det
270 283 82 21 rörelse
373 283 24 21 af
418 283 41 21 den
481 282 156 27 utsträckning,
661 284 32 20 att
713 282 75 22 dervid
807 283 108 27 begagnas
931 284 32 20 ett

212 319 69 20 större
301 317 58 21 antal
378 317 105 26 arbetare,
502 317 73 21 hvilka
592 318 78 26 utgöra
685 323 54 20 egna
754 317 87 27 matlag,
858 317 52 21 eller
924 317 40 21 har

210 351 139 22 innehafvare
368 352 22 20 af
405 352 50 26 jord
475 352 12 20 å
505 352 74 20 landet
593 352 28 26 på
637 351 46 21 sina
702 353 52 24 ägor
772 351 94 27 upplåtit
885 352 78 20 bostad

211 386 52 21 eller
281 386 57 27 plats
357 386 71 20 dertill
444 386 22 20 åt
481 385 198 27 backstugusittare
696 385 52 21 eller
762 385 145 27 inhyseshjon,
924 386 39 20 och

210 420 69 21 finnes
287 419 78 22 sådant
372 420 33 21 för
414 419 243 26 fattigvårdssamhället
665 419 96 21 medföra
768 420 118 26 väsentligt
893 421 70 19 större

209 456 75 25 tunga,
301 456 26 18 än
343 460 45 15 som
404 456 120 19 motsvaras
541 454 22 21 af
578 453 25 21 de
612 454 78 26 bidrag
701 453 152 22 innehafvaren
864 453 23 21 af
897 453 66 21 sådan

211 488 77 25 fabrik,
304 488 119 26 inrättning
439 488 52 21 eller
503 488 156 26 jordegendom
674 487 68 27 enligt
756 488 12 26 $
784 489 27 20 29
822 488 105 26 erlägger,
939 489 24 19 är

211 522 68 21 denne
290 521 77 27 pligtig
378 524 33 19 att
421 522 123 21 derutöfver
555 521 83 27 utgifva
648 521 104 22 särskildt
762 521 100 22 tillskott.
882 521 81 21 Härom

209 556 37 21 må
265 555 217 22 öfverenskommelse
501 556 78 21 mellan
598 555 236 28 fattigvårdsstyrelsen
851 555 39 22 och
905 556 58 21 inne-

211 589 102 22 hafvaren
332 589 81 26 träffas,
432 595 48 15 men
496 590 38 20 der
550 589 36 21 det
601 589 18 26 ej
636 589 55 26 sker,
708 591 51 25 äger
774 589 146 27 Guvernören,
936 589 29 27 på

211 623 248 28 fattigvårdsstyrelsens
475 623 96 28 yrkande
587 623 38 22 och
642 623 54 22 efter
706 624 36 21 det
753 624 152 21 innehafvaren
915 623 48 22 blif-

212 658 30 21 vit
256 657 62 26 hörd,
334 657 75 27 pröfva
425 656 105 23 huruvida
546 658 67 21 denne
627 658 39 21 bör
677 658 33 21 till
720 658 244 26 fattigvärdssamhället

212 692 88 27 erlägga
315 692 93 21 särskild
424 691 54 28 ärlig
494 691 69 28 afgift,
574 691 86 22 hvilken
670 692 35 21 mä
715 692 130 21 bestämmas
856 692 33 21 till
900 692 63 27 högst

212 732 37 15 sex
265 727 60 20 mark
341 726 33 21 för
389 726 73 27 hvarje
477 727 87 26 matlag.

559 789 11 28 $
586 791 34 20 32.

283 829 11 20 I
309 828 100 22 afseende
425 829 13 21 &
453 829 190 28 fattigafgifternes
662 829 127 28 debitering,
808 830 100 27 uppbörd
927 830 38 21 och

212 863 138 26 redovisning
365 863 67 27 gäller
447 863 7 20 i
471 864 65 26 öfrigt
551 864 7 21 i
573 863 128 27 tillämpliga
716 864 60 21 delar
791 864 56 21 hvad
861 871 33 15 om
905 864 59 22 kom-

212 897 185 27 munalutskylder
412 899 24 19 är
451 899 107 25 stadgadt.

526 988 67 19 Art.
610 989 41 17 VL

211 1029 44 21 Om
279 1029 307 26 fattigvärdssamhälles
613 1031 54 19 rätt
689 1032 51 19 mot
766 1031 64 26 dem,
854 1037 52 15 som
927 1031 38 21 ät-

319 1064 76 26 njuta
413 1063 157 27 fattigvärd;
589 1064 27 21 sä
634 1064 45 21 ock
699 1070 37 15 om
755 1065 102 26 tiggeri.

558 1126 11 27 8
588 1127 32 20 33.

286 1166 17 19 1.
334 1165 231 27 Fattigvärdsstyrelse
581 1166 129 21 tillkommer
725 1166 127 22 mälsmans-
868 1167 39 22 och
916 1168 51 21 hus-

213 1199 116 20 bonderätt
345 1198 59 21 öfver
419 1199 48 26 den,
478 1205 46 15 som
536 1199 22 21 af
567 1200 244 26 fattigvärdssamhället
821 1201 96 27 ätnjuter
927 1201 40 22 full

214 1233 38 20 och
272 1233 85 25 ständig
377 1233 136 26 försörjning,
531 1236 55 18 samt
601 1233 157 22 husbonderätt
774 1235 18 25 ej
808 1235 83 21 mindre
907 1236 60 20 öfver

210 1271 29 15 en
258 1265 59 25 hvar,
337 1271 46 15 som
402 1266 35 20 för
455 1266 32 25 sig
502 1266 84 27 uppbär
601 1267 118 21 understöd
736 1268 23 21 af
771 1267 153 28 fattigvärden,
939 1271 28 19 än

214 1299 40 21 ock
269 1299 60 20 öfver
344 1299 46 26 den,
407 1299 64 20 hvars
486 1299 78 22 hustru
580 1300 51 21 eller
646 1300 146 28 minderäriga
807 1302 54 21 barn
872 1303 95 27 ätnjuter

213 1333 40 21 full
264 1333 39 21 och
319 1333 86 27 ständig
415 1333 141 28 försörjning;
568 1334 98 27 gällande
678 1336 39 21 den
728 1336 127 22 mälsmans-
866 1337 39 22 och
915 1338 51 21 hus-

213 1367 116 22 bonderätt
345 1367 24 21 sä
384 1367 62 27 länge
461 1367 146 27 fattigvården
621 1369 83 22 fortfar.

285 1403 19 20 2.
327 1401 39 21 Om
385 1401 70 27 någon
471 1408 75 20 genom
562 1403 155 28 dryckenskap,
733 1405 64 27 lättja
812 1406 52 21 eller
874 1406 92 27 liknöjd-

213 1436 37 21 het
265 1436 92 26 ädrager
372 1436 33 21 sin
419 1436 77 21 hustru
508 1437 52 21 eller
571 1438 38 21 sitt
618 1439 145 27 minderäriga
773 1439 54 22 barn
838 1441 67 21 sädan
915 1441 50 26 nöd,

212 1471 33 20 att
260 1470 118 27 fattigvård
393 1471 68 21 måste
477 1471 48 21 dem
541 1472 87 26 lemaas,
645 1473 55 20 skall
714 1474 48 26 han,
774 1474 62 21 äfven
847 1475 38 21 der
897 1475 69 21 denna
