1020 1706
249 149 12 20 6
432 148 27 18 U.
477 150 27 17 B.
520 158 26 3 —
562 149 81 21 Prop.
659 148 45 17 N:o
719 147 36 18 18.

222 216 24 20 så
267 215 66 21 framt
355 215 25 21 de
404 214 47 22 icke
466 214 77 26 sjelfva
558 219 76 21 genom
651 218 53 21 egna
718 212 130 26 handlingar
863 213 53 25 göra
930 212 33 26 sig

223 249 116 27 oförtjenta
362 248 69 25 deraf;
453 247 100 21 hvarföre
578 246 65 22 också
658 247 27 21 de
700 246 111 26 skrankor,
827 245 74 21 hvilka
915 257 27 3 —
956 245 8 21 i

222 282 104 22 Finlands
344 282 137 27 lagstiftning
498 281 84 22 mindre
600 282 26 19 än
646 280 6 20 i
670 280 87 26 månget
777 281 66 19 annat
856 279 63 21 lands
935 279 29 21 la-

223 324 38 20 gar
286 329 22 3 —
332 316 57 21 varit
410 316 116 26 uppstälda
545 315 6 21 i
574 314 101 22 afseende
690 314 12 21 å
717 314 153 21 bastardernes
885 313 80 21 sociala

223 351 40 21 och
278 350 103 27 politiska
396 350 136 26 rättigheter,
547 349 67 21 redan
623 348 130 27 längesedan
769 348 41 21 fått
825 348 57 21 falla.

290 384 84 21 Endast
392 384 7 21 i
415 384 60 26 fråga
490 390 33 14 om
540 384 26 20 de
581 382 64 22 oäkta
659 383 93 21 barnens
769 382 129 27 rättigheter
905 383 60 26 gent-

224 421 56 19 emot
295 419 27 20 de
337 418 98 27 familjer,
450 418 73 20 hvilka
539 418 26 20 de
580 423 76 20 genom
671 416 33 21 sin
720 416 68 21 födsel
805 416 33 21 stå
853 418 58 24 nära,
927 416 39 21 har

223 459 50 15 man
297 453 47 20 haft
366 452 86 21 svårare
475 453 32 20 att
525 451 85 22 komma
625 451 33 20 till
674 451 92 21 klarhet.
795 450 40 21 Att
850 450 62 22 fader
926 450 40 22 och

224 487 73 22 moder
318 489 37 19 äro
374 486 100 27 skyldiga
489 488 32 19 att
536 485 128 22 underhålla
679 485 39 21 och
733 485 113 27 uppfostra
861 485 37 21 det
912 485 54 21 barn

224 522 23 20 åt
269 521 83 21 hvilket
371 521 27 20 de
416 520 63 27 gifvit
494 519 91 28 upphof:
601 519 73 21 derom
690 521 24 19 är
728 525 49 15 man
792 519 102 26 temligen
909 525 57 15 ense.

225 556 49 21 Men
294 555 107 21 huruvida
416 555 39 21 och
469 555 7 20 i
492 554 56 21 hvad
563 554 49 21 mån
627 554 76 21 barnet
718 553 65 22 också
798 553 55 22 skall
869 559 39 22 ega
923 555 45 19 rätt

225 591 33 20 att
273 589 61 22 ärfva
349 589 54 26 dem,
419 589 39 21 och
474 590 27 19 än
516 595 59 15 mera
589 588 108 21 huruvida
712 587 91 22 arfsrätt
817 588 39 21 bör
866 587 102 28 tilläggas

225 625 119 20 detsamma
365 623 65 21 också
452 622 54 22 efter
526 622 145 21 föräldrarnes
687 621 133 28 skyldemän,
835 623 37 20 äro
888 622 79 27 frågor,

225 658 36 21 vid
285 657 84 22 hvilkas
393 657 133 21 besvarande
548 657 110 26 åsigterna
681 656 133 22 fortfarande
834 658 37 19 äro
886 657 82 26 ganska

226 691 82 22 delade.

292 725 75 26 Enligt
386 724 164 27 Lagutskottets
570 724 87 27 mening
677 724 43 21 kan
739 724 115 27 lösningen
869 724 23 21 af
906 725 63 21 dessa

226 759 104 27 spörsmål
346 759 142 25 underlättas,
503 759 8 20 i
526 759 38 20 fall
578 765 50 14 man
643 758 112 22 fasthåller
771 759 41 21 den
824 759 89 26 olikhet,
924 765 44 15 som

227 800 50 21 eger
292 800 47 15 rum
354 793 7 21 i
377 793 101 22 afseende
494 793 12 21 å
520 793 89 21 barnets
625 792 134 22 förhållande
775 793 13 21 å
803 799 40 15 ena
858 793 62 22 sidan
936 793 32 21 till

227 829 49 20 dess
298 828 108 21 föräldrar
427 827 40 21 och
490 827 12 21 å
525 827 68 21 andra
615 827 62 21 sidan
700 827 33 21 till
750 827 26 22 de
792 828 87 26 slägter,
894 828 74 21 hvilka

226 862 136 21 föräldrarne
382 861 95 26 tillhöra,
500 863 56 19 samt
579 861 40 21 den
643 861 58 21 olika
722 861 76 27 grund,
821 861 82 27 hvarpå
917 861 53 22 arfs-

227 897 71 20 rätten
322 895 54 22 efter
399 895 107 21 föräldrar
528 895 40 22 och
591 895 56 21 efter
669 895 68 21 andra
759 895 125 28 skyldemän
907 901 63 21 synes

226 930 65 21 hvila.

296 964 75 20 Såsom
394 963 125 21 samhällets
542 964 35 20 rot
599 963 39 21 och
661 963 106 26 grundval
789 960 40 24 har
851 963 41 21 den
908 963 23 21 af
945 964 26 20 de

227 998 52 21 äkta
293 998 103 20 makarne
411 997 87 21 bildade
513 996 96 27 familjen
625 996 34 21 till
675 996 86 27 uppgift
775 998 33 20 att
823 997 18 27 ej
857 997 57 21 blott
928 997 43 21 för-

227 1032 68 26 ljufva
309 1031 114 21 makarnes
440 1032 49 25 eget
504 1030 26 21 lif
544 1032 52 20 utan
612 1030 62 22 äfven
690 1031 129 21 underhålla
830 1031 39 21 och
879 1031 34 21 till
924 1032 47 20 sed-

227 1066 44 26 lige
292 1065 139 21 medlemmar
452 1064 23 22 af
496 1064 113 22 samhället
629 1064 113 27 uppfostra
757 1064 27 22 de
799 1065 60 26 barn,
875 1071 45 15 som
935 1067 36 19 äro

227 1100 84 20 frukter
330 1099 23 21 af
374 1099 62 21 deras
458 1098 129 28 äktenskap;
603 1099 40 21 och
659 1099 40 21 den
714 1099 155 26 förmögenhet,
885 1098 87 22 hvilken

227 1134 101 20 makarne
348 1133 36 20 vid
404 1132 130 27 giftermålet
554 1132 139 22 sammanfört
708 1133 53 21 eller
775 1133 69 21 nnder
859 1133 113 21 äktenska-

228 1169 36 25 pet
279 1166 114 26 förvärfva,
410 1168 23 19 är
448 1166 85 22 derföre
548 1166 65 22 också
627 1167 7 20 i
650 1166 89 22 främsta
754 1169 92 19 rummet
857 1167 75 21 afsedd
941 1168 32 20 att

227 1201 116 27 tillgodose
364 1201 63 20 dessa
441 1201 113 21 intressen.
585 1200 90 22 Säsnart
689 1201 82 21 barnen
786 1201 88 21 utträda
889 1207 26 15 ur
930 1201 42 21 för-

228 1235 154 21 äldrahemmet
404 1234 33 21 för
455 1236 33 19 att
506 1234 134 27 grundlägga
663 1241 54 19 egna
731 1235 92 26 familjer
838 1235 53 21 eller
905 1235 68 21 under

229 1270 49 24 eget
292 1267 84 21 förvärf
388 1267 147 27 sjelfständigt
550 1268 65 20 verka
630 1268 57 20 inom
703 1268 119 26 samhället,
831 1268 85 26 upphör
926 1268 46 21 der-

228 1302 52 26 före,
296 1302 86 26 strängt
400 1302 66 26 taget,
486 1301 62 21 deras
570 1303 43 19 rätt
628 1302 34 20 till
677 1302 93 27 anspråk
784 1302 28 27 på
827 1302 146 22 föräldrarnes

228 1335 149 27 förmögenhet
399 1336 32 20 att
453 1335 63 22 stöda
537 1335 33 28 sig
592 1336 58 27 uppå
673 1336 94 22 nämnda
781 1336 76 28 grund,
873 1336 100 22 hvarföre

228 1370 59 21 vissa
300 1369 162 28 lagstiftningar
478 1370 62 21 äfven
557 1382 24 3 —
597 1370 72 21 såvidt
685 1370 62 22 deras
758 1371 83 27 hänsyn
855 1371 34 21 till
905 1371 27 21 de
942 1371 31 21 hi-

229 1404 94 22 storiska
338 1403 196 23 ättförhållandena
548 1404 48 22 icke
613 1405 95 27 uppstält
718 1405 66 28 något
795 1405 62 22 deraf
864 1406 107 22 beroende

227 1439 76 21 hinder
323 1450 26 3 —
369 1438 75 21 tillåtit
461 1439 134 22 föräldrarne
615 1441 33 20 att
665 1440 204 22 borttestamentera
896 1440 32 22 all
940 1441 33 21 sin

228 1473 150 26 förmögenhet
393 1474 55 20 samt
462 1473 59 28 gjort
535 1474 111 27 undantag
662 1475 77 22 endast
753 1475 34 21 till
802 1474 83 23 förmån
893 1475 34 21 för
938 1475 35 21 de-

294 1517 127 23 Lagutskottets
434 1519 110 17 Betänkande
557 1519 34 17 N:o
604 1519 16 17 5.
