1039 1700
292 136 30 24 U.
340 137 28 22 B.
389 150 31 3 —
438 138 78 26 Prop.
534 138 47 22 N:o
599 139 33 22 11.
789 137 12 22 9

87 203 64 23 hetas
177 202 7 24 i
212 202 36 25 det
266 203 64 31 syfte,
354 204 33 24 att
406 204 136 31 skjutslesan
560 205 61 24 såväl
639 204 8 24 i
667 205 55 29 stad,
747 211 47 17 som
810 205 29 30 pä

87 236 76 24 landet
182 236 70 25 skulle
270 238 80 30 utgöra
370 239 29 23 16
419 238 65 30 penni
503 238 34 24 för
558 239 87 23 versten
669 239 28 23 dä
715 246 27 16 en
760 245 79 24 person

87 270 53 24 åker
158 271 56 23 efter
232 278 27 16 en
277 272 59 28 häst,
355 272 57 24 samt
432 274 31 22 20
482 272 65 31 penni
571 280 34 16 om
625 274 38 22 två
682 279 103 24 personer
803 273 36 23 be-

88 312 75 23 gagna
185 312 27 17 en
230 306 40 23 och
290 312 82 18 samma
390 306 57 30 häst,
466 307 52 23 utan
537 306 103 24 afseende
659 307 28 30 pä
707 314 35 16 om
760 306 79 30 skjuts-

87 338 83 31 ningen
193 340 161 29 upprätthälles
376 347 80 24 genom
474 340 145 31 entreprenad
637 341 55 23 eller
710 341 90 30 utgöres
818 340 22 24 in

87 373 86 29 natura,
202 373 123 31 ersättning
342 374 35 24 för
394 374 157 31 begagnandet
569 375 25 23 af
610 375 140 29 skjutsandes
769 374 71 24 äkdon

89 407 40 24 och
155 407 135 31 körredskap
312 407 7 24 i
336 408 75 30 hvarje
430 408 39 24 fall
488 408 45 24 deri
551 408 141 31 inbegripen;
719 408 121 30 hvarjemte

88 441 165 24 Bondoständet
280 442 92 30 inbjudit
398 442 72 31 öfriga
497 443 65 24 stånd
589 443 33 24 att
648 443 77 24 förena
752 443 35 31 sig
805 450 35 17 om

88 475 95 25 nämnda
200 476 80 24 beslut.

157 521 33 24 På
212 521 45 24 sätt
276 522 64 24 ofvan
358 521 129 31 uppgifvits,
506 523 41 23 har
565 523 71 23 denna
654 522 130 31 inbjudning
802 530 38 16 an-

89 555 69 32 tagits
186 556 24 23 af
234 555 174 30 Presteständet,
426 556 78 25 medan
528 556 162 31 Ridderskapet
708 556 41 25 och
768 556 71 25 Adeln

88 591 58 23 samt
163 590 195 30 Borgareständet,
377 591 70 30 enligt
465 591 57 24 hvad
540 591 6 23 i
565 591 107 24 utskottet
681 591 112 31 upplysts,
803 592 37 23 be-

89 625 62 24 slutit
178 625 34 23 att
238 625 118 30 uppskjuta
378 625 71 24 denna
466 625 65 31 fräga
548 625 36 24 till
602 626 50 23 dess
670 625 169 30 sammanjemk-

89 658 151 32 ningsförslag
258 659 48 23 frän
325 659 108 24 utskottet
450 659 121 24 inkommit.

158 703 42 25 Vid
218 705 78 23 sådant
314 705 136 24 förhållande
469 705 40 24 har
527 705 108 24 utskottet
654 705 73 24 funnit
745 705 37 24 det
795 705 46 24 icke

89 739 123 24 tillkomma
224 739 108 24 utskottet
346 739 33 24 att
392 740 76 30 bygga
481 739 39 24 sitt
533 740 83 30 förslag
629 739 7 24 i
648 740 73 23 ämnet
731 740 28 30 på
769 740 73 30 någon

88 773 160 31 förutsättning
267 780 34 17 om
315 774 36 23 det
365 774 78 29 beslut,
458 773 89 24 hvartill
561 774 143 23 omförmälda
713 773 129 32 inbjudning

89 807 147 31 tilläfventyrs
264 807 42 24 kan
333 808 86 23 komma
446 808 33 24 att
501 809 61 30 gifva
585 807 126 32 anledning,
731 809 53 23 utan
802 808 41 23 har

89 842 108 24 utskottet
216 842 72 23 ansett
307 841 34 31 sig
359 841 36 24 vid
412 843 155 30 uppgörandet
577 842 24 23 af
609 841 233 32 sammanjemknings-

89 876 109 31 förslaget
217 876 51 24 böra
286 876 54 31 taga
358 876 90 31 ledning
466 877 78 24 endast
563 877 24 24 af
603 877 26 23 de
648 877 80 29 beslut,
748 883 46 18 som
812 884 31 16 nu

89 911 110 30 förelegat
216 911 114 29 utskottet,
341 911 57 24 samt
416 911 147 31 följaktligen,
583 911 8 23 i
608 911 100 30 enlighet
722 911 48 24 med
785 911 57 24 hvad

89 945 7 24 i
115 945 73 31 dylika
207 945 39 24 fall
264 945 106 29 förfarits,
388 945 54 24 söka
460 946 41 23 den
527 945 120 31 jemkning,
675 952 46 17 som
748 945 95 24 nämnda

89 980 84 24 besluts
192 979 137 24 förhållande
347 979 34 24 till
400 979 131 30 hvarandra,
550 981 111 23 äfvensom
677 979 35 24 till
721 979 121 24 utskottets

89 1014 138 25 betänkande
253 1014 40 24 och
320 1013 33 24 till
381 1021 29 17 nu
429 1015 103 30 gällande
550 1015 39 30 lag
607 1015 97 23 närmast
723 1015 66 30 gåfve
808 1014 33 24 vid

89 1049 94 23 handen.

157 1088 43 24 Vid
219 1088 205 31 sammanställning
442 1089 24 23 af
482 1089 26 23 de
528 1088 90 24 anförda
627 1089 104 23 besluten
744 1088 98 30 framgår

90 1130 25 17 ur
133 1123 120 23 desamma:
272 1123 34 24 att
324 1123 41 23 den
383 1122 81 31 nådiga
477 1123 176 31 propositionens
670 1122 40 25 och
723 1123 119 23 utskottets

89 1157 91 30 förslag,
200 1157 33 23 att
250 1157 113 24 fastställa
381 1164 27 17 en
417 1156 69 31 högre
496 1156 138 32 skjutslega
627 1152 11 40 i
645 1156 108 24 händelse
763 1156 80 31 skjuts-

90 1191 82 30 ningen
194 1192 90 29 utgöres
305 1192 29 30 på
352 1192 145 29 entreprenad
515 1191 78 24 endast
613 1191 25 23 af
654 1192 33 22 ett
705 1191 65 24 stånd
789 1191 53 30 god-

89 1225 76 28 känts;
188 1224 138 31 följaktligen
345 1226 39 22 bör
402 1225 61 24 detta
480 1225 85 31 förslag
582 1224 89 25 förfalla
691 1224 40 25 och
749 1225 67 30 legan
834 1224 8 24 i

89 1260 57 24 båda
173 1259 68 24 fallen
268 1258 68 25 blifva
363 1259 51 24 lika.
451 1260 108 30 Beloppet
587 1259 24 23 af
629 1259 71 23 denna
718 1258 123 32 skjutslega

90 1297 24 20 är
141 1293 24 23 af
190 1294 33 22 tre
250 1293 64 23 stånd
338 1292 7 24 i
363 1293 120 24 allmänhet
501 1293 100 24 bestämd
618 1292 34 24 till
673 1294 30 22 16
723 1292 66 31 penni
808 1293 33 23 för

89 1327 89 23 versten
196 1327 34 23 för
247 1326 75 30 hvarje
340 1327 61 28 häst;
420 1334 50 16 men
488 1328 37 22 det
538 1327 58 22 inom
609 1327 165 22 Bondeståndet
783 1326 58 30 gjor-

90 1360 27 24 da
143 1360 112 30 tillägget,
278 1360 34 23 att
329 1360 66 29 legan
413 1360 66 23 borde
498 1360 67 23 blifva
583 1360 69 30 högre
671 1360 48 23 ifall
736 1360 37 22 två
792 1367 48 23 per-

90 1401 64 17 soner
163 1394 103 30 begagna
284 1400 27 17 en
329 1394 58 29 häst,
406 1396 24 21 är
448 1394 25 23 af
490 1394 77 24 endast
585 1394 37 23 två
641 1393 64 24 stånd
723 1392 118 25 omfattadt

90 1428 40 24 och
148 1428 90 24 innebär
257 1435 26 16 en
302 1428 104 24 afvikelse
424 1428 50 24 från
492 1428 37 24 det
547 1427 117 25 bestående
683 1428 56 23 samt
757 1428 39 23 bör
805 1428 35 23 så-

89 1463 60 24 ledes
177 1463 29 30 på
232 1463 71 24 denna
329 1462 72 31 grund
428 1462 95 25 förfalla.
559 1462 117 24 Likaledes
694 1462 62 24 torde
774 1461 65 25 äfven

115 1514 73 23 Bihang
202 1513 28 18 till
243 1514 102 17 Sammans.
360 1513 48 23 Lag-
420 1519 16 12 o.
444 1513 185 18 Ekonomiutskottets
643 1512 110 18 betänkande
765 1512 38 18 N:o
817 1512 20 18 4.
