1025 1709
323 136 24 22 U.
362 136 23 22 B.
399 149 28 3 —
443 137 63 29 Prop.
521 137 36 23 N:o
572 137 34 23 20.
799 140 13 20 9

88 200 135 28 förpligtade,
244 200 27 22 då
290 201 26 21 de
334 201 29 27 på
380 203 97 21 närmare
497 202 43 22 håll
558 202 67 22 blifva
640 202 7 22 i
662 203 86 22 tillfälle
764 205 31 19 att
810 204 31 21 öf-

88 237 88 25 vertyga
199 236 33 27 sig
254 242 34 15 om
310 236 87 21 hvartill
419 237 84 21 medlen
522 237 114 21 användas.
669 238 112 21 Utskottet
799 238 42 21 kan

89 269 85 22 derföre
189 270 19 26 ej
224 272 66 19 annat
304 272 26 19 än
345 271 8 20 i
369 271 42 21 allo
427 271 51 26 gilla
493 271 103 27 förslaget
611 273 31 20 att
656 272 22 21 åt
689 272 152 22 kommunerna

88 303 131 22 öfverlemna
238 305 32 20 att
284 305 8 20 i
308 304 39 21 och
362 305 33 20 för
410 305 154 27 fattigvärdens
579 305 163 22 handhafvande
757 306 84 22 fördela

88 338 32 27 sig
141 338 8 21 i
164 339 92 26 distrikt,
276 339 26 21 de
320 339 39 21 der
377 339 60 27 egde,
453 340 100 27 antingen
568 340 8 21 i
591 341 39 20 allt
644 341 57 21 hvad
717 341 72 21 dertill
803 341 38 22 hö-

87 379 41 20 rer,
148 373 54 21 eller
220 373 48 21 med
287 373 144 28 begränsning
448 375 8 20 i
474 375 57 20 vissa
551 375 65 26 delar,
631 375 63 21 hvart
709 375 33 21 för
757 376 33 26 sig
804 376 37 21 be-

88 407 58 26 sörja
162 407 32 21 sin
210 407 123 28 fattigvärd,
350 408 39 21 och
399 409 73 21 hvilka
482 409 83 21 säledes
580 415 51 15 vore
646 410 65 26 nägot
721 410 46 21 helt
777 412 66 19 annat

88 443 26 19 än
126 442 26 21 de
168 441 92 27 distrikt,
278 449 33 14 om
326 442 73 21 hvilka
415 443 10 27 $
445 443 12 21 9
468 443 73 22 i1852
552 443 34 22 års
598 443 124 28 förordning
732 444 108 22 förmäler.

86 476 43 21 Det
147 478 25 19 är
189 477 103 26 naturligt
311 477 39 21 och
369 477 22 21 af
408 477 99 27 gällande
522 478 133 27 lagstiftning
670 479 7 20 i
693 479 65 26 öfrigt
772 479 69 21 betin-

86 511 58 26 gadt,
160 512 32 20 att
206 511 164 21 kommunernas
385 511 127 28 befogenhet
527 513 47 20 icke
589 512 34 21 får
638 513 85 21 sträcka
738 513 32 27 sig
786 514 55 21 ända

87 545 86 26 derhän,
189 547 31 19 att
236 545 26 22 de
276 545 72 22 kunde
363 546 7 21 i
385 545 125 28 fattigvårds
525 547 122 21 hänseende
662 547 90 27 upplösa
767 547 32 28 sig
808 548 32 21 uti

88 579 75 26 skilda,
180 579 24 22 af
217 579 128 22 kommunen
360 581 7 20 i
383 581 32 20 sin
426 581 72 21 helhet
508 581 39 21 och
558 581 23 21 af
589 582 120 21 hvarandra
721 582 120 21 oberoende

86 614 118 21 samhällen
230 614 39 21 och
287 614 28 27 på
334 615 63 20 dessa
416 615 99 27 delegera
534 615 138 22 kommunens
688 616 152 27 förpligtelser,

85 650 52 20 utan
156 649 68 21 måste
239 649 128 21 kommunen
382 649 7 21 i
405 649 32 21 sin
452 649 72 22 helhet
540 650 126 21 åtminstone
682 652 109 25 gentemot
807 651 33 20 så-

85 683 35 21 väl
139 683 36 21 det
194 683 112 26 allmänna,
328 689 45 15 som
393 683 68 27 öfriga
480 684 251 27 fattigvårdssamhällen,
751 685 8 20 i
773 685 68 21 första

84 717 58 21 hand
160 717 67 22 blifva
243 718 99 26 ansvarig
357 718 34 21 för
405 718 102 27 behöriga
522 718 145 27 fullgörandet
682 719 23 21 af
719 719 26 21 de
760 719 81 21 förbin-

85 752 77 27 delser,
182 759 46 15 som
247 752 128 22 kommunen
394 753 79 27 ålagts;
492 753 38 22 och
549 753 124 27 godkänner
687 753 106 22 utskottet
808 754 33 21 så-

84 788 60 21 ledes
163 788 7 21 i
186 788 42 21 allo
244 788 26 21 de
285 788 160 27 bestämningar
459 788 7 21 i
482 788 11 28 $
509 789 27 21 10
550 795 85 15 momm.
652 789 11 21 1
680 788 40 22 och
735 789 14 21 5
764 791 55 19 samt
833 789 8 21 i

86 822 11 28 $
117 823 33 25 16,
170 829 46 15 som
233 822 103 22 innebära
353 823 179 27 inskränkningar
550 823 7 21 i
577 823 140 22 förevarande
733 824 107 21 afseende.

85 857 33 22 De
137 857 69 27 öfriga
225 857 69 22 vilkor
308 857 40 22 och
363 857 111 27 förbehåll,
491 864 44 15 som
549 857 68 22 finnas
632 860 109 25 upptagna
755 859 7 20 i
777 858 65 21 först-

84 892 92 21 nämnde
196 892 18 27 $,
233 892 61 21 torde
313 892 110 27 likaledes,
443 893 69 21 såsom
530 892 179 27 hufvudsakligen
730 892 111 28 äsyftande

85 928 32 19 att
136 927 68 20 under
222 927 43 20 alla
279 926 148 22 förhållanden
443 927 115 27 förebygga
574 934 26 14 en
619 927 70 27 ojemn
704 927 137 27 fattigvårds-

84 963 67 25 tunga
171 961 39 21 och
229 961 120 27 dymedelst
368 961 63 22 äfven
451 963 31 20 att
496 962 134 26 undanrödja
644 961 90 22 hindren
749 962 34 21 för
797 961 44 22 för-

85 995 114 27 delningen
218 996 7 21 i
245 995 86 22 distrikt
351 997 54 20 samt
421 996 166 27 anledningarna
602 996 33 21 till
651 996 136 27 obilligheter
802 997 39 20 och

84 1031 82 25 tvister,
182 1030 72 21 kunna
268 1031 96 25 antagas.

153 1065 41 21 Väl
208 1065 39 21 har
257 1065 57 21 inom
329 1065 104 21 utskottet
444 1065 108 21 anmärkts
562 1065 102 21 hurusom
675 1065 36 22 det
721 1065 119 27 stadgande

84 1099 8 21 i
115 1099 11 28 &
150 1100 34 26 10,
206 1099 28 27 på
255 1099 69 27 grund
346 1099 23 21 af
385 1099 82 21 hvilket
485 1099 61 28 fråga
568 1105 34 15 om
622 1099 218 28 distriktsfördelning

84 1134 70 21 skulle
175 1133 93 27 förfalla,
291 1134 72 21 derest
383 1134 47 21 icke
452 1134 64 21 minst
537 1140 26 15 en
582 1134 105 27 tredjedel
707 1134 23 21 af
743 1135 96 21 kommu-

84 1174 54 15 nens
152 1168 50 21 hela
217 1168 122 27 röstbelopp
355 1168 95 21 närvarit
464 1169 37 21 vid
510 1169 93 20 beslutet
614 1169 38 20 och
663 1169 64 20 minst
737 1169 36 20 två
783 1169 58 21 tred-

82 1202 90 27 jedelar,
196 1202 54 21 efter
272 1202 119 26 röstetalet,
414 1202 24 21 af
455 1203 61 21 desse
535 1209 34 14 om
586 1203 94 20 beslutet
699 1203 33 26 sig
751 1203 90 26 förenat,

85 1237 84 21 komme
192 1238 32 19 att
245 1236 111 21 motverka
377 1236 148 27 fördelningen
542 1237 8 20 i
570 1237 91 26 distrikt,
682 1237 26 21 då
727 1237 68 21 sällan
815 1243 26 15 en

84 1271 106 27 tredjedel
213 1270 23 22 af
252 1271 139 21 kommunens
410 1271 49 21 hela
478 1271 121 27 röstbelopp
619 1277 50 16 vore
688 1271 36 21 vid
744 1271 96 21 kommu-

84 1306 128 20 nalstämma
231 1306 179 26 representeradt.
440 1306 43 21 Det
501 1312 62 21 synes
578 1306 105 21 utskottet
698 1306 54 20 dock
767 1306 75 26 nödigt

85 1341 32 18 att
131 1340 66 19 träffa
211 1340 70 25 någon
297 1340 76 25 åtgärd
387 1340 33 19 till
435 1340 159 26 förebyggande
604 1340 24 20 af
636 1340 123 20 förhastade
770 1340 72 20 beslut

88 1373 39 20 och
145 1373 28 26 på
189 1373 36 21 det
239 1373 47 21 icke
302 1379 26 14 en
343 1374 109 25 gentemot
466 1374 49 20 hela
529 1373 128 21 kommunen
673 1373 110 27 obetydlig
797 1380 45 14 ma-

83 1406 81 27 joritet,
180 1412 45 16 som
240 1406 107 22 måhända
361 1406 64 22 funne
441 1407 75 21 sådant
531 1407 139 27 fördelaktigt
680 1407 35 21 för
725 1407 39 27 sig,
775 1407 66 22 måtte

84 1441 72 21 kunna
178 1448 76 20 genom
276 1442 72 20 beslut
369 1448 34 15 om
427 1441 217 28 distriktsfördelning
662 1442 69 21 vältra
751 1448 25 15 en
794 1448 48 20 pro-

153 1482 171 17 Ekonomiutskottets
335 1482 104 17 betänkande
451 1482 34 17 N:o
499 1482 15 16 8.
