1031 1709
264 142 31 20 U.
311 142 31 20 B.
358 153 26 4 —
400 142 86 26 Prop.
501 142 49 21 N:o
566 144 26 20 2.
771 143 25 20 13

178 208 68 21 vande
269 208 78 28 borgen
357 209 41 27 för
414 210 31 20 all
460 210 68 21 skada
547 210 39 20 och
601 210 99 24 kostnad,
719 210 37 20 och
772 212 54 25 tage,

178 242 57 20 inom
257 249 82 14 samma
354 243 39 26 tid,
419 242 37 21 hos
475 244 109 20 Domaren
605 242 98 28 skriftlig
718 244 109 26 stämning

177 276 13 20 å
214 276 40 21 den
276 283 44 13 som
337 276 44 28 jäf
397 278 62 26 göres
481 279 49 23 mot,
552 279 56 17 samt
624 276 103 27 fullfölje
743 277 35 20 det
792 277 36 20 vid

179 310 117 20 domstolen
320 310 13 20 å
348 310 33 20 tid
396 316 42 14 som
455 310 109 21 Domaren
579 310 8 20 i
602 310 136 27 stämningen
752 313 76 23 utsatt,

178 344 38 20 och
238 344 72 28 styrke
329 344 77 27 tillika,
430 347 32 18 att
484 344 78 28 borgen
584 344 67 21 ställd
672 344 39 21 och
725 345 103 27 godkänd

178 378 78 27 blifvit.
286 378 140 22 Försummas
440 380 67 26 något
528 378 79 28 häraf:
631 378 64 28 hafve
720 379 40 21 den
779 380 48 27 jäf-

178 413 69 21 vande
262 413 32 21 all
310 413 60 21 talan
382 413 106 27 förlorat.

218 447 50 21 Har
284 447 44 28 jäf
344 447 37 21 hos
396 447 156 28 Kyrkoherden
568 448 8 20 i
586 447 133 27 förenämnd
734 448 94 28 ordning

178 482 104 20 anmälts:
304 481 57 21 skall
382 482 48 20 med
448 482 80 27 vigseln
544 482 70 24 anstå,
631 482 45 20 tills
691 482 37 21 hos
744 481 84 28 Kyrko-

179 516 81 20 herden
275 516 115 21 inlemnats
405 516 121 21 Domarens
542 516 55 21 bevis
617 516 103 25 deröfver,
737 518 33 19 att
781 516 48 28 jäf-

179 552 31 19 vet
224 551 20 27 ej
255 550 115 27 fullföljdt
386 552 32 23 är,
434 551 52 20 eller
501 552 31 19 att
547 550 79 27 utslag,
635 550 136 28 hvarigenom
783 551 46 21 det-

178 591 82 15 samma
272 584 131 27 förkastats,
420 585 76 20 vunnit
510 585 50 26 laga
576 584 66 27 kraft.

219 618 83 21 Finner
318 618 114 26 Domaren,
448 621 32 19 att
497 619 49 26 laga
562 618 48 21 skäl
625 618 35 21 till
662 618 72 28 jäfvet
742 620 20 26 ej
767 618 62 27 före-

179 654 95 20 kommit:
296 653 45 21 böte
360 652 112 22 käranden
488 654 60 26 tjugu
566 653 62 21 daler
643 653 51 20 eller
709 660 65 18 mera,
790 653 38 21 och

179 690 56 18 rätte
250 694 44 20 upp
310 688 32 19 all
356 686 74 21 skada.
460 686 50 22 Har
520 686 72 28 jäfvet
607 687 20 27 ej
643 687 9 20 å
660 689 67 23 ofvan
735 687 93 27 stadgad

182 722 32 20 tid
232 721 124 27 fullföljts:
378 720 63 28 hafve
462 720 136 28 fästehjonen
614 720 38 21 ock
666 723 46 19 rätt
726 721 35 21 till
771 720 58 27 fullt

180 755 130 21 skadestånd
326 754 29 27 af
368 754 130 27 jäfvanden,
513 754 52 27 ifall
580 754 26 21 de
620 754 80 21 sådant
713 754 84 26 fordra.

558 826 21 22 C.
598 824 22 24 A.
640 819 120 36 Öhrnberg.

154 881 163 20 Undertecknad
340 881 83 19 förenar
446 881 31 26 sig
499 882 6 18 i
528 880 132 20 förestäende
678 881 151 19 reservation
817 876 16 35 i

86 917 68 25 öfrigt,
170 916 90 20 förutom
276 917 31 17 att
319 916 37 25 jag
372 914 122 27 godkänner
517 914 116 20 Utskottets
650 914 132 21 betänkande
797 915 31 19 sä-

84 951 45 19 vidt
146 950 134 20 bötesansvar
296 948 31 21 för
342 949 143 20 försummelse
501 952 30 17 att
546 949 94 19 anmäldt
652 948 34 27 jäf
698 951 48 17 emot
756 949 71 20 äkten-

86 986 52 25 skap
156 984 89 26 fullfölja
261 984 43 20 deri
321 986 107 24 upptages.

623 1034 32 25 W.
674 1034 87 30 Nysten.

153 1472 137 24 Lagutskottets
304 1472 110 18 betänkande
425 1478 31 12 n:o
468 1473 16 18 1.
