1031 1703
237 147 26 21 10
427 146 66 25 Ständ;
506 147 31 22 Sv.
554 159 24 4 —
595 147 58 27 Prop.
665 147 32 20 N:o
713 147 31 22 41.

207 208 64 23 hafva
283 208 137 23 -Ständerna
416 203 8 38 '
432 209 60 22 äfven
511 208 8 21 i
534 209 69 22 denna
624 209 35 21 del
680 208 140 23 underkastat
837 207 127 29 paragrafen

206 249 28 16 en
249 242 159 28 omredigering.
477 269 2 2 |

275 276 127 28 Ständerna,
418 283 46 16 som
478 277 28 28 på
521 277 88 22 anförda
622 276 48 29 skäl
684 277 48 22 icke
743 277 83 21 kunnat
835 275 128 24 oförändrad

206 312 78 26 antaga
303 311 41 22 den
361 311 77 27 nådiga
456 311 164 28 propositionen,
638 311 22 22 få
675 311 83 30 derföre
771 311 9 22 i
794 310 168 29 underdånighet

206 345 90 27 anmäla,
311 346 34 21 att
359 344 121 24 Ständerna
492 344 34 22 för
540 345 33 22 sin
588 345 34 22 del
635 344 88 23 beslutit
737 344 33 23 till
785 351 26 16 en
825 346 24 22 så
859 344 101 28 lydande:

330 443 143 33 Förordning
492 442 120 32 angående
630 442 206 32 skjutshållningen

454 483 44 25 och
517 484 197 30 gästgifverierna.

445 539 52 23 Med
514 539 155 28 upphäfvande
683 538 30 28 af
724 538 57 22 hvad
795 539 95 21 rörande
903 540 59 27 gäst-

375 572 94 29 gifveri-,
492 573 54 21 håll-
564 573 39 21 och
620 573 221 28 reservskjutsningen
855 576 57 18 samt
927 580 33 14 om

375 608 183 28 gästgifverierna
566 607 153 27 föreskrifvits
733 608 33 21 uti
780 608 32 21 28
827 607 50 28 kap.
887 608 28 20 B.
926 608 34 26 B.,

375 641 257 29 gästgifvareordningen
649 641 29 27 af
689 641 63 28 1734,
763 641 157 28 förklaringen
935 641 30 27 af

376 676 41 21 den
432 678 29 19 11
476 675 114 22 December
605 677 59 20 1766
679 676 38 21 och
727 676 82 27 nädiga
819 676 143 27 kungörelsen

375 710 42 20 den
440 710 28 21 30
484 710 98 21 Januari
597 711 66 25 1872,
678 710 48 21 med
735 710 56 27 flere
805 710 103 21 utkomna
919 710 42 27 pä-

376 743 48 27 bud,
440 744 72 21 sävidt
526 744 26 21 de
566 744 21 27 ej
600 750 76 21 genom
689 743 71 22 denna
765 743 140 28 författning
910 743 50 28 för-

375 781 70 24 nyats,
468 778 78 21 varder
560 778 42 26 för
615 777 126 28 framtiden
755 778 104 27 stadgadt
869 779 33 26 pä
916 780 44 19 sätt

375 818 45 14 som
429 812 84 27 följer:

642 852 15 27 $
672 853 20 20 1.

445 892 152 28 Skyldigheten
621 894 33 19 att
677 893 78 27 utgöra
779 892 118 27 hällskjuts
921 892 39 21 och

374 927 131 20 underhälla
526 926 129 29 gästgifveri
672 927 33 26 pä
723 927 75 21 landet
816 927 84 27 äligger
915 927 45 20 tills

374 961 74 20 vidare
466 961 32 21 all
513 961 9 20 i
536 961 84 20 manta!
634 963 45 19 satt
688 961 63 28 jord,
765 967 46 14 som
825 961 45 20 icke
884 967 76 21 genom

375 995 110 28 grundlag
506 996 53 20 eller
581 995 73 21 andra
671 995 142 27 öfverhetliga
827 995 92 28 stadgar
934 997 26 19 är

375 1028 102 27 derifrän
498 1028 97 28 befriad;
611 1028 38 22 och
664 1030 97 27 deltager
776 1030 71 20 denna
857 1029 57 27 jord
928 1030 32 20 uti

375 1063 96 21 nämnda
492 1062 73 22 besvär
582 1063 54 27 efter
651 1064 47 21 dess
713 1070 75 21 genom
803 1063 157 28 uppskatining

375 1098 52 20 eller
436 1097 137 28 förmedling
589 1097 113 21 tillkomna
717 1104 44 21 nya
776 1098 90 21 mantal.

645 1162 16 23 $
675 1162 20 20 2.

444 1199 86 27 Skjuts-
545 1200 39 20 och
598 1200 256 28 gästgifverihällningen
870 1200 38 22 bör
922 1200 37 22 hä-

373 1233 101 26 danefter
482 1232 158 27 företrädesvis
655 1241 75 19 genom
745 1235 144 27 entreprenad
901 1235 59 21 verk-

373 1267 85 25 ställas,
475 1266 37 20 och
524 1266 44 21 kan
578 1267 71 21 sädan
659 1267 86 27 införas
755 1269 105 26 antingen
870 1269 14 20 ä
893 1271 67 19 samt-

375 1300 46 28 liga
438 1300 152 27 gästyifverier
608 1301 59 21 inom
681 1301 130 28 skjutslaget
825 1303 52 21 eller
892 1302 38 22 ock
945 1303 14 20 &

374 1337 30 18 ett
425 1335 53 20 eller
492 1335 60 27 flera
574 1334 28 28 af
621 1335 54 21 dem.
704 1336 17 21 I
735 1336 64 28 följd
817 1336 72 27 häraf
901 1336 59 22 skall

373 1369 93 20 nämnde
489 1368 79 28 besvär,
586 1369 9 21 i
614 1369 42 22 den
673 1371 93 28 ordning
781 1374 16 23 &
813 1372 14 20 5
841 1373 70 26 säger,
926 1374 32 19 ut-

374 1403 78 28 bjudas
475 1403 23 21 ät
519 1403 98 22 enskilda
636 1411 105 20 personer
759 1406 52 21 eller
829 1406 69 28 bolag,
913 1413 46 15 som

373 1437 30 28 af
415 1437 85 29 behörig
512 1445 80 20 person
600 1438 133 29 företrädes,
749 1440 37 21 vid
797 1440 99 29 offentlig
905 1441 54 22 auk-

373 1473 45 20 tion
442 1472 37 21 och
502 1475 54 19 emot
572 1473 146 28 fullgörande
736 1474 29 27 af
782 1475 25 21 de
822 1475 76 28 vilkor,
913 1483 45 14 som
