1023 1703
243 133 13 21 8
420 134 27 18 U.
462 134 30 18 B.
508 143 26 3 —
550 134 83 22 Prop.
650 130 49 22 N.0
714 134 38 16 18.

215 201 90 21 arfsrätt
326 199 54 22 efter
404 199 69 27 begge
487 199 141 26 föräldrarne,
644 199 44 21 tala
703 198 134 22 fördenskull
852 199 57 21 hvad
924 198 37 22 det

216 234 65 22 oäkta
288 234 77 20 barnet
373 233 66 27 angår
455 233 77 21 endast
540 233 33 21 för
581 232 90 22 arfsrätt
679 232 55 22 efter
744 233 49 21 dess
800 232 80 26 moder,
889 238 35 16 om
934 234 27 19 än

216 268 139 27 lagstiftaren
378 268 109 26 derjemte,
508 268 27 26 på
558 267 63 21 ofvan
640 266 88 28 angifna
743 267 77 27 grund,
836 266 69 22 måste
919 266 43 22 for-

217 303 45 25 dra,
285 303 33 20 att
340 302 77 26 bidrag
436 302 37 20 till
496 302 88 21 barnets
605 301 114 27 uppehälle
734 301 40 21 och
789 300 134 28 uppfostran,
939 300 23 22 så

216 336 64 26 länge
304 336 36 21 det
363 336 62 21 deraf
445 337 24 19 är
491 336 7 20 i
514 336 71 25 behof,
600 336 40 20 bör
656 336 52 26 utgå
723 335 65 21 också
802 335 56 20 ifrån
874 335 43 20 död
932 334 31 21 fa-

218 370 49 21 ders
284 369 175 27 qvarlåtenskap.
489 369 161 26 Undantagsvis
665 368 99 22 inträffar
775 369 37 21 det
826 369 36 20 väl
872 369 47 26 ock,
930 370 34 20 att

218 410 26 15 en
260 403 61 22 fader
336 406 25 19 är
375 404 49 25 med
440 405 34 20 öm
490 403 75 22 kärlek
582 403 72 22 fästad
668 403 36 22 vid
720 403 39 22 sitt
774 403 65 21 oäkta
854 403 54 21 barn
923 403 40 21 och

217 444 67 21 gerna
308 438 70 21 skulle
399 443 60 16 unna
481 439 37 20 det
537 439 32 20 att
592 437 22 22 få
629 439 50 25 taga
694 438 35 21 arf
743 437 55 22 efter
813 438 43 26 sig;
872 437 40 21 och
928 437 36 21 det

218 472 39 27 har
280 472 85 21 derföre
387 471 63 22 äfven
473 472 72 21 blifvit
565 473 7 20 i
588 472 62 27 fråga
663 473 45 20 satt
723 484 26 3 —
764 471 93 22 likasom
872 472 38 21 det
924 471 40 22 ock

220 507 22 20 af
255 507 68 26 några
343 506 115 21 utländska
473 506 61 27 lagar
549 506 73 21 blifvit
636 506 112 27 godkändt
763 518 26 3 —
805 507 33 20 att
853 507 33 20 ett
900 505 65 22 oäkta

218 541 54 21 barn
296 540 66 21 borde
385 540 22 21 få
423 540 60 21 ärfva
498 540 67 26 fader,
580 540 89 21 hvilken
684 540 146 27 uttryckligen
846 540 76 21 erkänt
932 541 33 20 att

219 574 77 21 barnet
311 576 24 18 är
350 574 60 21 hans.
441 574 49 21 Men
506 574 28 21 då
549 580 27 15 en
590 574 36 26 lag
641 574 49 21 icke
704 574 63 22 torde
782 574 54 21 böra
845 574 83 27 byggas
938 574 28 27 på

219 608 156 26 förhållanden,
399 614 45 16 som
468 610 78 25 utgöra
568 608 117 27 undantag,
709 610 52 20 utan
776 608 78 22 endast
867 608 29 27 på
911 608 54 26 dem,

219 642 75 22 hvilka
308 642 60 22 bilda
385 643 81 26 regeln,
482 649 64 21 synes
562 642 37 22 det
614 648 52 15 vara
681 644 85 24 rättast,
782 644 33 20 att
830 642 46 22 låta
890 648 26 15 en
932 642 33 22 så-

221 676 41 21 dan
284 676 68 26 fader,
377 676 63 21 hvars
463 676 125 27 skyldighet
611 678 33 19 att
665 676 59 26 gifva
740 676 226 27 uppfostringsbidrag

220 710 56 21 ändå
292 710 97 21 vidlåder
404 710 53 21 hans
473 710 175 27 qvarlåtenskap,
664 709 50 28 sjelf
727 710 23 21 få
764 717 76 20 genom
849 710 70 27 gåfva,
930 717 36 15 an-

221 744 74 27 tingen
317 745 49 20 med
388 750 59 15 varm
462 744 58 21 hand
536 744 53 21 eller
604 750 77 21 genom
696 746 136 25 testamente,
847 745 121 21 bestämma

220 779 57 21 hvad
300 779 77 21 barnet
396 778 126 22 derutöfver
537 779 55 20 skall
609 778 87 21 erhålla.
727 779 39 21 Att
781 779 46 21 åter
842 779 45 21 låta
901 779 66 27 något

221 813 86 21 utöfver
330 812 250 27 uppfostringsbidraget
602 813 84 27 gående
709 813 93 27 anspråk
822 813 28 27 på
864 813 35 22 arf
913 813 55 22 efter

221 847 68 26 fader,
306 847 70 21 såsom
391 847 63 21 äfven
469 847 73 21 blifvit
556 847 8 20 i
579 847 61 26 fråga
656 848 50 25 satt,
722 847 95 26 grundas
833 847 28 27 på
875 853 27 15 en
912 847 57 22 inför

223 881 92 21 domstol
331 881 100 21 företedd
445 881 114 27 bevisning
575 887 33 15 om
624 881 145 27 faderskapet,
789 881 38 22 kan
840 883 30 22 än
884 882 85 21 mindre

223 915 130 21 sammanstå
368 915 48 20 med
432 915 41 21 den
489 915 85 27 sedliga
588 915 40 21 och
643 915 101 27 rättsliga
759 915 76 28 grund,
851 915 82 28 hvarpå
944 923 25 14 en

223 949 67 21 sådan
313 949 158 21 vidsträcktare
494 949 90 22 arfsrätt
607 949 55 21 efter
686 949 108 22 föräldrar
812 950 69 27 enligt
896 950 73 21 ofvan-

223 982 90 22 stående
335 983 128 26 utläggning
487 983 62 21 deraf
570 989 64 21 synes
654 983 64 26 hvila,
739 983 89 21 emedan
844 983 76 21 kärlek
935 984 35 20 till

223 1016 77 21 barnet
322 1017 19 26 ej
364 1017 42 20 kan
429 1017 129 21 förutsättas
582 1017 39 21 hos
644 1023 26 15 en
691 1017 67 26 fader,
774 1018 64 21 hvars
854 1017 115 27 faderskap

223 1050 69 21 måste
318 1051 28 26 på
367 1051 77 20 sådant
466 1052 44 19 sätt
529 1051 92 21 bevisas.
640 1063 21 3 —
679 1051 173 22 Vidkommande
867 1051 35 22 arf
915 1051 55 22 efter

223 1084 74 21 moder
320 1090 63 21 synes
399 1085 97 21 deremot
511 1091 25 15 en
553 1085 66 21 sådan
634 1085 114 26 bevisning
764 1085 24 21 så
802 1085 86 27 mycket
902 1085 68 22 hellre

224 1118 74 21 kunna
312 1118 126 27 medgifvas,
455 1125 45 15 som
516 1119 124 22 densamma
651 1120 77 21 endast
738 1121 80 26 ytterst
829 1119 69 22 sällan
906 1119 8 21 i
922 1119 48 22 vårt

223 1152 51 21 land
290 1151 103 22 behöfver
408 1152 85 22 komma
508 1153 8 20 i
530 1153 68 27 fråga,
614 1153 28 21 då
659 1153 101 22 modrens
778 1153 136 22 förhållande
936 1153 34 21 till

223 1186 78 21 barnet
315 1186 8 20 i
339 1186 27 21 de
381 1185 62 22 flesta
458 1186 37 22 fall
511 1187 41 21 lätt
567 1187 42 21 kan
625 1188 87 21 utredas
728 1193 77 21 genom
821 1188 41 21 den
877 1187 37 21 vid
922 1187 48 22 bar-

224 1221 48 20 nets
288 1220 42 27 dop
346 1220 78 27 gjorda
439 1221 131 27 anteckning
585 1222 7 21 i
607 1221 119 27 kyrkobok.
752 1222 40 21 Att
802 1222 46 21 åter
859 1224 53 24 göra
922 1222 48 21 bar-

224 1255 48 18 nets
295 1253 90 22 arfsrätt
407 1254 56 21 efter
485 1255 75 21 moder
583 1255 109 21 beroende
710 1255 58 21 blott
783 1255 23 22 af
820 1255 81 22 hennes
916 1261 54 21 egen

225 1287 98 20 anmälan
339 1287 34 21 för
387 1287 67 21 sådan
465 1288 137 27 anteckning,
613 1289 53 20 eller
676 1289 23 21 af
708 1291 66 19 annat
784 1290 81 21 hennes
874 1289 96 27 uttryck-

224 1320 44 27 liga
292 1321 139 22 erkännande
447 1321 23 22 af
483 1322 83 27 barnet,
583 1323 61 21 torde
660 1323 24 21 så
698 1324 86 26 mycket
799 1323 83 22 mindre
897 1323 74 22 kunna

225 1355 85 21 komma
328 1356 8 20 i
351 1355 66 27 fråga,
434 1362 45 15 som
495 1357 37 21 det
547 1357 19 27 ej
582 1357 69 21 sällan
667 1357 97 22 inträffar
779 1359 33 20 att
827 1358 89 22 modren
932 1358 39 21 dör

226 1391 58 20 strax
306 1390 56 21 efter
380 1390 155 27 barnsbörden,
551 1393 55 20 samt
624 1392 70 21 denna
708 1392 136 28 tillfällighet
860 1392 28 22 då
901 1392 70 23 skulle

225 1425 91 23 beröfva
329 1426 78 22 barnet
422 1426 49 22 dess
484 1426 96 22 arfsrätt.

294 1460 141 22 Beträffande
457 1461 38 20 det
518 1460 65 22 oäkta
597 1461 89 22 barnets
702 1462 91 21 arfsrätt
808 1462 55 21 efter
878 1462 34 21 sin
926 1468 44 15 mo-

293 1506 127 23 Lagutskottets
432 1506 111 18 Betänkande
556 1507 34 16 N:o
602 1507 17 17 5.
