1034 1709
286 147 29 23 U.
329 144 70 25 B.'—
414 147 72 28 Prop.
501 147 46 22 N:o
561 148 30 21 11.
754 145 28 21 25

66 208 117 30 uttrycklig
203 209 112 22 föreskrift
332 210 70 22 skulle
417 210 9 21 i
440 210 155 27 författningen
609 208 49 29 ingä
673 216 34 14 om
722 210 32 20 ett
768 208 44 22 för-

65 242 95 27 farande,
180 250 46 14 som
246 244 33 20 väl
294 243 62 23 äfven
370 244 125 22 derförutan
508 251 31 14 nu
553 244 67 22 redan
634 243 49 22 bort
696 243 114 27 iakttagas,

64 283 55 15 men:
135 283 46 16 som
199 277 55 22 dock
272 278 53 21 icke:
333 273 63 37 synes
411 278 63 22 hafva
488 278 71 21 blifvit
573 277 70 28 följdt,
658 277 106 28 nemligen
778 278 32 19 att

65 311 35 21 vid
114 311 127 28 pröfningen
256 311 24 22 af
292 312 37 21 det
342 312 35 21 vid
392 312 176 29 gästgifverierna
582 311 106 28 behöfliga
703 311 59 22 antal
773 310 37 21 hä-

66 346 46 21 star
133 347 51 27 taga
201 346 82 29 hänsyn
302 345 33 23 till
349 347 38 22 det
400 346 139 27 förhällande,
555 348 33 21 att
602 346 99 23 behofvet
716 347 24 21 är
755 345 57 22 olika

66 380 35 21 vid
122 381 58 22 olika
198 381 61 22 tider.
289 381 31 22 Af
336 381 26 22 de
376 381 160 29 upplysningar,
551 389 46 14 som
613 381 55 22 1865
683 380 35 23 års
732 379 80 23 komit6

66 414 142 27 införskaffat,
230 415 105 23 inhemtas
355 416 117 28 nemligen:
492 417 32 20 att
542 415 89 22 dubbelt
645 415 24 22 sä
683 414 77 30 mänga
774 415 38 22 hä-

67 450 51 26 star,
141 457 45 15 som
204 450 101 23 behofvet
321 451 64 26 kräft,
400 451 56 22 varit
470 451 33 21 till
517 450 123 29 skjutsning
654 449 14 23 å
682 450 132 29 gästgifveri-

67 489 53 17 erna
134 484 113 29 anslagna;
263 486 56 21 samt
333 487 32 20 att
379 485 183 22 reservhästarnes
578 485 59 22 antal
651 485 35 22 vid
701 484 113 29 gästgifre-

66 518 73 23 rierna
160 519 91 28 uppgått
271 520 34 21 till
326 520 64 26 4,258
412 522 45 20 mot
476 521 62 25 8,151
560 519 117 22 hällhästar
695 519 39 22 och
752 520 60 25 1,287

67 553 211 28 gästeifvarehästar.

135 600 69 22 Dessa
225 600 78 27 siffror,
323 601 68 22 ehuru
405 600 59 23 öfver
478 601 30 22 tio
523 600 25 23 3r
563 600 76 29 gamla,
654 600 62 23 torde
730 601 62 27 dock,
807 601 8 23 i

67 633 56 24 brist
143 634 29 29 pä
190 642 72 21 nyare,
279 635 72 22 kunna
365 635 133 23 fortfarande
512 635 61 29 tjena
587 635 34 22 till
636 637 32 20 att
682 635 86 29 angifva
783 635 31 24 åt-

67 669 105 22 minstone
186 669 145 24 förhällandet
345 670 92 23 emellan
451 671 82 22 antalet
547 667 118 26 hällhästar
679 670 13 22 &
707 677 41 16 ena
759 673 57 20 samt

68 704 128 30 gästgifvare
210 705 40 22 och
264 712 72 15 reserv
350 706 74 21 hästar
439 705 13 22 &
466 705 69 22 andra
549 705 68 22 sidan.
646 705 34 22 Då
694 713 36 20 nu,
745 706 71 22 såsom

68 739 85 28 bekant,
169 741 170 29 reservskjutsen
353 739 13 24 &
380 747 26 15 en
421 740 35 21 del
470 741 58 22 orter
543 739 77 23 anlitas
633 740 81 29 ganska
724 741 54 26 litet,
788 740 28 29 pä

68 780 68 21 andra
150 777 83 22 trakter
248 775 47 23 äter
309 775 25 22 sä
347 774 91 29 mycket,
453 776 33 21 att
500 775 124 21 densamma
639 782 61 15 anses
715 783 52 15 vara
781 776 35 23 för

68 814 26 22 de
109 812 72 23 dertill
197 811 82 22 indelta
293 811 128 22 hemmanen
435 809 49 22 vida
497 816 60 15 mera
571 809 135 28 betungande
720 811 28 22 än
762 810 54 23 häll-

68 848 103 28 skjutsen,
194 848 24 19 är
235 845 42 22 den
291 845 8 20 i
313 843 160 30 propositionen
488 843 123 28 föreslagna
625 844 155 30 indragningen
794 846 24 21 af

68 881 99 30 billighet
187 881 40 22 och
242 879 91 22 rättvisa
346 877 108 30 pähjuden
469 879 56 21 samt
539 877 109 24 dessutom
662 880 69 27 egnad
747 881 33 21 att
794 879 22 23 ä-

69 916 134 23 stadkomma
217 922 28 15 en
259 916 46 20 stor
319 913 93 28 lindring
427 912 7 21 i
449 913 237 28 skjutsningsbesväret.
709 915 49 22 Med
773 915 43 22 till-

68 951 59 29 hjelp
142 951 23 22 af
179 949 150 30 dagböckerna
341 947 48 22 äter
404 948 24 21 är
444 947 36 22 det
493 947 42 22 lätt
549 949 33 20 att
596 948 96 23 beräkna
702 949 35 22 vid
745 950 72 22 hvilka

68 986 56 22 tider
138 985 29 29 pä
181 984 47 23 året
242 985 69 21 större
326 982 59 23 antal
399 982 74 22 hästar
487 982 116 27 erfordras,
619 984 39 21 och
671 991 75 21 genom
759 985 57 22 stad-

69 1021 79 28 gandet
169 1021 32 21 att
220 1018 113 23 afständen
347 1017 91 22 emellan
452 1017 177 28 gästgifverierna
643 1019 19 28 ej
678 1019 34 22 mä
726 1020 8 21 i
750 1020 68 22 andra

68 1056 28 21 än
110 1053 161 29 undantagsfall
289 1052 115 27 öfverstiga
423 1052 25 21 15
463 1053 59 20 verst
536 1053 24 20 är
575 1053 37 21 det
625 1053 88 29 möjligt
722 1056 33 20 att
768 1054 49 23 med

70 1089 99 22 afseende
183 1087 14 23 ä
211 1088 88 22 alldeles
313 1085 139 24 oförutsedda
466 1081 42 42 fall
518 1085 95 28 päbjuda
628 1088 32 20 att
674 1095 82 16 samma
768 1089 50 22 häst

70 1123 56 22 skall
147 1123 34 22 vid
203 1121 170 29 behofiskjutsa
393 1120 52 21 flere
468 1120 27 21 än
513 1126 27 15 en
558 1119 57 29 gång
633 1121 8 21 i
656 1121 84 30 dygnet.
771 1123 46 22 Den

70 1159 62 20 extra
153 1157 52 22 eller
227 1154 227 31 uppbädsskjutsning,
476 1153 86 23 hvilken
580 1157 55 22 dock
649 1157 69 22 skulle
732 1157 86 22 komma

70 1194 34 20 att
124 1191 86 29 äläggas
229 1193 57 20 vissa
303 1193 105 26 hemman,
426 1193 39 21 och
480 1199 46 15 som
541 1199 62 22 synes
619 1191 131 29 erforderlig,
766 1193 51 20 enär

70 1227 37 22 det
127 1227 48 22 icke
197 1226 60 21 alltid
279 1228 24 19 är
317 1226 83 29 möjligt
415 1228 32 20 att
461 1226 28 29 pä
503 1229 32 20 ett
549 1226 99 23 behofvet
662 1226 50 22 fullt
725 1227 92 21 motsva-

70 1261 63 23 rarde
155 1261 44 26 sätt
217 1261 87 28 afpassa
321 1261 82 22 antalet
416 1261 81 26 hästar,
512 1261 62 22 torde
587 1261 55 26 icke,
657 1268 35 15 om
706 1260 27 22 de
748 1260 24 22 af
783 1262 35 21 ut-

70 1296 81 22 skottet
164 1294 123 29 föreslagna
300 1294 105 29 beloppen
420 1295 23 22 af
456 1295 133 29 skjutslegan
603 1294 125 31 bibehållas,
744 1295 74 22 behöf-

70 1338 27 14 va
111 1329 110 22 betraktas
236 1329 71 21 såsom
321 1328 70 29 någon
405 1329 68 22 börda
486 1330 35 21 för
532 1331 27 20 de
569 1329 72 21 dertill
649 1330 103 27 anslagna
759 1331 58 20 hem-

71 1371 82 18 manen,
175 1361 28 22 dä
225 1363 62 22 dessa
309 1369 40 21 ega
365 1364 45 20 rätt
428 1365 32 19 att
476 1364 8 20 i
499 1363 119 28 ersättning
632 1363 74 21 härför
720 1363 98 27 uppbära

71 1397 80 23 dubbel
173 1397 130 28 entrepenad
317 1397 55 28 lega,
387 1397 40 22 och
442 1396 157 23 hällhästarnes
614 1397 59 22 antal
687 1397 55 22 dock
756 1397 61 22 alltid

72 1432 39 22 bör
131 1431 74 23 kunna
226 1432 75 22 ställas
317 1430 31 28 sä,
367 1432 33 21 att
413 1430 208 30 uppbädsskjutsens
635 1431 109 23 anlitande
758 1431 60 23 kom-

94 1490 136 19 Sammansatta
242 1490 49 23 Lag-
304 1491 31 17 och
348 1490 182 18 Ekonomiutskottets
543 1490 113 18 betänkande
668 1490 36 18 N:o
718 1489 19 19 4.
806 1489 12 17 4
