1023 1706
331 141 20 21 U.
365 142 20 21 B.
399 154 28 3 —
441 142 51 29 Prop.
507 142 30 22 N:o
552 142 31 22 20.
778 145 27 21 35

154 204 31 22 Pä
201 205 68 27 grund
284 205 63 22 häraf
361 212 62 16 anser
435 206 38 27 jag
487 206 43 28 mig
545 206 52 23 böra
612 207 109 22 vördsamt
735 208 78 22 föreslä

324 250 30 20 att
371 249 99 27 förslaget
488 249 33 22 till
538 250 125 28 förordning
678 257 33 14 om
726 250 106 22 allmänna

255 283 140 27 fattigvården
414 283 64 27 blefve
496 284 32 21 till
547 284 188 23 ekonomiutskottet
753 285 79 22 äterre-

255 318 98 21 miteradt
369 318 36 26 för
423 319 30 21 att
470 318 113 22 omarbetas
602 319 9 21 i
629 319 33 22 det
679 319 55 27 syfte
749 320 30 21 att
793 320 39 27 tig-

252 352 47 27 geri
311 352 63 27 blefve
389 352 79 28 belagdi
482 353 48 21 med
543 354 65 27 straff
620 354 73 22 endast
705 354 29 21 dä
745 354 33 22 det
787 354 44 27 ofta

253 394 107 20 upprepas
374 388 14 20 ä
403 387 105 27 offentliga
518 387 81 27 platser
609 388 48 22 eller
667 391 52 20 utan
728 389 105 27 nödtväng

255 421 102 28 bedrifves
371 423 71 21 säsom
457 422 136 29 lefnadsyrke.

151 475 47 21 Mot
216 475 161 26 bestämningen
395 475 31 22 uti
441 476 11 27 &
468 477 26 20 29
510 475 24 22 af
551 476 39 21 den
610 476 77 28 nådiga
705 476 127 27 propositio-

83 516 42 15 nen
140 511 37 25 att,
194 509 71 22 derest
279 509 154 28 fattigvärdens
445 511 31 21 uti
486 511 12 27 &
508 511 137 26 uppräknade
659 511 117 22 inkomster
786 511 46 21 icke

84 546 37 19 äro
136 545 135 26 tillräckliga,
287 545 36 21 det
334 544 109 23 bristande
454 546 101 27 beloppet
566 545 39 22 bör
615 546 118 27 tillskjutas
745 545 23 22 af
778 551 54 16 sam-

83 579 78 22 hällets
183 579 138 22 medlemmar
343 579 55 22 efter
417 580 26 21 de
461 581 99 26 grunder,
580 586 46 15 som
646 580 33 21 för
697 580 135 21 kommunala

83 614 122 27 utskylders
228 614 130 27 erläggande
377 615 37 20 äro
434 615 109 26 stadgade,
563 613 34 22 fär
613 615 38 26 jag
671 615 103 22 likaledes
796 621 37 15 an-

83 648 74 22 märka
175 650 32 20 att
225 655 76 20 genom
317 649 69 21 denna
399 649 134 27 bestämning
548 649 75 26 hvarje
637 649 111 27 möjlighet
763 649 69 22 skulle

83 682 96 22 afskäras
195 684 32 20 att
241 683 34 21 för
289 683 143 27 fattigvärden
447 683 99 22 beskatta
557 684 68 21 större
636 683 62 22 delen
708 684 23 21 af
739 684 93 28 inhysin-

82 724 40 21 gar
136 717 40 22 och
185 717 177 28 backstuguhjon,
378 717 23 22 af
414 718 72 21 hvilka
501 719 76 20 endast
587 724 26 15 en
623 718 82 22 mindre
716 719 34 21 del
762 719 71 21 kunna

82 752 103 27 päläggas
204 752 117 27 skattören,
341 753 27 21 dä
383 753 36 21 det
433 759 50 15 vore
498 753 34 21 för
547 753 49 22 dem
611 753 73 22 alltför
698 753 84 28 mycket
796 753 36 22 be-

82 787 108 26 tungande
201 788 32 20 att
244 787 137 22 kontribuera
392 787 33 21 till
437 787 163 22 kommunernas
613 788 43 21 alla
666 788 95 27 utgifter.
790 788 43 21 För

83 823 32 20 att
132 821 95 28 afhjelpa
247 822 83 21 dennna
349 822 113 27 olägenhet
476 829 63 16 anser
552 823 38 27 jag
604 824 32 20 att
651 823 30 21 uti
697 823 11 27 8
724 823 27 21 29
766 823 66 22 borde

82 857 97 27 inryckas
196 857 31 21 ett
241 857 125 27 stadgande,
382 864 46 15 som
443 857 139 22 tillerkänner
592 857 241 27 fattigvärdssamhället

82 892 103 27 rättighet
203 893 32 20 att
253 898 75 20 genom
348 898 27 15 en
392 893 99 26 personel
510 892 63 27 afgift
590 893 34 20 till
639 891 142 28 fattigvärden
796 893 36 21 be-

83 927 70 21 skatta
168 926 74 27 hvarje
257 927 107 21 arbetsför
378 926 199 27 samhällsmedlem,
595 933 45 16 som
654 926 48 28 fyllt
711 927 80 21 femton
802 927 29 21 är.

82 961 130 27 Derigenom
232 961 69 22 skulle
319 962 165 21 mediemmarne
504 962 23 21 af
545 962 26 21 de
586 961 184 22 samhällsklasser
784 961 48 22 från

82 996 73 22 hvilka
170 995 141 28 fattighjonen
326 996 151 22 företrädesvis
492 997 57 26 utgä,
565 997 76 20 medan
657 997 26 21 de
697 998 38 19 äro
751 996 81 22 arbets-

83 1030 47 22 föra
144 1031 7 21 i
166 1031 71 26 nägon
252 1037 49 15 mon
317 1030 70 22 lemna
401 1031 75 26 bidrag
491 1031 34 20 till
540 1031 149 26 fattigvärden.

151 1065 50 22 Med
217 1065 48 22 stöd
280 1065 23 21 af
314 1065 62 22 dessa
388 1065 47 22 skäl
445 1065 33 22 fär
486 1065 37 27 jag
533 1065 110 22 vördsamt
652 1065 80 22 föreslä
741 1066 31 21 att
782 1065 12 28 $
804 1065 28 22 29

84 1099 92 23 erhäller
190 1099 93 28 följande
299 1100 90 27 lydelse:

321 1142 46 22 Der
389 1142 147 28 afkastningen
555 1143 27 26 af
596 1142 236 28 fattigvärdssamhälles

254 1178 35 27 för
308 1177 141 28 fattigvården
463 1177 87 27 afsedda
564 1177 121 27 fastigheter
699 1177 37 22 och
750 1177 81 27 kapita-

254 1213 36 26 ler,
301 1212 113 27 inflytande
424 1211 125 28 bötesmedel,
561 1211 101 28 kollekter,
673 1211 103 29 frivilliga
781 1212 50 27 gäf-

254 1255 42 19 vor,
313 1246 325 28 sterbhusinventarie-procenter
657 1246 36 21 och
711 1247 67 21 andra
796 1247 36 21 sä-

254 1283 56 20 dana
328 1281 112 22 inkomster
457 1281 43 22 icke
518 1283 39 20 äro
571 1281 125 27 tillräckliga
710 1281 35 26 för
760 1281 72 27 fattig-

253 1317 91 21 vårdens
359 1315 135 27 bestridande,
510 1315 54 23 skall
578 1315 34 22 det
626 1315 105 22 bristande
741 1315 93 27 beloppet

255 1349 117 28 tillskjutas,
387 1349 61 21 såväl
462 1349 53 26 efter
529 1350 25 21 de
563 1349 99 28 grunder,
674 1355 45 15 som
730 1349 35 26 för
775 1349 56 22 kom-

255 1383 86 22 munala
355 1383 115 28 utskylders
486 1383 123 28 erläggande
624 1384 37 20 äro
672 1383 103 27 stadgade.
788 1390 44 15 som

255 1419 64 27 äfven
331 1425 74 22 genom
419 1425 26 15 en
459 1418 27 27 af
494 1418 235 29 fattigvärdssamhället
740 1418 93 22 bestämd

251 1454 98 27 personel
372 1453 69 28 afgift,
460 1453 82 22 hvilken
560 1453 93 29 erlägges
671 1453 24 28 af
713 1453 119 23 sumhällets

153 1495 164 18 Ekonomiutskottets
328 1495 100 18 betänkande
441 1494 31 18 N:o
484 1494 17 18 8.
