1025 1709
211 143 27 21 14
433 142 20 21 U.
467 142 19 21 B.
502 153 27 4 —
543 142 53 27 Prop.
610 141 31 21 N:o
655 141 31 21 20.

181 211 43 15 nan
231 205 107 21 kommun.
364 204 124 28 Riksdagen
497 204 94 27 föreslog
602 204 84 22 derföre
697 205 32 20 att
740 210 26 15 en
776 210 78 20 person
865 204 70 21 skulle

183 246 41 20 ega
244 239 140 21 hemortsrätt
404 239 39 21 der
460 239 43 21 han
521 238 55 22 efter
593 238 36 22 tvä
647 238 29 27 pä
697 238 122 22 hvarandra
840 238 95 27 följande

182 272 224 28 mantalsskrifningar
423 274 56 21 varit
498 273 52 22 eller
564 273 50 21 bort
627 279 52 15 vara
696 272 160 26 skattskrifven,
872 272 40 22 och
927 272 8 21 i

183 307 93 27 enlighet
297 308 90 21 härmed
409 314 38 15 var
465 308 138 26 regeringens
621 307 132 27 proposition
772 307 34 21 till
825 306 54 22 1871
901 306 34 21 ärs

182 342 87 27 riksdag
285 342 94 21 affattad.
409 342 122 26 Riksdagen
546 342 38 26 gaf
597 342 66 21 likväl
679 342 70 21 denna
760 342 56 26 gäng
826 341 109 21 företräde

182 377 22 21 åt
223 378 31 20 ett
273 378 65 20 annat
356 376 83 27 förslag
457 376 23 22 af
498 382 25 16 en
541 376 48 21 utaf
606 376 128 27 regeringen
756 376 78 21 tillsatt
848 375 86 27 komite,

182 411 67 26 enligt
266 410 83 22 hvilket
368 417 26 15 en
408 410 53 22 hvar
476 410 68 22 skulle
559 411 8 20 i
582 410 252 27 fattigvärdshänseende
848 410 88 21 tillhöra

181 446 37 21 det
233 445 239 27 fattigvärdssamhälle,
487 445 88 21 hvarest
588 445 43 21 han
647 446 73 20 senast
733 444 72 22 blifvit
820 444 54 22 eller
887 444 49 21 bort

179 479 68 22 blifva
261 479 194 27 mantalsskrifven,
470 480 176 26 undantagandes
661 480 28 21 dä
702 480 43 20 han
760 479 35 21 för
809 479 39 27 sig,
859 479 77 21 hustru

181 514 54 22 eller
255 514 141 27 minderärigt
413 514 54 22 barn
485 514 110 22 kommit
585 510 12 36 i
611 514 124 27 åtnjutande
754 514 24 22 af
795 514 141 27 obligatorisk

181 549 117 27 fattigvård
316 550 65 20 innan
400 551 32 19 ett
446 549 24 21 år
485 548 90 22 förflutit
589 549 67 21 sedan
670 550 44 20 han
728 549 8 21 i
751 548 54 28 följd
820 548 23 22 af
856 548 79 28 inflytt-

180 584 51 27 ning
245 583 72 21 blifvit
331 583 53 22 eller
398 584 50 21 bort
457 584 66 21 blifva
533 584 195 21 mantalsskrifven.
757 584 77 21 Denna
843 584 94 20 bestäm-

180 618 52 27 ning
249 618 47 21 blef
317 618 123 21 sedermera
458 618 36 27 lag
512 624 76 21 genom
610 618 152 26 förordningen
778 624 34 15 om
827 618 108 21 allmänna

179 652 144 27 fattigvärden
338 652 24 21 af
375 652 24 21 är
416 652 61 22 1871.

249 686 30 22 Af
293 687 36 21 det
344 686 131 28 ofvansagda
490 687 61 21 torde
567 686 121 22 emellertid
702 686 72 22 kunna
790 686 74 27 slutas,
879 686 56 22 huru

181 728 46 15 som
238 721 35 22 det
283 721 109 22 befunnits
404 728 52 15 vara
466 722 49 21 med
526 722 47 21 icke
584 722 62 26 ringa
656 721 133 27 svärigheter
797 720 99 22 förenadt
903 723 32 19 att

180 756 28 27 pä
227 758 31 19 ett
279 756 131 27 fullkomligt
432 756 187 22 tillfredställande
642 757 43 20 sätt
708 756 68 21 ordna
797 755 138 27 fattigvärds-

180 790 144 22 samhällenas
341 790 101 22 inbördes
461 790 126 28 rättigheter
607 790 39 22 och
664 790 147 27 skyldigheter
826 791 109 26 gentemot

179 824 128 22 hvarandra.
336 824 44 22 Det
394 824 61 22 torde
470 825 22 21 fä
506 825 101 27 tilläggas
623 826 32 20 att
668 825 8 20 i
692 824 109 28 Tyskland
816 831 27 15 en
852 824 82 27 rikslag

180 859 23 22 af
217 859 24 21 är
257 859 54 21 1871
331 859 49 21 sökt
397 859 101 27 afhjelpa,
512 859 66 22 bland
593 859 72 27 andra,
679 859 47 27 just
739 859 8 21 i
763 859 62 27 fräga
840 859 95 21 varande

181 894 137 26 olägenheter
336 900 77 20 genom
432 896 31 19 att
482 894 98 21 ähvälfva
599 895 68 20 större
686 894 248 26 fattigvärdssamhällen

179 939 28 4 —
216 934 26 15 en
256 928 37 21 hel
308 929 43 20 stat
366 928 54 21 eller
434 928 132 27 betydligare
582 928 60 21 delar
658 928 62 21 deraf
734 940 27 3 —
776 928 158 26 försörjningen

179 962 24 21 af
217 962 81 21 sädana
316 962 84 26 fattiga,
419 962 84 21 hvilkas
521 962 113 21 underhäll
649 962 19 26 ej
683 962 83 21 kunnat
780 962 116 27 lämpligen
912 962 22 20 ä-

178 997 76 26 läggas
273 996 26 21 de
317 997 87 25 vanliga
423 996 123 27 distrikten;
565 998 56 19 samt
640 997 31 20 att
689 997 8 20 i
715 996 106 26 England,
838 996 37 22 der
890 996 43 21 för-

179 1031 120 27 samlingen
313 1030 23 22 af
349 1030 59 22 älder
422 1030 82 27 utgjort
513 1031 37 21 det
560 1030 107 27 egentliga
683 1030 250 27 fattigvärdssamhället,

178 1066 71 20 större
268 1065 81 21 sädana
367 1064 61 22 bestä
450 1065 107 21 alltsedan
575 1065 24 21 är
619 1065 56 21 1834
693 1065 49 21 med
761 1064 91 28 uppgift,
867 1065 66 21 bland

179 1101 71 25 annat,
270 1100 31 20 att
320 1099 111 27 öfvertaga
449 1099 133 27 åligganden,
601 1105 45 15 som
662 1099 24 21 af
700 1106 26 14 en
742 1099 54 21 eller
811 1106 70 14 annan
896 1105 37 15 an-

178 1133 88 27 ledning
281 1133 19 27 ej
315 1134 104 26 päläggas
435 1134 25 20 de
475 1134 88 20 mindre.

246 1168 49 20 Den
313 1168 78 26 nädiga
408 1168 159 26 propositionen
585 1168 41 20 har
640 1168 8 20 i
663 1168 61 26 fräga
744 1174 34 15 om
792 1168 140 21 hemortsrätt

177 1202 8 20 i
201 1202 12 27 $
229 1203 26 20 19
271 1202 112 26 föreslagit
400 1204 32 19 att
448 1208 25 15 en
488 1202 52 22 hvar
555 1202 70 21 skulle
644 1208 63 15 anses
723 1202 72 22 dertill
810 1202 122 26 berättigad

177 1236 8 20 i
205 1236 40 20 den
267 1236 107 25 kommun,
397 1236 87 21 hvarest
505 1236 42 21 han
565 1236 34 21 för
616 1236 59 21 tiden
694 1238 24 19 är
736 1236 195 26 mantalsskrifven,

177 1270 53 20 utan
249 1270 32 20 att
298 1269 101 21 kommun
418 1269 68 21 skulle
502 1276 39 20 ega
556 1271 37 24 att,
609 1269 35 21 för
657 1269 122 27 äfventyret
794 1268 23 22 af
830 1269 101 21 framtida

177 1303 202 27 fattigvärdstunga,
398 1305 66 25 vägra
480 1303 70 27 någon
567 1302 121 28 inflyttning
708 1303 22 27 ($
749 1303 45 28 24),
813 1302 117 28 hvaremot,

179 1338 39 22 och
233 1340 52 20 enär
300 1338 35 22 det
351 1338 83 22 således
449 1338 70 22 blefve
534 1338 75 27 nödigt
623 1339 32 21 att
668 1338 29 27 på
712 1339 65 21 annat
792 1339 43 21 sätt
849 1338 82 28 skydda

177 1373 129 21 kommunen
320 1374 46 20 mot
379 1375 66 25 tunga
456 1373 22 21 af
487 1373 131 22 fruömmande
628 1372 115 28 fattighjon
754 1373 54 22 eller
818 1373 54 26 dem,
885 1379 45 16 som

177 1410 38 20 äro
229 1408 28 27 på
271 1410 42 25 väg
328 1409 32 20 att
374 1408 66 22 blifva
456 1408 41 26 det,
512 1410 83 25 tvenne,
611 1408 76 22 sådant
698 1408 69 28 skydd
777 1408 111 28 åsyftande
898 1408 32 21 in-

178 1443 155 27 skränkningar
341 1444 7 20 i
356 1442 146 22 förstnämnda
510 1444 113 26 grundsats
631 1444 123 27 föreslagits
762 1444 7 21 i
779 1443 24 29 $$
812 1444 28 22 20
848 1443 39 22 och
895 1444 34 21 22.

245 1484 169 17 Ekonomiutskottets
426 1484 102 17 betänkande
539 1484 35 17 N:o
588 1484 15 17 8.
