1048 1703
233 129 12 20 6
421 127 29 18 U.
463 126 31 18 B.
507 135 23 4 —
542 125 82 23 Prop.
637 125 46 18 N:o
697 123 24 19 6.

204 191 130 22 oförändradt
349 191 88 28 gvarstä.
470 191 153 21 Sammansatta
634 189 66 22 Stats-
717 189 38 21 och
765 187 179 22 Ekonomiutskot-

203 228 37 26 tet,
259 234 45 15 som
320 227 26 21 dä
361 227 100 21 handlade
477 227 78 27 frågan,
577 225 100 28 tillstyrke
697 225 31 21 uti
748 224 36 21 sitt
805 223 43 22 deri
868 222 78 28 afgifna

204 263 127 22 betänkande
346 263 35 21 det
397 262 113 22 Ständerna
525 262 65 21 måtte
608 261 32 22 för
659 261 30 22 sin
709 260 32 21 del
755 259 72 22 bifalla
845 259 34 21 till
893 265 52 20 upp-

205 298 100 22 häfvande
321 298 23 21 af
361 298 128 26 kontrakten,
511 297 57 22 såväl
587 297 54 21 hvad
661 296 112 22 heträffade
793 293 154 30 ifrågavarande

206 334 93 22 socknars
322 334 115 27 fritagande
460 333 44 21 från
529 333 113 27 afvittring,
669 331 86 28 refning,
784 331 102 21 storskifte
910 329 37 21 och

206 368 160 29 skattläggning,
388 375 44 15 som
453 368 37 22 ock
505 368 48 22 med
569 368 93 22 afseende
677 368 12 21 &
705 367 172 21 socknemännens
893 365 54 28 skyl-

206 405 71 28 dighet
292 404 31 21 att
338 404 8 21 i
360 404 87 28 krigstid
462 404 102 28 uppställa
580 404 37 21 och
632 402 119 22 underhålla
769 402 51 22 visst
835 402 57 22 antal
907 401 40 22 sol-

207 440 58 22 dater
280 440 55 21 samt
349 439 64 21 under
432 440 85 21 fredstid
538 440 83 27 erlägga
641 438 164 28 vakansafgifter,
830 438 31 20 uti
880 438 69 20 hvilka

208 476 55 21 delar
278 474 122 22 invånarene
415 475 8 21 i
438 475 58 21 dessa
514 475 143 27 församlingar
675 474 62 22 borde
753 473 131 21 underkastas
900 479 49 15 ena-

208 511 67 21 handa
290 510 159 28 bestämningar,
466 517 44 15 som
526 510 80 21 landets
622 510 65 28 öfriga
697 509 124 28 befolkning,
839 509 51 21 dock
900 508 50 21 utan

208 546 147 27 inskränkning
369 546 32 20 uti
419 546 25 20 de
460 546 115 27 privilegier
593 546 47 21 dem
658 546 8 20 i
686 546 101 27 egenskap
803 545 23 21 af
839 544 112 28 inbyggare

208 582 8 20 i
231 581 164 27 Lappmarkerna
411 581 66 22 kunde
497 587 49 15 vara
566 581 159 25 tillförsäkrade;
748 580 37 22 och
805 580 37 22 har
857 579 94 22 bemälda

209 616 84 22 Utskott
309 616 66 21 tillika
388 616 112 28 föreslagit,
518 617 31 21 att
560 616 112 21 Ständerna
687 616 47 21 ville
750 616 34 22 vid
795 616 35 21 sitt
845 615 59 21 bifall
919 615 32 21 till

209 652 206 21 knektekontraktens
431 652 143 27 upphäfvande
588 652 54 21 fästa
658 652 23 20 de
692 652 70 25 vilkor,
780 651 31 22 att
821 651 7 21 i
838 651 112 25 Kuusamo,

210 687 119 22 Kemiträsk
345 687 37 21 och
392 687 119 28 Kuolajärvi
527 688 83 21 socknar
622 687 209 28 öfverloppsjordarna
840 686 112 21 tillsvidare

211 723 66 21 blefve
294 722 91 22 afrösade
401 722 72 22 endast
489 729 74 22 genom
578 723 129 27 provisionell
718 723 113 27 afvittring,
848 721 35 22 vid
891 722 62 20 hvars

212 758 158 28 genomförande
386 758 75 27 skäligt
477 759 92 20 afseende
584 758 63 21 borde
663 758 62 21 fästas
745 759 35 20 vid
795 759 158 20 kommunernas

212 794 123 27 önskningar
356 793 104 28 angående
480 794 96 27 beloppet
596 793 22 22 af
637 793 35 21 det
687 793 46 22 dem
749 793 122 22 tillfallande
890 793 62 20 tunn-

211 829 84 26 landtal,
312 829 77 21 hvilket
404 829 113 26 Utskottet,
534 829 32 22 uti
580 829 60 22 hvars
655 829 127 21 betänkande
797 829 46 21 hela
859 835 93 21 egomas-

211 871 36 14 san
262 865 57 20 inom
335 865 112 20 socknarna
462 865 87 27 uppgafs
565 865 73 27 utgöra
655 865 115 25 9,699,428
782 864 106 26 tunnland,
905 871 48 14 san-

212 900 64 21 nolikt
301 900 65 21 under
391 900 115 27 antagande
530 901 31 20 att
588 901 66 20 denna
680 901 112 27 beräkning
814 907 47 15 vore
884 900 68 27 riktig,

212 935 67 22 ansett
294 935 50 22 böra
359 935 124 22 bestämmas
498 936 33 21 till
542 936 63 21 minst
619 935 98 22 tolftusen
728 936 100 21 tunnland
844 936 31 21 för
885 935 70 28 hvarje

212 971 131 28 provisionelt
353 971 85 26 mantal,
455 971 119 28 hvarjemte,
591 971 64 28 enligt
666 971 115 22 Utskottets
796 971 82 28 förslag,
895 971 59 21 kom-

212 1013 99 15 munerna
326 1007 62 20 borde
403 1006 112 22 bibehållas
531 1007 34 21 vid
580 1007 31 21 sin
626 1007 100 27 rättighet
737 1007 16 27 ej
770 1007 79 21 mindre
865 1008 33 20 till
907 1013 47 15 ren-

212 1042 47 22 bete
274 1042 27 27 på
315 1042 56 20 förut
386 1042 58 28 öfligt
460 1042 47 26 sätt,
524 1044 25 19 än
565 1042 33 21 till
610 1042 48 28 jagt
673 1042 37 22 och
727 1042 95 28 djurfäng
837 1044 54 20 samt
906 1042 49 21 fiske

213 1078 56 21 inom
285 1077 38 21 den
339 1077 109 21 afvittrade
463 1078 135 27 kronojorden
609 1078 104 21 äfvensom
728 1078 35 21 vid
778 1078 135 27 nyttjorätten
923 1078 33 21 till

214 1112 103 22 derstädes
333 1112 23 21 af
369 1112 47 22 dem
431 1112 125 28 upprödjade
572 1115 72 25 ängar;
662 1113 37 21 och
714 1113 121 27 tillstyrktes
851 1113 31 21 för
893 1113 63 28 öfrigt

215 1148 30 22 att
260 1148 35 21 vid
311 1148 38 20 den
365 1148 142 26 provisionella
523 1148 131 28 afvittringen
672 1148 86 22 särskild
770 1148 47 27 jord
833 1148 63 22 skulle
912 1149 44 21 till-

216 1184 54 20 delas
285 1182 76 22 sådana
377 1184 107 26 nybyggen
501 1183 37 21 och
558 1184 52 26 torp,
632 1184 67 20 hvilka
715 1184 106 27 pröfvades
841 1184 69 21 kunna
925 1184 33 21 till

215 1218 154 28 sjelfbestäende
384 1218 119 28 lägenheter
518 1218 122 27 förvandlas,
660 1220 54 20 samt
734 1219 31 21 att
785 1219 62 28 öfrige
863 1220 94 21 innehaf-

215 1260 46 14 vare
278 1253 23 21 af
313 1253 119 27 lägenheter
447 1254 46 20 utaf
506 1259 47 21 nyss
568 1254 87 20 berörda
673 1254 144 26 beskaffenhet,
837 1255 7 19 i
862 1255 95 21 händelse

216 1288 24 21 de
255 1288 46 20 från
317 1288 45 21 sina
377 1288 108 27 nybyggen
501 1288 38 21 och
554 1288 46 26 torp
619 1288 97 27 afhystes,
738 1289 50 27 egde
808 1289 31 21 för
855 1290 103 21 derstädes

215 1324 100 28 nedlagda
331 1323 91 28 odlings-
439 1323 37 21 och
493 1324 216 28 byggnadskostnader
729 1324 80 28 åtnjuta
827 1325 38 21 full
883 1326 74 20 ersätt-

216 1360 55 27 ning,
291 1359 106 22 äfvensom
412 1359 37 26 att,
471 1360 7 20 i
498 1360 36 20 fall
554 1359 50 22 tvist
623 1360 105 27 uppstode,
750 1360 99 22 huruvida
870 1361 30 21 ett
920 1367 37 22 ny-

216 1395 67 28 bygge
303 1395 48 21 eller
370 1394 46 27 torp
435 1394 66 21 kunde
521 1395 33 21 till
572 1394 155 29 sjelfbestäende
749 1397 96 28 lägenhet
869 1397 88 28 öfvergä,

217 1431 72 28 frägan
305 1430 72 21 derom
392 1430 62 21 borde
470 1430 80 28 afgöras
562 1437 74 22 genom
646 1431 141 28 kompromiss,
803 1433 82 21 hvilken
895 1433 64 21 skulle

217 1467 23 21 af
252 1466 123 28 sakegarene
391 1465 54 22 utses
457 1466 37 21 och
509 1466 31 21 uti
550 1466 60 22 hvars
620 1467 68 27 utslag
699 1467 86 29 ändring
797 1469 16 27 ej
829 1468 54 28 finge
894 1469 64 26 sökas,

281 1513 130 18 Sammansatta
423 1513 46 24 Lag-
482 1515 29 16 och
525 1514 172 18 Ekonomiutskottets
709 1515 106 18 betänkande
827 1515 36 18 N:o
876 1515 18 19 5.
