1048 1709
236 139 28 21 20
427 138 28 18 U.
468 138 31 18 B.
512 148 22 2 —
547 138 81 22 Prop.
641 137 46 19 N:o
701 137 25 18 6.

206 203 122 27 skogsalster
343 204 37 20 bör
395 204 99 21 utverkas.
527 204 34 21 Nu
579 204 70 25 finnes,
667 202 64 28 enligt
745 202 54 22 hvad
815 202 22 21 af
853 202 94 21 handlin-

206 245 63 21 garna
284 239 7 20 i
302 239 61 21 saken
374 239 39 21 kan
423 239 108 26 inhemtas,
547 240 56 20 inom
614 238 154 28 ifrågavarande
779 238 84 22 socknar
874 238 74 21 krono-

205 274 123 29 lägenheter,
349 275 4 21 i
368 274 104 22 Kuusamo
494 275 32 21 till
550 275 103 26 34%5/,55,
678 274 6 21 i
705 274 118 22 Kemiträsk
837 274 34 21 till
886 274 62 26 225/3,

206 311 38 20 och
258 311 8 20 i
281 311 119 27 Kuolajärvi
415 311 33 21 till
460 312 60 25 74/5,
538 311 85 25 mantal,
641 311 48 21 eller
704 310 71 21 inalles
786 311 66 26 453/,,
870 310 79 21 mantal

205 346 63 21 krono
289 346 55 21 emot
363 347 76 26 30%/3,
460 347 79 21 mantal
562 347 71 21 skatte.
672 346 67 22 Häraf
759 346 40 21 kan
822 346 69 25 slutas,
919 346 31 21 att

206 383 72 20 nästan
300 382 56 21 inom
375 382 69 27 hvarje
468 383 139 27 samfällighet
625 383 92 20 kommer
737 383 30 20 att
787 382 64 21 finnas
874 382 74 21 krono-

205 418 128 28 lägenheter;
351 417 38 22 och
410 418 129 28 delegarenes
561 418 172 27 afverkningsrätt
748 418 33 21 till
797 417 65 22 afsalu
877 417 72 22 blifver

206 453 77 22 säledes
299 454 7 21 i
322 453 24 22 de
361 453 58 22 flesta
433 454 37 21 fall
489 455 100 20 beroende
609 454 22 21 af
648 456 135 25 guvernörens
799 453 149 28 medgifvande,

206 489 54 22 intill
276 490 44 21 dess
340 489 100 22 definitivt
461 490 103 21 storskifte
585 489 68 22 blifvit
673 489 118 22 verkstäldt.
827 489 33 21 Då
879 489 71 22 härtill

205 525 71 28 lägges
295 525 38 21 den
356 525 183 28 omständigheten,
565 525 30 21 att
619 525 55 21 delar
689 525 23 21 af
725 525 194 27 samfälligheterna,
942 525 7 20 i

206 561 99 21 anseende
320 561 34 21 till
370 560 38 22 den
423 561 116 28 föreslagna
555 561 139 27 afrösningens
710 560 143 27 provisionella
868 560 81 22 beskaf-

205 597 74 25 fenhet,
298 597 117 27 antagligen
431 597 83 21 komma
530 597 31 21 att
572 597 33 21 vid
617 597 34 21 det
665 597 83 28 slutliga
764 597 112 21 storskiftet
886 596 64 21 blifva

205 633 67 21 såsom
285 628 9 36 =
300 632 224 27 kronoöfverloppsjord
547 633 103 25 utbrutna,
682 633 67 27 ligger
777 632 35 21 det
835 632 116 28 antagande

206 671 49 18 nära
277 668 33 21 till
332 668 70 26 hands,
427 668 31 21 att
481 668 7 21 i
510 668 88 21 kronans
621 668 85 21 intresse
724 667 97 22 tillätelse
839 668 33 21 till
894 668 55 21 salu-

206 703 119 28 afverkning
340 704 56 21 inom
415 703 50 22 slika
484 703 161 28 samfälligheter
664 704 66 21 kunde
748 703 201 28 lägenhetsinnehaf-

206 745 72 15 varene
299 739 111 28 förvägras.
447 739 63 22 Detta
530 746 47 15 vore
597 739 99 28 klarligen
717 739 61 28 högst
797 739 86 28 obilligt.
921 739 29 28 Ty

206 777 48 19 enär
270 775 24 21 de
315 775 127 28 rättigheter,
464 782 44 15 som
529 775 162 22 socknemännen
713 775 81 21 erhällit
814 775 31 21 uti
865 775 84 22 knekte-

206 811 127 26 kontrakten,
346 811 58 21 äfven
415 817 75 22 genom
502 811 38 22 den
551 811 142 28 provisionella
704 811 129 28 afrösningen
845 811 22 21 af
875 811 74 21 krono-

203 846 73 29 jorden
292 847 144 28 obestridligen
455 847 124 26 inskränkas,
599 849 22 19 är
637 847 34 21 det
686 847 115 28 tillbörligt,
819 847 31 21 att
865 847 84 22 sockne-

206 883 74 21 boerne
295 883 33 21 till
348 883 33 21 det
401 883 128 22 återstående
549 883 76 22 erhålla
643 883 22 22 sä
683 883 112 22 vidsträckt
810 883 139 28 dispositions-

206 919 41 21 rätt
266 925 44 15 som
326 919 87 28 möjligt.
448 919 107 22 Utskottet
575 925 58 16 anser
653 919 30 28 sig
702 919 78 22 derföre
802 919 48 22 böra
869 919 81 22 förorda

206 954 72 22 sådant
289 955 150 27 förtydligande
450 955 73 28 tillägg
533 955 34 21 till
577 955 132 21 förevarande
720 955 98 26 moment,
831 955 30 21 att
872 955 77 27 nyttjo-

206 991 67 20 rätten
292 991 33 20 till
344 990 248 29 samfällighetsskogarne
616 990 69 28 afsäge
706 990 56 22 säväl
785 991 100 21 husbehof
907 997 43 15 som

206 1026 66 21 afsalu
287 1026 54 21 samt
356 1026 62 21 borde
433 1033 49 15 vara
498 1027 112 21 oheroende
629 1027 62 26 deraf,
712 1027 30 21 att
759 1027 100 21 eventuell
875 1027 74 21 krono-

206 1062 160 27 Ofverloppsjord
380 1062 67 21 kunde
463 1063 7 20 i
486 1062 104 21 desamma
606 1062 54 28 ingå.

277 1097 89 22 Oaktadt
381 1099 103 26 uttrycket
496 1098 142 27 *provisionell
649 1098 116 28 afrösning*
783 1098 61 21 redan
858 1099 91 24 innebär,

207 1134 30 21 att
253 1133 63 28 sagda
331 1134 129 27 förrättning,
482 1134 50 21 utan
552 1134 93 21 afseende
661 1134 54 26 derä,
737 1135 30 20 att
783 1134 77 21 kronan
876 1141 74 20 genom

206 1169 119 21 densamma
341 1169 127 22 förskottsvis
484 1169 90 22 inträder
589 1170 31 20 uti
635 1169 38 22 full
688 1169 172 28 dispositionsrätt
876 1170 23 21 af
912 1170 38 21 den

207 1205 91 21 afrösade
314 1205 90 26 marken,
421 1205 43 21 icke
480 1206 36 21 bör
532 1205 34 21 vid
581 1205 104 22 hlifvande
701 1205 103 22 storskifte
815 1206 73 27 utgöra
903 1206 47 20 hin-

207 1241 35 19 der
260 1241 31 19 för
312 1241 62 20 sädan
394 1241 116 26 fördelning
531 1241 22 20 af
569 1241 71 26 jorden
662 1241 87 21 emellan
769 1241 78 22 kronan
868 1241 37 21 och
927 1241 23 21 de

207 1275 95 25 enskilde,
327 1281 43 14 som
392 1275 23 20 af
434 1275 114 21 dävarande
569 1275 174 28 omständigheter
766 1275 39 22 kan
829 1275 120 26 föranledas,

207 1310 57 21 torde
283 1311 103 27 slutligen,
410 1311 32 20 för
464 1311 129 21 undvikande
616 1311 23 21 af
657 1311 142 21 missförständ
819 1310 130 26 härutinnan,

207 1345 111 28 uttrycklig
332 1346 130 27 bestämning
478 1346 71 21 härom
566 1353 47 14 vara
630 1346 23 21 af
668 1347 95 21 behofvet
779 1347 99 27 päkallad.

278 1381 30 22 Pä
323 1382 66 27 grund
406 1381 22 22 af
444 1382 54 21 hvad
517 1383 106 21 Utskottet
642 1383 45 21 haft
707 1385 48 19 äran
775 1383 70 21 anföra
864 1382 31 22 fär
911 1383 39 20 Ut-

208 1418 81 24 skottet,
312 1424 44 16 som
376 1418 8 21 i
399 1417 63 29 öfrigt
481 1418 44 22 icke
546 1419 67 21 funnit
629 1418 43 22 skäl
692 1419 33 21 till
746 1418 135 29 anmärkning
897 1419 55 21 emot

208 1454 236 28 författningsförslaget,
462 1454 60 21 alltså
538 1454 103 22 vördsamt
657 1454 111 29 tillstyrka:

350 1494 27 17 att
398 1490 76 22 landets
497 1490 104 29 höglofliga
621 1490 87 22 Ständer
731 1493 60 19 måtte
805 1491 95 28 förklara
920 1492 32 21 det

273 1538 129 17 Sammansatta
415 1538 46 22 Lag-
474 1538 28 18 och
516 1538 173 18 Ekonomiutskottets
703 1539 105 17 betänkande
821 1538 36 18 N:o
870 1538 18 18 5.
