1025 1709
225 142 14 21 4
542 146 29 18 :0
588 141 44 24 19.

197 206 34 20 ter
245 205 44 27 thy,
306 211 47 15 som
368 205 134 27 borgenären
518 205 53 21 eller
584 211 71 15 annan
664 204 82 28 köpare
756 205 73 22 derför
839 205 59 27 gifva
907 206 45 22 vill.

198 238 70 22 Hafve
284 239 40 21 ock
339 238 117 23 bördeman
471 239 51 21 våld
537 239 27 21 ed
578 238 75 22 fordra
668 240 32 21 att
711 240 19 27 ej
742 239 52 22 svek
804 240 107 22 derunder
922 242 31 20 är.

517 329 18 19 6
554 329 77 22 Kap.

555 377 44 27 18.

269 422 122 22 Bördemän
410 423 38 21 äro
466 423 105 27 säljarens
586 423 63 26 barn;
666 423 68 22 sedan
748 423 114 22 föräldrar.
892 423 62 22 Dock

199 457 36 22 må
249 457 18 27 ej
284 457 106 28 säljarens
404 457 62 22 fader
481 457 69 22 börda
565 458 105 27 säljarens
685 458 157 27 mödernejord,
856 458 18 27 ej
885 458 70 21 heller

199 491 75 22 moder
289 491 105 28 säljarens
410 491 143 28 fädernejord.

555 561 46 28 38.

271 601 44 27 Äro
331 606 117 22 bördemän
463 606 59 27 flera,
539 613 44 15 som
599 607 68 21 börda
681 607 59 27 vilja,
755 607 47 22 löse
815 607 81 22 broder
905 608 52 21 bro-

200 641 49 22 ders
265 641 42 22 lott
321 641 41 22 och
377 643 71 25 syster
463 643 82 25 systers
560 641 47 22 lott.
630 641 49 22 Kan
694 642 41 21 den
747 641 51 27 jord
814 641 18 28 ej
848 642 66 27 delas,
926 642 30 21 el-

199 676 33 21 ler
253 675 46 22 tåla
319 681 48 16 mer
389 677 27 20 än
438 681 27 16 en
488 676 47 27 äbo,
551 676 40 21 och
606 676 94 27 äsämjer
715 676 48 21 dem
779 676 19 27 ej
814 676 142 22 hvilkendera

201 710 68 22 börda
291 710 67 26 skall;
381 710 46 21 löse
450 710 47 27 den,
514 716 46 16 som
576 712 69 20 större
661 710 35 22 del
711 710 85 22 hafver:
813 713 41 25 äga
869 711 27 22 de
911 711 46 22 lika

201 745 44 27 del;
261 745 28 21 dä
304 744 56 22 skall
376 745 73 21 derom
464 745 73 22 lottas.

551 814 48 27 48.

271 854 32 26 Är
317 861 75 19 näster
407 859 118 21 bördeman
541 859 128 27 öfvermage,
685 859 53 22 eller
752 861 42 25 mö,
806 860 53 21 eller
868 862 89 19 vanvet-

201 894 38 26 tig,
255 893 54 22 eller
323 893 83 21 utrikes
422 893 67 26 faren,
505 894 53 21 eller
572 893 88 27 fången;
676 893 46 22 löse
732 893 107 22 målsman
849 893 53 22 eller
912 900 45 15 om-

200 927 107 22 budsman
321 927 13 22 å
350 928 62 21 deras
435 929 87 26 vägnar,
540 928 59 21 inom
619 927 50 27 laga
687 927 69 28 stånd,
776 927 39 22 der
833 928 43 21 han
891 928 67 27 gitter

201 963 40 20 och
256 963 37 20 det
308 963 81 26 nyttigt
403 962 94 27 pröfvar.
522 962 70 22 Sedan
606 961 64 22 hafve
686 963 101 26 omyndig
802 962 27 21 då
844 962 43 21 han
897 969 60 20 myn-

202 996 36 27 dig
253 996 84 27 varder,
353 997 53 20 eller
422 996 111 27 vanvettig
549 997 27 20 då
590 995 43 22 han
648 996 33 21 till
696 996 72 21 bättre
783 995 100 22 förstånd
897 996 61 21 kom-

201 1037 52 20 mer,
276 1031 53 22 eller
351 1030 83 22 utrikes
453 1031 68 26 faren,
540 1031 53 21 eller
612 1030 78 27 fången
706 1030 28 21 då
748 1031 43 21 han
806 1031 152 27 återkommer,

200 1065 65 27 ingen
287 1065 61 22 makt
370 1065 52 22 derå
441 1067 33 19 att
493 1065 51 22 tala.
574 1065 35 22 Nu
628 1065 65 22 hafva
708 1065 27 21 de
750 1065 19 27 ej
784 1065 106 22 målsman
905 1066 54 21 eller

201 1100 152 25 ombudsman;
370 1099 76 22 stånde
461 1100 48 21 dem
525 1099 56 21 ändå
595 1099 19 26 ej
629 1099 49 21 fritt
690 1099 134 28 jord
752 1095 12 36 i
777 1099 47 28 börd
838 1099 119 27 återvinna,

202 1133 52 22 derå
268 1134 8 21 i
291 1135 73 20 rättan
379 1133 33 22 tid
422 1133 18 27 ej
452 1134 42 21 talt
504 1135 30 25 är,
544 1135 54 20 utan
607 1133 85 22 behålle
699 1133 52 28 jord
761 1133 42 22 den
812 1133 55 28 köpt
876 1133 82 22 hafver.

525 1224 14 19 7?
559 1223 78 24 Kap.

557 1269 45 27 18.

274 1308 83 23 Hafver
371 1314 50 16 man
435 1308 55 28 köpt
503 1309 41 22 hus
560 1309 52 22 eller
627 1308 73 22 tomt
689 1303 13 37 i
710 1308 86 27 staden;
812 1307 28 23 dä
850 1308 56 22 skall
915 1308 45 22 han

205 1343 42 22 den
262 1343 23 22 ät
299 1343 160 22 viderboenden
474 1343 41 22 och
529 1343 71 22 nabon
614 1343 122 28 hembjuda,
748 1343 46 22 förr
804 1345 28 20 än
842 1343 53 22 derä
904 1349 56 22 upp-

204 1378 45 22 bud
263 1379 72 27 tages:
351 1378 40 21 och
405 1377 64 23 hafve
483 1378 151 27 viderboende,
651 1378 109 22 äfvensom
775 1378 55 22 nabo
846 1378 9 21 i
869 1378 28 22 de
906 1378 53 22 hän-

207 1413 71 22 delser
297 1419 47 15 som
361 1413 32 21 uti
412 1414 20 26 3,
450 1413 14 21 4
482 1413 40 21 och
541 1414 13 21 5
572 1413 25 27 88
613 1413 22 21 af
650 1413 60 21 detta
724 1413 82 27 kapitel
821 1413 69 21 finnas
905 1419 55 21 upp-

206 1449 72 26 tagna,
301 1449 46 20 rätt
368 1449 40 25 att,
430 1448 58 21 inom
506 1448 81 27 fjorton
603 1448 67 27 dagar
685 1448 55 22 efter
755 1448 70 27 tredje
838 1448 120 27 uppbudet,

206 1482 37 22 det
257 1482 40 22 hus
313 1482 54 22 eller
381 1483 55 21 tomt
450 1482 55 22 lösa.
