1034 1698
321 131 62 22 Ständ.
399 132 30 21 Sv.
446 143 26 4 —
487 132 54 27 Prop.
556 132 34 21 N:o
604 132 32 21 20.
798 134 26 20 15

100 194 32 20 att
154 192 30 21 uti
206 192 160 27 ifrägavarande
387 193 101 28 paragraf
503 194 66 21 mätte
584 194 91 27 stadgas,
692 196 32 20 att
736 193 118 29 flyttnings-

99 225 64 28 betyg
185 227 18 26 ej
223 226 55 27 finge
300 226 137 23 öfverlemnas
458 229 24 20 ät
496 228 41 21 den
551 227 115 28 aflyttande
680 235 105 20 personen
800 228 52 27 sjelf,

98 262 52 19 utan
173 259 66 22 borde
262 260 22 22 af
302 261 47 25 den,
369 267 45 15 som
437 261 125 27 uthändigat
577 262 122 27 detsamma,
715 262 135 22 öfversändas

98 293 33 22 till
145 293 148 28 kyrkoherden
308 294 7 21 i
330 295 40 21 den
384 295 127 26 församling.
528 296 30 21 dit
567 301 104 21 personen
680 295 100 28 inflyttar,
791 297 61 20 hvar-

100 329 57 20 emot
171 328 41 21 den
225 327 108 28 flyttande,
348 328 31 28 sig
394 328 32 22 till
441 329 100 22 säkerhet
555 329 67 22 under
636 329 64 28 tiden,
716 329 68 22 skulle
801 329 53 22 und-

98 361 22 22 fä
134 363 32 20 ett
179 362 60 27 intyg
258 362 19 27 ej
294 363 81 21 mindre
389 363 102 26 deröfver,
506 365 33 20 att
553 363 171 28 flyttningsbetyg
738 364 68 21 blifvit
820 363 34 22 för

98 395 79 21 honom
192 394 113 29 utfärdadt,
321 398 27 19 än
362 397 90 21 rörande
467 397 58 22 tiden
542 399 40 19 när
595 398 59 21 detta
667 398 57 21 skett
735 398 40 21 och
786 400 67 25 orten,

99 429 31 21 dit
145 428 86 28 betyget
245 430 86 21 komme
345 432 32 20 att
392 430 102 22 afsändas.

167 475 77 24 Vidare
259 475 63 22 hafva
337 477 25 20 de
377 475 8 22 i
400 475 10 29 $
426 477 12 20 5
454 476 119 28 föreslagna
588 477 132 27 stadganden
735 479 58 26 synts
803 477 51 22 Rid-

100 512 113 27 derskapet
235 511 39 22 och
296 511 69 21 Adeln
386 510 86 22 komma
486 512 32 20 att
532 510 95 22 försvära
642 511 143 27 samfärdseln,
801 512 52 21 utan

99 547 32 20 att
145 545 95 22 medföra
257 546 66 26 nägot
337 551 60 21 gagn,
418 546 52 20 enär
486 545 46 23 den,
548 551 46 15 som
608 544 37 22 vill
659 544 97 28 olofligen
770 544 84 28 begifva

99 580 32 27 sig
151 587 27 14 ur
199 580 78 26 landet,
299 578 109 28 lätteligen
423 578 72 22 kunde
509 578 58 22 finna
581 580 64 26 utväg
660 579 76 27 dertill,
753 581 52 19 utan
820 581 32 20 att

98 614 87 22 hindras
208 614 23 22 af
244 613 70 28 dylika
329 613 137 27 stadganden.
498 613 75 21 Tillika
589 616 24 18 är
627 613 125 27 framhället,
768 614 84 21 hurule-

100 649 36 21 des
159 649 36 21 det
216 654 51 16 vore
288 647 33 22 för
335 647 142 22 rättskänslan
491 648 130 24 kränkande,
637 654 34 15 om
686 647 130 22 föreskrifter
831 646 23 23 af

98 683 79 27 antydd
199 682 146 22 beskaffenhet
365 681 123 22 utfärdades
507 683 32 20 att
553 682 56 26 gälla
623 681 56 22 blott
693 681 33 22 för
741 688 25 15 en
783 682 33 20 del
831 680 23 23 af

100 716 123 22 samhällets
237 716 142 22 medlemmar.
410 715 30 21 Af
452 716 66 21 sådan
533 716 112 26 anledning
660 716 39 21 och
714 716 28 22 dä
755 716 6 21 i
772 716 81 21 föreva-

98 751 66 21 rande
178 750 37 22 fall
229 751 65 26 nägot
309 751 64 20 annat
387 750 65 26 betyg
466 750 46 21 icke
522 750 66 22 borde
597 750 33 21 för
641 750 121 22 erhällande
773 749 22 22 af
801 756 50 22 pass

98 784 31 22 till
149 791 47 15 resa
215 786 58 20 utom
288 779 90 37 Finland
390 779 116 37 erfordras,
523 786 26 20 än
564 784 80 27 vanligt
659 784 192 22 hinderlöshetsbe-

98 818 37 27 vis,
159 818 88 22 hvarom
269 818 66 22 redan
349 817 74 22 funnes
438 818 137 22 annorstädes
591 818 105 27 stadgadt,
710 818 40 22 har
764 818 89 22 Ridder-

98 853 76 27 skapet
190 853 39 21 och
244 853 69 21 Adeln
329 854 69 20 ansett
411 852 49 21 hela
474 852 12 27 $
502 853 11 20 5
529 852 72 22 kunna
615 853 55 26 utgå.

167 892 155 28 Ridderskapet
345 892 38 21 och
406 891 74 28 Adeln,
504 898 46 16 som
569 892 36 21 vid
620 892 66 27 öfriga
700 892 131 27 stadganden
846 891 8 22 i

100 927 101 27 förslaget
217 927 18 27 ej
250 926 70 22 funnit
334 926 47 22 skäl
394 926 34 22 till
442 928 69 26 nägon
526 926 144 28 anmärkning,
686 926 39 23 har
739 926 62 23 alltsä
816 927 36 21 be-

98 961 103 22 träffande
217 961 116 22 detsamma
349 961 8 21 i
371 960 168 27 underdänighet
552 960 108 22 hemställt

338 1001 34 20 1:o
394 1002 33 18 att
448 1000 130 28 stadgandet
600 1001 9 20 i
627 1001 16 26 $
660 1001 8 19 1
686 1002 65 20 måtte
766 1000 85 22 erhålla

269 1037 30 19 ett
322 1034 76 28 tillägg
422 1035 8 20 i
448 1035 34 20 det
496 1034 63 28 syfte,
575 1037 33 19 att
617 1034 180 28 flyttningsbetyg
813 1034 37 21 bör

271 1068 28 27 af
318 1068 47 26 den,
380 1074 45 15 som
440 1068 105 27 utfärdar
559 1068 86 27 sädant,
661 1068 141 27 öfversändas
818 1069 34 21 till

267 1105 78 25 pastor
374 1103 9 20 i
411 1103 41 21 den
474 1102 143 28 församling,
643 1103 32 20 dit
698 1103 156 27 inflyttningen

269 1136 55 27 sker,
345 1138 57 20 samt
424 1139 32 19 att
476 1137 110 21 sökanden
604 1136 56 28 sjelf
671 1137 113 27 samtidigt
798 1137 54 21 und-

265 1171 61 27 Jinge
348 1173 29 19 ett
391 1170 105 22 särskildt
510 1172 68 27 intyg,
595 1170 153 22 innehållande
763 1170 89 28 uppgift

270 1212 34 14 om
327 1205 63 26 tiden,
414 1205 28 21 då
465 1206 125 27 utflyttning
613 1208 33 24 egt
661 1212 54 20 rum,
731 1205 38 21 och
785 1207 67 25 orten,

269 1240 62 20 hvart
353 1239 219 28 utflyttningsbetyget
593 1239 93 21 kommer
707 1242 33 18 att
760 1239 92 25 sändas;

272 1269 109 31 äfvensom

337 1313 35 20 2:0
394 1315 34 18 att
449 1313 16 26 $
483 1314 13 20 5
506 1312 62 28 finge
582 1320 28 13 ur
625 1313 40 21 den
680 1312 111 27 blifvande
800 1313 51 26 för-

265 1345 129 28 fattningen
409 1346 9 19 i
432 1347 72 19 ämnet
517 1346 60 27 utgå.

168 1386 170 22 Presteståndets
353 1385 39 22 har
407 1385 32 22 för
454 1385 31 22 sin
501 1385 34 22 del
549 1385 151 28 underdånigst
709 1385 101 28 tillstyrkt
820 1387 33 20 ut-

100 1420 101 23 färdande
215 1420 22 22 af
249 1420 64 27 nådig
328 1419 122 27 författning
465 1420 65 27 enligt
545 1420 36 22 det
596 1420 118 22 Ständerna
728 1420 125 22 meddelade

99 1455 106 27 förslaget,
229 1455 74 22 endast
325 1454 48 22 med
395 1454 40 22 den
457 1455 88 27 ändring
567 1454 8 21 i
597 1455 7 27 $
624 1456 19 26 1,
658 1457 32 20 att
704 1454 148 29 kungörelse
841 1450 15 37 i
