1028 1698
288 126 29 21 U.
331 126 70 21 B.:—
417 126 72 27 Prop.
504 126 46 22 N:o
565 127 33 21 19.
775 127 13 20 7

138 193 51 23 Som
211 194 158 27 Ridderskapet
392 195 39 21 och
454 195 82 21 Adelns
559 195 70 21 beslut
648 202 34 15 om
700 197 29 19 ett
744 195 73 28 tillägg

69 227 114 27 angäende
198 229 144 20 kostnaderna
357 229 33 20 för
405 229 190 27 brandförsäkring
611 230 23 20 af
647 228 170 28 äbyggnaderna

69 260 14 21 å
97 262 94 26 prestbol
206 262 48 21 icke
270 263 24 19 af
306 262 65 27 något
386 265 66 18 annat
468 262 67 21 Stånd
551 263 96 26 biträdts,
661 266 25 17 är
699 264 35 20 det
743 263 76 27 tydligt

69 297 29 18 att
113 295 91 21 beslutet
218 302 37 14 om
270 296 96 20 nämnda
381 296 74 27 tillägg
469 297 38 20 bör
513 297 94 26 förfalla;
621 297 40 20 och
674 295 28 22 dä
711 298 31 19 tre
751 296 66 21 Ständ

69 329 6 20 i
96 330 63 26 öfrigt
173 330 6 20 i
195 330 75 27 sjelfva
285 330 67 21 saken
368 330 95 27 godkänt
479 331 117 21 Utskottets
611 331 79 26 förslag
706 332 55 19 samt
776 329 41 22 frä-

69 369 69 21 gorna
155 364 7 20 i
183 364 71 20 denna
270 365 12 24 $
299 364 66 27 enligt
379 365 116 20 Utskottets
511 364 55 28 äsigt
582 365 47 20 icke
644 367 38 19 äro
698 366 24 19 af
734 365 83 26 privile-

69 398 100 27 giinatur,
194 399 38 20 har
251 398 107 21 Utskottet
373 400 69 19 ansett
457 399 41 21 den
516 400 32 19 för
564 400 29 19 ett
609 399 162 21 Ständerbeslut
787 405 30 14 er-

69 433 116 26 forderliga
207 432 107 27 pluralitet
329 433 135 21 beträffande
480 434 127 20 momentets
623 432 95 22 innehäll
733 433 84 22 förefin-

71 473 45 20 nas,
142 473 49 14 men
211 467 65 20 likväl
296 468 48 20 trott
363 467 32 27 sig
410 468 52 20 böra
478 468 87 20 anmäla
580 473 36 15 om
631 467 72 21 denna
718 468 32 20 sin
767 473 51 21 upp-

71 502 99 26 fattning:
707 518 4 2 n

207 544 30 18 att
255 544 27 18 ett
296 540 104 29 lagenligt
414 541 161 21 Ständerbeslut
591 540 112 29 angående
720 540 99 22 innehäl-

139 575 28 21 let
183 574 27 28 af
222 574 17 26 $
258 574 26 22 11
301 581 61 15 mom.
383 575 11 20 1
409 574 124 30 förefinnes.

138 616 63 21 Hvad
224 615 96 21 deremot
335 616 139 28 siadgandets
488 615 138 27 ordalydelse
642 616 102 22 beträffar
759 616 60 20 hem-

71 650 73 21 ställes

208 689 37 22 hos
271 689 155 29 Ridderskapet
446 689 37 22 och
502 689 69 23 Adel
584 693 56 19 samt
658 689 107 29 Borgare-
782 688 38 22 och

145 722 165 24 Bondeständen
328 727 31 18 att
373 723 44 22 icke
433 723 91 23 allenast
540 723 66 22 orden
622 724 138 27 ,ynärmare
781 723 39 21 be-

139 756 125 23 stämma"
280 757 13 22 å
310 757 53 22 7:de
378 757 38 22 och
432 757 57 23 8:de
505 757 68 23 raden
588 761 52 18 utan
655 757 38 21 ock
708 757 60 22 ordet
783 757 36 21 be-

141 794 90 20 stämma
254 791 14 22 å
292 791 53 23 9:de
368 791 37 22 och
430 791 70 23 10:de
519 791 68 22 raden
607 791 56 29 finge
680 792 83 28 utbytas
778 796 43 16 mot

141 826 62 22 ordet
216 825 140 29 föreslå",
373 826 110 22 hvarutom
500 826 40 22 den
556 825 28 28 af
596 825 157 22 Bondeståndet
761 825 60 30 gjor-

142 861 29 21 da
186 860 99 22 rättelsen
301 861 9 20 i
324 860 41 22 den
379 860 71 29 finska
467 865 68 17 texten
551 860 60 21 torde
626 859 96 29 bifallas.

143 908 90 21 Mom.
250 907 18 22 5
284 908 35 20 af
332 905 22 29 S
369 909 29 19 11
415 909 25 19 är
455 908 24 20 af

176 948 181 26 Ridderskapet
371 948 48 21 och
433 948 83 22 Adeln

143 983 123 27 godkändt;
284 983 24 19 af

176 1026 188 24 Presteständet

144 1062 90 22 sålunda
250 1063 99 26 ändradt,
367 1064 29 19 att
410 1062 54 21 efter
480 1062 61 21 ordet
556 1060 119 28 ybidragit*
691 1060 13 21 &
718 1061 63 20 2:dra
790 1067 33 14 ra-

76 1098 41 21 den
141 1098 68 21 skulle
225 1097 98 27 tilläggas
338 1096 68 22 orden
422 1096 67 26 ,eller
503 1097 53 26 eljes
572 1096 112 26 tillräcklig
699 1095 122 27 byggnads-

78 1133 64 20 kassa
157 1130 141 26 förefinnes*;
316 1132 23 19 af
396 1141 2 2 :

179 1174 212 28 Borgareständet

145 1211 105 21 likaledes
273 1211 92 20 ändradt
387 1210 28 27 pä
434 1212 41 20 sätt
494 1208 171 24 Presteständets
679 1209 71 21 beslut
764 1209 60 20 inne-

78 1245 79 27 häller;
175 1247 55 19 samt
245 1246 23 19 af

180 1282 186 24 Bondeständet

148 1319 120 27 godkändt.

150 1360 42 20 För
213 1359 32 20 sin
270 1358 34 21 del
323 1358 69 20 skulle
408 1357 105 21 Utskottet
529 1356 125 26 visserligen
670 1361 52 14 anse
738 1355 23 20 af
773 1356 12 23 $
801 1354 26 20 11

81 1395 6 19 i
109 1394 32 19 sin
166 1393 79 26 helhet,
267 1391 83 28 jemväl
369 1393 51 18 utan
435 1389 77 23 sådant
527 1390 80 27 tillägg,
624 1396 45 14 som
686 1389 42 25 det,
746 1388 83 20 hvartill

82 1429 83 20 Preste-
181 1427 40 20 och
236 1425 187 28 Borgaresländen
439 1424 92 27 beslutit,
549 1423 75 28 tydligt
640 1423 39 22 och
695 1423 55 20 klart
765 1423 63 20 fram-

83 1462 28 28 gå
127 1464 29 19 att
171 1463 58 26 prest
244 1461 53 21 eller
312 1461 54 20 hans
381 1460 98 21 sterbhus
491 1461 40 18 äro
547 1459 40 20 fria
602 1457 47 21 från
664 1457 119 27 ersättning
798 1457 33 21 för

110 1508 74 23 Bihang
197 1507 27 18 till
236 1507 103 18 Sammans.
352 1505 50 24 Lag-
409 1511 18 12 o.
437 1503 185 20 Ekonomiutskottets
634 1503 113 18 betänkande
758 1502 39 19 N:o
810 1502 14 17 6
