1014 1703
257 146 28 19 U.
300 147 31 17 B.
349 158 22 2 —
388 148 82 22 Prop.
486 148 47 18 N:o
548 149 36 17 18.
745 148 26 21 21

54 214 47 19 nets
117 212 90 21 arfsrätt
222 212 55 22 efter
292 213 33 21 sin
342 214 74 21 moder
432 214 38 21 bör
486 216 63 24 göras
565 214 111 22 beroende
692 216 62 20 deraf
767 218 32 19 att

53 246 64 20 hon
105 242 14 38 i
136 247 33 20 sin
194 246 75 27 lifstid,
295 248 104 26 antingen
422 254 76 20 genom
521 248 132 27 anteckning
673 249 7 20 i
699 249 100 27 kyrkbok

53 280 53 20 eller
115 280 28 26 pä
158 283 66 18 annat
231 281 123 27 otvetydigt
365 283 51 24 sätt,
428 282 77 20 erkänt
516 282 33 26 sig
560 288 53 14 vara
623 282 87 22 barnets
719 284 79 20 moder.

53 314 39 20 Om
114 320 26 14 en
163 315 119 26 rättegäng,
302 315 48 21 med
366 316 112 26 uppgifvet
494 315 56 27 syfte
566 317 34 19 att
617 316 78 21 utreda
709 316 88 22 hvilken

53 348 31 19 ett
106 347 65 21 oäkta
185 347 72 22 barns
272 348 62 21 fader
349 349 53 20 eller
417 349 74 21 moder
507 349 63 24 varit,
586 349 34 20 fär
635 349 84 22 utföras
743 349 55 22 efter

52 380 41 21 den
108 380 148 27 ifrägakomna
271 388 117 20 personens
404 383 50 25 död,
470 383 23 20 sä
508 383 43 20 kan
567 388 26 15 en
609 382 67 21 sädan
695 383 103 22 tillätelse

52 414 110 27 lätteligen
185 415 109 27 begagnas
319 422 45 15 som
386 418 32 19 ett
433 417 70 20 medel
518 418 39 23 att,
574 422 76 20 genom
666 417 38 20 hot
719 423 34 14 om
773 423 24 14 en

52 447 41 21 slik
116 448 119 27 rättegäng,
260 449 130 22 ätminstone
410 450 8 21 i
433 450 179 27 förlikningsväg,
636 450 97 27 aftvinga
757 451 39 21 den

51 481 53 22 eller
126 482 54 27 dem,
203 489 45 15 som
269 483 51 28 vilja
335 483 62 22 freda
412 484 41 21 den
469 484 95 21 aflidnas
579 484 72 21 minne
667 484 34 21 för
716 485 82 20 sädana

51 522 95 21 angrepp
161 519 45 19 mot
220 518 54 21 hans
290 518 56 26 goda
361 525 64 14 namn
441 519 40 20 och
495 519 70 26 rykte,
581 525 45 14 mer
642 519 53 20 eller
714 519 83 21 mindre

51 550 110 26 egendom.
191 552 47 21 Den
260 552 23 21 af
297 552 154 26 Lagutskottet
473 552 116 21 förordade
605 552 80 26 nädiga
699 553 98 26 proposi-

50 584 74 22 tionen
148 585 74 27 tyckes
243 586 54 20 dock
320 586 52 26 vilja
394 586 107 26 tillstädja
520 586 90 25 sådant;
633 586 41 21 och
690 586 61 21 detta
766 588 30 24 är,

51 618 68 27 enligt
141 619 48 21 mitt
211 620 104 26 omdöme,
330 626 26 14 en
373 621 46 19 stor
436 620 39 21 och
491 620 157 26 hufvudsaklig
665 620 62 26 brist,
743 620 54 21 hvil-

51 653 41 21 ken
108 654 109 21 verksamt
232 654 42 21 kan
290 654 108 27 afhjelpas
414 654 78 22 endast
506 654 131 26 derigenom,
652 656 33 19 att
700 654 37 22 det
747 655 50 21 oäk-

50 689 24 19 ta
89 688 88 21 barnets
193 688 89 21 arfsrätt
298 688 55 21 efter
368 688 34 21 sin
418 688 74 21 moder
506 690 64 25 göres
585 688 110 21 beroende
709 689 24 20 af
746 689 50 20 hen-

50 727 38 16 nes'
111 721 157 22 ofvannämnda
294 722 145 21 erkännande.
470 722 45 21 Och
538 723 60 20 detta
620 722 138 21 erkännande
773 724 24 19 är

51 756 36 21 det
105 756 79 21 minsta
199 756 42 21 hon
256 757 40 20 bör
310 758 60 25 göra,
386 762 33 15 om
435 756 43 21 hon
493 756 111 27 verkligen
619 756 38 21 vill
673 757 32 20 att
715 756 81 21 hennes

51 790 52 21 barn
119 790 56 21 skall
191 790 72 21 kunna
278 790 62 21 ärfva
354 790 70 21 henne
440 790 52 21 eller
509 791 43 20 hon
567 790 84 21 barnet.
664 802 22 3 —
699 790 43 21 Det
757 790 39 21 har

51 825 58 20 inom
131 824 113 21 Utskottet
266 825 96 21 deremot
377 825 118 26 anmärkts,
518 826 32 20 att
565 825 89 20 modern
669 824 42 21 kan
728 824 68 21 aflida

51 859 68 21 under
135 859 52 22 eller
207 861 77 24 genast
298 859 56 22 efter
368 859 151 22 barnsbörden
535 861 55 19 samt
601 859 91 21 sälunda
706 859 41 21 och
762 865 33 14 om

51 894 18 26 ej
86 893 70 26 nägon
167 899 46 15 som
228 893 83 21 kunnat
326 895 97 24 mottaga
438 893 82 21 hennes
536 893 138 21 erkännande
683 895 39 18 när
733 893 62 26 varit,

50 927 67 21 blifva
132 927 136 21 urständsatt
283 929 32 18 att
330 927 96 21 erkänna
436 927 78 21 barnet
524 933 46 15 som
581 927 45 21 sitt.
655 926 83 21 Sädant
753 927 41 21 kan

51 961 126 27 visserligen
201 961 165 28 sammanträffa,
380 959 58 24 men
454 961 124 27 antagligen
593 961 25 21 sä
633 961 162 26 undantagsvis,

51 997 32 20 att
98 995 137 27 lagstiftaren
248 996 48 20 icke
308 996 40 20 bör
355 996 74 20 kunna
438 1002 62 14 anses
516 996 78 26 pligtig
609 997 33 19 att
657 996 74 20 dertill
745 997 51 25 taga

51 1030 88 26 hänsyn.
170 1029 44 21 Der
237 1030 37 21 det
293 1029 129 27 någongång
444 1029 105 27 inträffar,
571 1029 41 21 bör
632 1029 36 21 det
683 1029 112 21 betraktas

51 1070 45 15 som
112 1065 31 20 ett
159 1063 118 27 olycksfall.
308 1063 45 22 Och
368 1063 108 27 följderna
498 1063 23 21 af
542 1063 48 21 dem
605 1063 75 21 tillhör
695 1063 38 21 det
747 1063 48 21 icke

51 1098 41 21 den
107 1097 123 27 borgerliga
244 1097 64 27 lagen
323 1099 33 19 att
372 1097 133 22 förekomma
520 1098 53 21 eller
588 1097 132 27 undanröja;
735 1098 61 20 detta

50 1132 130 21 tillkommer
199 1132 102 21 fastmera
321 1138 54 20 egen
397 1132 172 21 förtänksamhet
588 1131 53 22 eller
656 1131 139 27 välgörenhe-

50 1168 43 24 ten,
110 1166 41 21 den
167 1166 108 21 allmänna
290 1166 60 22 eller.
359 1166 41 21 den
416 1166 107 21 enskilda.

117 1195 197 31 Ättförfattningen
329 1199 39 21 har
384 1199 23 21 af
420 1199 60 22 ålder
496 1200 82 26 utgjort
593 1199 41 21 den
650 1199 56 20 enda
715 1199 80 26 grund-

50 1233 62 21 valen
127 1233 34 21 för
176 1233 117 20 arfsrätten
308 1233 40 21 och
363 1233 133 26 arfsföljden.
526 1233 50 21 Man
591 1233 35 20 må
641 1238 66 21 gerna
725 1232 70 21 såsom

50 1267 70 27 grund
143 1267 72 21 derför
231 1267 6 20 i
253 1267 73 20 stället
346 1267 33 20 för
402 1267 70 20 denna
487 1266 163 25 ättförfattning
664 1268 79 24 antaga
759 1266 37 20 det

50 1301 54 20 mätt
128 1301 23 20 af
171 1300 147 26 tillgifvenhet
342 1306 48 15 man
412 1300 128 21 förutsätter
562 1301 33 20 att
617 1300 138 29 medlemmar
774 1299 23 21 af

50 1341 81 14 samma
153 1336 32 19 ätt
200 1334 54 25 hysa
275 1334 53 20 eller
347 1334 53 19 böra
415 1334 53 25 hysa
484 1334 33 20 för
532 1334 128 20 hvarandra.
690 1333 50 20 Men
755 1335 39 23 att,

49 1368 8 20 i
72 1367 222 21 öfverensstämmelse
313 1367 94 25 dermed,
430 1368 80 25 antaga
532 1367 33 20 att
586 1366 157 27 syskonkärlek
759 1372 36 15 an-

50 1401 107 21 norlunda
177 1402 28 19 än
228 1400 89 21 alldeles
339 1400 156 27 undantagsvis
518 1400 56 21 skall
589 1406 40 21 ega
643 1406 46 15 rum
705 1400 90 21 emellan

50 1435 38 21 tvä
104 1434 53 22 eller
172 1434 52 22 flere
239 1435 65 21 oäkta
318 1435 54 21 barn
388 1434 23 22 af
425 1440 81 16 samma
520 1435 80 26 moder,
617 1441 62 21 synes
694 1434 44 28 mig
752 1434 42 22 för-

51 1468 128 22 förhastadt.
211 1468 85 22 Sädana
319 1469 53 21 barn
388 1468 68 21 sakna
470 1469 8 21 i
493 1469 27 21 de
535 1469 63 22 flesta
612 1468 38 22 fall
665 1468 129 27 syskonkär-

119 1514 126 23 Lagutskottets
259 1514 111 17 Betänkande
381 1514 35 17 N:o
429 1514 16 18 5.
