1025 1706
385 130 53 22 N:o
456 128 46 24 13.
774 132 13 20 3

68 197 72 27 hörigt
158 199 60 26 intyg
236 198 52 22 eller
305 198 127 21 annorledes
450 198 52 27 visa,
518 200 33 20 att
565 199 42 21 han
615 198 33 22 för
664 199 150 21 arbetssökan-

68 232 26 21 de
112 232 52 21 eller
182 232 7 21 i
207 234 65 19 annat
288 232 71 26 lofligt
377 233 79 20 ärende
473 232 90 27 begifvit
581 233 33 25 sig
632 232 48 21 frän
698 232 117 26 hemorten,

68 266 52 20 eller
134 266 40 20 har
187 266 49 25 han,
252 266 90 21 oaktadt
357 266 66 20 sädan
438 266 122 26 utredning,
575 266 71 21 blifvit
660 266 49 21 med
724 266 91 26 osedlig-

67 299 37 20 het
119 299 52 21 eller
188 302 76 18 vanart
282 300 97 25 beträdd,
394 300 65 20 varde
479 300 70 20 säsom
564 299 128 21 lösdrifvare
707 300 24 20 af
743 301 72 19 ortens

67 333 181 27 polismyndighet
266 333 132 21 omedelbart
415 334 32 20 till
463 334 149 21 Guvernörens
628 333 6 21 i
650 334 57 21 länet
722 333 94 21 behand-

67 367 45 27 ling
126 367 83 21 insänd.

418 395 11 27 8
445 397 18 19 2.

138 430 30 25 Är
184 435 106 21 arbetsför
304 441 86 21 person,
405 435 87 21 hvilken
506 437 52 25 äger
573 435 33 21 sin
620 434 105 28 bergning
733 435 22 21 af
762 440 54 22 egna

67 468 116 27 tillgängar
201 470 51 20 eller
271 475 76 21 genom
365 475 82 15 annans
466 469 96 21 värdnad
579 468 40 22 och
637 469 46 21 icke
702 469 67 21 heller
784 469 31 21 ät-

67 503 71 26 njuter
152 502 123 28 fattigvärd,
284 504 39 20 hos
338 503 180 27 polismyndighet
530 503 53 21 eller
598 503 171 27 tillsyningsman
780 509 35 15 an-

67 536 71 27 gifven
153 537 34 21 för
202 538 52 20 eller
268 537 24 21 af
305 537 48 21 dem
368 537 91 21 beträdd
473 538 49 20 med
538 538 32 20 att
584 537 58 21 inom
654 543 53 20 egen
715 537 101 21 kommun

66 570 48 22 föra
130 572 30 20 ett
175 571 186 27 kringstrykande,
379 571 112 27 sysslolöst
506 571 40 21 och
561 570 92 27 osedligt
661 570 100 26 lefverne,
771 576 45 15 som

66 605 34 20 till
115 611 55 15 vana
185 605 113 26 öfvergätt,
314 605 38 20 och
367 605 40 21 har
423 605 66 21 sädan
503 611 79 20 person
596 604 24 21 af
632 604 122 26 undfängen
769 610 46 15 var-

66 639 52 26 ning
133 640 18 26 ej
170 640 49 20 låtit
238 640 33 26 sig
287 640 63 24 rätta,
365 639 66 21 varde
449 639 40 21 ock
504 639 70 21 såsom
593 638 127 21 lösdrifvare
736 638 80 21 ansedd

68 673 39 21 och
121 673 33 21 till
170 673 150 21 Guvernörens
336 673 129 27 behandling
481 672 151 26 öfverlemnad,
644 672 89 21 hvarvid
747 674 69 24 prest-

67 707 59 21 bevis
142 707 34 21 för
192 708 40 20 den
247 707 100 21 anhållne
362 707 55 21 skall
432 707 108 26 medfölja.

138 742 102 26 Varning,
256 742 88 20 hvarom
359 742 39 20 här
414 742 93 26 stadgas,
522 741 116 26 meddelas,
650 740 24 21 så
689 740 7 21 i
712 740 48 21 stad
771 746 45 16 som

68 776 28 27 på
111 776 79 26 landet,
206 776 22 21 af
241 775 161 22 vederbörande
417 775 253 27 kommunalmyndighet.

419 838 11 27 $
446 839 19 20 3.

138 878 52 22 Med
204 878 181 27 kringstrykande
400 878 59 26 barn,
475 884 66 20 yngre
550 879 27 19 än
584 877 80 21 femton
676 876 29 26 år,
718 878 55 20 samt
784 875 33 22 till

68 912 117 26 fattigvård
204 912 134 26 berättigade
355 911 112 21 fullvuxna
485 917 108 21 personer,
610 910 24 21 så
653 910 40 20 ock
711 910 49 21 med
776 910 41 26 tig-

68 953 58 20 gare,
145 946 91 21 förfares
254 946 28 26 på
301 947 44 19 sätt
366 946 7 20 i
391 945 154 26 förordningen
563 950 34 15 om
619 944 107 20 allmänna
744 944 73 26 fattig-

68 980 80 22 vården
163 980 8 20 i
185 980 73 21 landet
273 980 23 20 af
310 980 41 20 den
512 980 38 20 187
582 995 4 3 .
602 980 24 18 är
642 978 107 26 stadgadt.

420 1041 11 26 8
447 1043 19 19 4.

140 1081 219 22 Kommunalnämnds
378 1080 38 21 och
439 1079 231 28 fattigvärdsstyrelses
689 1077 128 23 ordförande

70 1116 39 21 och
126 1116 118 21 ledamöter
266 1115 110 21 äfvensom
396 1113 278 28 fattigvårdsföreståndare
692 1113 40 20 och
749 1113 68 26 tillsy-

69 1151 112 24 ningsmän
200 1150 81 26 åligger
298 1148 65 21 hafva
381 1148 73 26 tillsyn
472 1147 59 21 öfver
550 1146 179 27 kringstrykande
744 1151 73 20 perso-

69 1190 39 15 ner
123 1183 39 21 och
180 1183 124 26 allvarligen
324 1181 64 27 stäfja
405 1181 129 25 lösdrifveri,
554 1181 3 20 i
576 1179 82 21 hvilket
675 1179 100 21 afseende
791 1179 26 20 de

69 1217 64 22 hafva
148 1219 33 19 att
196 1217 22 20 af
235 1217 77 20 krono-
328 1215 39 21 och
383 1215 155 26 stadsbetjente
553 1213 84 26 åtnjuta
651 1212 167 26 handräckning.

423 1277 10 27 8
450 1278 19 20 5.

140 1319 52 20 Med
213 1318 134 24 lösdrifvare,
364 1323 46 15 som
432 1317 67 25 enligt
521 1315 24 28 $$
562 1316 9 19 1
592 1315 52 21 eller
664 1315 13 20 2
700 1313 70 21 blifvit
785 1312 33 21 till

70 1353 150 20 Guvernörens
231 1351 130 26 behandling
373 1349 149 25 öfverlemnad,
531 1349 39 20 bör
582 1348 138 20 Guvernören
728 1347 11 19 ä
747 1346 72 20 lands-

70 1386 94 21 kansliet
186 1385 92 21 anställa
296 1384 79 25 förhör,
395 1383 34 21 för
447 1381 120 22 utrönande
586 1381 22 20 af
624 1381 53 20 hans
696 1379 122 25 födelseort,
