1034 1703
253 159 15 22 4
421 158 32 23 U.
470 159 29 22 B.
517 169 33 4 —
567 159 79 26 Prop.
664 157 47 24 N:o
729 159 33 21 11.

218 233 24 17 se
259 227 50 23 med
326 226 137 24 förestäende
485 226 86 31 förslag
588 225 34 24 till
644 225 83 31 lydelse
745 225 34 24 för
796 233 64 16 mom.
882 227 21 27 1,
927 224 40 25 lik-

218 261 35 23 väl
272 261 49 23 med
340 259 149 32 ”uteslutning
508 261 24 23 af
548 261 37 23 det
607 260 49 23 utaf
673 260 108 24 utskottet
798 260 8 23 i
823 260 68 24 slutet
909 259 58 32 gjor-

216 295 29 24 da
261 295 106 30 tillägg”;
385 295 113 24 hvaremot

284 329 67 24 Mom.
372 330 13 24 3
404 333 24 19 är
447 329 92 30 antaget
556 328 50 24 med
624 328 96 30 följande
738 328 91 31 tillägg:

286 369 85 24 ”derest
393 368 48 25 icke
464 369 25 23 de
509 368 238 32 skjutsningsskyldige
765 369 135 24 annorlunda
918 368 47 25 der-

218 411 34 17 om
271 403 207 25 öfverenskomma.”

284 438 35 24 Då
337 437 244 25 utskottsbetänkandet
598 437 73 25 blifvit
689 438 24 24 af
725 438 37 23 två
772 438 63 24 stånd
845 437 120 31 godkändt,

215 472 34 24 får
267 472 116 29 utskottet,
401 472 35 24 till
454 472 109 24 vinnande
582 472 24 24 af
630 472 100 30 lagenlig
756 471 120 32 pluralitet,
903 472 62 24 vörd-

216 507 57 24 samt
290 507 91 24 föreslå:

421 556 38 20 att
482 552 103 24 Preste-
605 552 46 24 och
680 552 194 24 Bondeständen
899 553 65 30 ville,

352 587 55 23 med
423 587 159 32 frängäende
600 588 34 30 af
647 588 56 22 sina
726 588 81 23 beslut
823 587 142 32 beträffan-

353 622 30 23 de
399 621 23 32 $
441 621 18 23 2
480 623 9 22 i
507 621 130 24 utskottets
659 622 274 31 författningsförslag,
957 623 10 21 i

353 655 78 24 denne
449 655 41 24 del
505 655 138 31 godkänna
662 657 144 22 detsamma.

286 712 35 24 3:0
347 712 134 24 beträffande
500 711 15 35 $
534 712 39 31 B;

237 755 7 7 *
283 757 12 24 1
313 757 70 25 denne
401 758 36 24 del
454 757 41 25 har

283 814 187 33 Ridderskapet
488 814 45 26 och
551 814 79 26 Adeln

284 860 99 32 godkänt
399 860 120 25 utskottets
536 861 96 31 förslag;

283 917 188 27 Presteständet

284 964 106 24 likaledes
409 964 86 31 antagit
513 972 83 17 samma
613 964 96 32 förslag;

282 1020 211 33 Borgareständet

283 1067 8 24 i
308 1067 68 31 öfrigt
394 1068 98 30 godkänt
510 1068 119 24 utskottets
647 1067 92 32 förslag,
757 1075 49 17 men
819 1067 34 24 för
865 1075 64 16 mom.
942 1069 21 28 1,

214 1101 8 23 i
240 1101 123 24 hufvudsak
381 1102 28 30 pä
427 1102 26 23 de
472 1102 48 23 skäl
538 1102 227 30 Landtdagsmännen
787 1102 86 24 Anders
897 1102 66 23 Sved-

214 1135 67 31 bergs
299 1135 41 24 och
358 1135 55 24 Karl
431 1136 107 29 Hannus',
557 1136 149 24 betänkandet
723 1136 116 31 vidfogade
866 1143 97 16 reserva-

214 1169 46 24 tion
278 1169 129 30 innehäller,
426 1171 86 30 antagit
530 1170 95 30 följande
643 1170 93 31 lydelse:

283 1209 150 32 ”Skjutslaget
450 1211 29 29 pä
496 1211 75 23 landet
592 1212 90 29 utgöres
703 1211 25 23 af
747 1211 102 31 häradet,
872 1213 91 24 säframt

214 1244 19 29 ej
252 1243 156 23 kommunerna
426 1244 68 23 önska
513 1246 33 21 att
564 1245 132 30 skjutslaget
713 1246 123 23 utsträckes
854 1246 34 24 till
907 1248 56 23 stör-

214 1283 24 17 re
256 1277 87 22 omräde
362 1277 53 23 eller
433 1277 128 24 inskränkes
579 1278 33 23 till
631 1277 123 32 tingslaget
767 1279 40 24 och
823 1279 141 25 Guvernören

213 1310 70 24 finner
301 1310 84 31 skäligt
403 1310 74 25 dertill
495 1311 97 25 bifalla.”

282 1367 184 27 Bondeståndet

282 1415 65 30 gillat
365 1413 49 34 $:en
433 1415 49 24 med
503 1415 95 32 ändring
624 1416 25 24 af
673 1417 167 32 bestämningen
867 1417 94 25 ”härad”

213 1448 35 25 till
266 1449 133 31 ”tingslag.”

280 1483 35 24 Då
341 1484 119 24 utskottets
487 1484 84 31 förslag
597 1485 63 24 äfven
687 1485 132 26 härutinnan
842 1490 25 20 är
884 1487 25 24 af
923 1487 38 24 två

237 1534 72 24 Bihang
323 1534 28 19 till
363 1535 102 18 Sammans.
481 1535 50 24 Lag-
541 1542 15 11 o.
565 1535 187 20 Ekonomiutskottets
764 1537 113 19 betänkande
888 1537 44 19 N:o
941 1538 19 18 4.
