1028 1711
294 143 31 20 U.
343 143 31 20 B.
392 154 26 3 —
436 143 83 24 Prop.
538 143 45 20 N:o
600 144 26 19 3.
777 142 25 19 43

222 210 16 21 I
251 210 46 22 alla
320 211 25 20 de
363 211 50 26 fall,
433 211 28 21 dä
481 210 135 28 öfverlätelse
632 211 19 27 ej
665 210 86 27 medför
765 211 69 20 större

154 246 52 23 rätt,
221 247 29 18 än
265 247 33 18 att
313 245 87 26 utgifva
416 246 43 19 viss
474 245 52 20 eller
539 245 58 20 vissa
607 245 108 26 upplagor
726 243 29 26 af
761 243 72 27 skrift,

154 285 50 13 vare
217 278 147 26 författaren,
385 279 66 20 sedan
471 279 53 20 sista
539 279 112 25 upplagan
666 277 119 24 utkommit,
801 277 33 20 be-

154 312 99 26 rättigad
276 314 39 22 att,
337 312 69 20 innan
425 312 40 20 den
485 312 73 20 utsåld
577 311 78 26 blifvit,
671 311 114 20 återvinna
799 310 35 20 sin

155 340 168 36 utgifningsrätt
339 339 35 27 till
388 345 93 27 skriften
497 345 127 27 derigenom,
640 347 32 19 att
686 344 44 21 han
735 344 41 26 för
787 344 47 20 bok-

156 379 159 27 handelspriset
329 380 81 20 inlöser
426 380 25 20 de
467 379 109 27 exemplar
591 380 30 26 af
632 379 119 27 upplagan,
763 378 71 20 hvilka

150 413 147 28 förläggaren
317 414 58 20 inom
393 416 32 18 tre
440 414 105 20 månader
560 413 56 27 efter
631 412 117 28 tillsägelse
763 412 72 20 derom

154 448 59 20 visar
232 449 34 26 sig
285 448 124 26 innehafva.
439 444 34 25 Är
491 448 48 20 hela
554 447 197 28 utgifningsrätten
766 446 70 27 öfver-

158 482 64 25 låten,
245 489 46 13 men
313 489 28 21 ny
361 482 98 28 upplaga
478 482 69 21 under
563 482 28 20 tio
607 482 27 20 år
648 482 14 20 å
676 481 43 21 rad
735 482 19 26 ej
768 480 67 28 utgif-

157 523 45 19 ven,
219 523 50 14 vare
285 517 36 27 lag
336 523 87 15 samma.

468 562 15 26 $
497 564 34 19 30.

225 601 31 28 Ej
277 602 36 20 må
335 601 168 28 utgifningsrätt
526 601 35 21 till
580 601 72 26 skrift,
673 601 53 20 eller
745 602 46 19 rätt
805 603 33 18 att

159 636 46 20 låta
228 635 123 28 offentligen
367 636 13 20 å
395 635 123 27 skådeplats
537 635 98 27 uppföra
654 635 114 26 skådespel
787 634 51 21 eller

153 669 41 28 för
216 677 73 13 scenen
308 669 117 27 författad
445 669 76 26 musik,
542 669 53 20 eller
614 671 32 18 att
662 668 109 28 eftergöra
787 668 52 21 eller

159 705 139 20 annorlunda
313 703 153 28 mångfaldiga
481 705 69 19 annat
565 703 115 20 konstverk
695 705 63 25 tagas
773 703 8 20 i
794 704 45 19 mät

160 739 34 20 till
216 739 65 26 gälds
301 738 115 27 betalning,
437 739 24 20 så
477 739 63 26 länge
555 737 72 21 sådan
642 739 45 19 rätt
702 737 76 21 tillhör
788 736 51 27 för-

154 773 103 27 fattaren
280 772 53 21 eller
355 775 138 23 konstnären,
512 773 53 20 eller
582 772 54 20 hans
656 771 54 21 enka
725 772 52 20 eller
793 770 45 28 arf-

160 809 84 26 vingar.

471 853 14 27 $
500 854 34 19 31.

228 894 56 21 Lika
299 893 48 21 med
362 894 27 20 33
405 894 13 25 &
434 893 7 21 i
456 892 160 29 propositionen,
632 900 49 13 men
696 891 49 22 med
759 890 81 22 hänvis-

160 928 51 28 ning
225 928 33 22 till
275 928 32 25 19,
323 928 28 21 20
366 928 38 20 och
420 928 25 20 21
463 928 34 26 $$.

611 972 25 20 G.
651 972 121 20 Ehrström.

169 1512 137 23 Lagutskottets
319 1511 111 18 betänkande
441 1516 31 12 n:o
486 1511 15 17 8.
