1048 1703
437 151 28 17 :0
482 145 29 23 6.
794 145 12 20 5

84 215 50 21 icke
150 215 85 21 vunnits
251 215 41 21 den
307 215 138 26 tillförlitliga
459 215 115 25 utredning
589 220 35 15 om
636 213 163 26 befolkningens
809 213 28 26 pä

87 250 62 19 orten
164 248 66 21 behof
244 249 39 20 och
298 248 125 27 rättmätiga
439 248 131 26 önskningar
586 249 55 19 samt
656 247 111 21 derstädes
777 247 59 20 herr-

92 283 81 20 skande
189 283 147 26 egendomliga
351 282 154 26 förhällanden,
522 288 46 15 som
583 287 51 15 vore
649 281 23 21 af
685 281 70 21 nöden
765 280 36 21 vid
811 286 26 15 en

87 317 25 20 sä
126 316 127 27 ingripande
269 316 38 21 och
323 316 97 21 enskilda
435 317 106 20 intressen
556 315 28 27 pä
600 316 36 20 det
653 316 108 20 närmaste
776 315 61 20 berö-

86 350 67 21 rande
175 350 131 26 förändring,
330 356 46 15 som
399 350 42 20 den
460 350 63 21 ofvan
539 349 103 27 äsyftade,
662 348 99 22 hvarföre
777 348 61 21 Stän-

89 384 67 21 derna
177 384 112 26 föreslagit
311 386 38 24 att,
372 384 65 21 innan
456 384 74 21 vidare
544 384 7 20 i
568 383 66 21 saken
649 383 69 21 skulle
732 382 105 27 tillgöras,

88 424 26 15 en
129 417 146 27 kommission,
290 418 117 21 bestäende
423 418 22 21 af
455 418 123 26 ledamöter,
595 417 90 21 utsedde
699 417 33 21 till
747 416 45 22 lika
801 422 38 15 an-

87 452 30 21 tal
134 452 22 21 af
170 452 115 27 Styrelsen,
303 452 12 21 &
330 458 39 16 ena
385 452 68 26 sidan,
469 452 40 21 och
523 458 29 15 nu
566 451 164 27 ifrägavarande
743 451 96 21 kommu-

87 493 45 20 ner,
156 486 12 22 &
191 487 66 21 andra
281 487 67 26 sidan,
369 486 70 22 blefve
454 487 86 21 nedsatt
554 486 34 22 för
604 488 32 19 att
649 485 126 22 införskaffa
789 485 50 22 full-

88 520 86 28 ständig
189 520 114 27 utredning
319 521 18 26 ej
354 521 83 21 mindre
453 521 79 26 derom,
542 520 106 22 huruvida
659 520 39 21 och
708 520 49 21 med
767 519 72 22 hvilka

87 555 70 21 vilkor
179 555 39 21 och
233 555 173 21 modifikationer
420 555 99 26 gällande
535 555 133 27 stadganden
683 554 110 27 angäende
809 553 30 22 öf-

87 589 161 28 verloppsjords
271 589 118 27 afvittring,
412 589 85 26 refning
516 589 39 22 och
571 589 160 27 skattläggning
746 589 71 20 kunde
832 588 7 21 i

87 624 138 21 merberörde
248 623 98 22 landsort
368 623 141 27 genomföras,
534 625 26 20 än
579 623 110 26 angäende
704 623 26 21 de
746 623 94 26 skyldig-

87 657 61 22 heter
163 658 8 21 i
187 657 99 22 afseende
302 658 13 21 &
330 657 175 27 landsförsvaret,
529 664 46 15 som
597 657 67 22 borde
679 657 161 22 vederbörande

88 692 94 27 äläggas,
206 692 108 21 äfvensom
329 694 33 19 att
376 692 65 26 nädig
456 692 135 27 proposition
606 692 8 20 i
633 693 76 25 ämnet,
732 691 108 27 uppgjord

88 726 48 22 med
151 726 87 27 ledning
253 726 23 21 af
291 726 89 22 sälunda
395 726 122 22 inhemtade
527 726 160 28 upplysningar,
699 726 70 21 blefve
778 725 62 22 Stän-

88 760 66 22 derna
169 761 37 21 vid
220 760 177 22 nästkommande
412 761 103 27 landtdag
530 761 104 27 förelagd,
653 762 55 20 samt
723 760 117 22 bestäende

87 795 149 22 förhällanden
258 796 119 21 emellertid
403 796 109 21 lemnades
534 796 8 21 i
565 795 107 21 orubbadt
697 795 61 21 skick
783 794 57 22 intill

88 830 50 21 dess
154 830 88 21 ärendet
257 830 72 22 kunde
344 830 66 22 varda
424 831 8 20 i
447 830 67 27 laglig
524 830 91 28 ordning
626 830 101 26 slutligen
737 829 102 28 afgjordt.

156 864 62 22 Efter
241 865 36 21 det
299 865 60 21 Hans
375 865 122 27 Kejserliga
511 865 103 27 Majestät
628 865 95 27 godkänt
739 864 101 22 Ständer-

89 905 39 15 nas
151 900 140 20 omförmälda
312 900 87 26 förslag,
419 900 39 20 har
473 906 26 15 en
515 900 67 21 sädan
597 900 145 25 kommission,
759 904 45 16 som
819 898 23 22 af

88 934 120 21 Ständerne
222 933 7 21 i
245 934 76 20 anförd
336 934 67 20 mätto
419 933 115 27 förordats,
550 934 68 20 under
634 934 73 26 loppet
717 933 24 21 af
749 933 24 21 är
786 933 53 21 1873

88 968 58 21 inom
161 968 74 26 hvarje
250 968 94 21 särskild
359 967 126 27 församling
499 968 8 20 i
522 967 138 22 föreskrifvet
674 968 100 21 afseende
785 973 55 15 sam-

87 1002 117 25 manträdt,
220 1002 35 21 vid
270 1002 73 21 hvilka
358 1002 172 21 sammanträden
546 1002 55 21 dock
616 1002 26 21 de
658 1002 12 21 ä
679 1002 162 26 församlingar-

88 1041 38 16 nes
149 1038 81 24 vägnar
252 1036 91 21 utsedde
365 1036 146 21 ledamöterne
526 1036 7 21 i
548 1036 167 21 kommissionen
735 1035 105 22 förklarat

89 1070 170 21 socknemännen
274 1070 133 21 fortfarande
422 1077 52 14 vara
489 1071 111 26 obenägne
614 1071 33 20 att
656 1071 70 20 lemna
737 1070 38 21 sitt
786 1076 54 15 sam-

88 1105 62 26 tycke
174 1105 33 21 till
231 1104 150 27 upphäfvande
397 1104 22 22 af
432 1105 150 26 ifrägakomna
596 1105 48 21 med
663 1105 48 21 dem
733 1104 107 27 ingängna

88 1138 183 22 knektekontrakt
293 1138 39 21 och
354 1139 145 25 undandragit
521 1139 33 26 sig
572 1139 7 20 i
598 1139 65 26 öfrigt
681 1140 33 19 att
733 1138 85 27 deltaga
833 1138 7 21 i

88 1172 74 28 hvarje
178 1173 57 26 slags
251 1173 168 27 öfverläggning,
435 1173 92 21 rörande
543 1175 67 19 sättet
624 1173 39 21 och
678 1173 119 25 ordningen
807 1172 35 22 för

87 1206 112 27 afvittring
214 1207 23 21 af
250 1206 172 28 öfverloppsjord
436 1207 58 21 inom
510 1207 126 27 socknarne;
656 1208 111 20 hvaremot
781 1207 60 21 kom-

88 1240 128 22 missionens
239 1241 130 21 ordförande
391 1241 40 21 och
453 1240 68 28 öfrige
544 1241 118 21 ledamöter
677 1241 34 21 för
727 1242 62 20 deras
806 1241 35 21 del

89 1276 56 26 tagit
160 1275 76 26 frägan
250 1276 69 20 under
335 1275 161 27 öfverläggning
512 1275 39 22 och
566 1276 75 20 dervid
656 1277 77 25 ansett,
749 1277 32 19 att
791 1275 50 21 kro-

88 1315 54 15 nans
158 1309 196 27 öfverloppsjordar
369 1309 7 21 i
391 1310 64 22 dessa
474 1310 92 21 socknar
584 1310 67 21 borde
669 1310 120 21 tillsvidare
806 1316 36 14 en-

89 1343 50 20 dast
160 1343 143 26 provisionelt
325 1343 83 20 afrösas
424 1344 39 19 och
478 1343 126 21 hemmanen
620 1344 111 20 derstädes
746 1343 96 20 tilldelas

89 1376 99 21 skattbar
207 1376 61 21 mark
287 1376 54 21 efter
356 1377 119 26 beräkning
490 1376 13 21 &
517 1377 74 26 hvarje
606 1377 140 26 provisionelt
760 1377 83 20 mantal

88 1410 24 22 af
126 1412 100 20 sextusen
241 1411 105 20 tunnland
361 1411 57 20 inom
433 1410 111 22 Kuusamo
560 1411 40 21 och
614 1411 125 27 Kuolajärvi
751 1411 93 22 socknar

89 1447 56 20 samt
167 1445 111 27 fyratusen
296 1445 105 22 tunnland
416 1445 57 22 inom
489 1445 125 22 Kemiträsk
630 1445 87 27 socken;
733 1447 33 20 att
781 1445 62 22 kom-
