1023 1703
271 133 28 18 U.
315 134 28 17 B.
359 142 27 5 —
401 133 82 24 Prop.
499 134 49 18 N:o
563 135 40 18 18.
773 133 13 21 9

68 199 39 21 der
129 199 40 21 har
183 198 37 22 vid
236 198 37 22 det
287 201 74 19 senast
383 200 68 26 sagda
465 199 73 22 blifvit
553 200 110 26 förutsatt,
679 201 32 20 att
725 200 89 22 modren

67 233 48 21 icke
137 233 72 21 tillika
230 239 51 21 eger
296 233 52 21 äkta
362 234 63 26 barn;
441 234 40 21 och
496 234 62 21 torde
573 234 37 21 vid
633 234 77 22 sådant
734 234 80 22 förhäl-

68 267 64 21 lande
148 267 37 21 det
200 266 65 22 oäkta
280 267 77 21 barnet
371 267 54 21 böra
440 267 143 22 tillerkännas
599 268 40 20 fall
654 267 90 22 arfsrätt
759 268 55 22 efter

67 301 96 21 modren.
192 301 58 26 Eger
272 301 43 21 hon
337 301 98 22 deremot
457 301 63 22 äfven
536 301 51 22 äkta
602 302 60 26 barn,
678 301 25 21 sä
717 302 40 21 har
771 302 44 21 hon

68 340 77 21 genom
168 334 37 21 det
223 334 128 27 äktenskap,
367 335 63 21 hvari
446 336 63 21 dessa
525 336 134 21 sistnämnda
673 336 55 21 barn
743 335 73 22 blifvit

67 368 73 27 födda,
155 368 82 21 inträdt
252 368 70 21 säsom
339 375 25 15 en
380 369 23 21 af
416 369 251 22 hufvudmedlemmarne
682 369 8 21 i
705 375 26 15 en
740 369 74 27 familj,

68 402 64 21 hvars
154 401 171 28 hufvuduppgift
347 403 38 22 det
407 405 24 19 är
456 405 33 20 att
505 403 57 26 sörja
574 403 48 27 just
636 403 34 21 för
685 403 64 22 dessa
764 403 51 21 äkta

67 436 65 21 barns
142 435 139 28 uppfostran;
292 437 39 20 och
347 443 35 15 om
397 439 26 19 än
439 437 81 22 hennes
536 437 65 21 oäkta
610 437 65 21 barns
686 437 45 21 rätt
740 437 34 20 till
783 437 34 21 arf

67 470 55 21 efter
137 470 70 21 henne
221 470 49 21 icke
286 470 124 27 derigenom
425 477 63 21 synes
503 471 74 21 kunna
591 471 120 26 förverkas,
721 470 24 22 sä
752 471 63 21 torde

67 503 67 22 likväl
150 504 42 21 den
207 505 168 26 omständighet,
391 506 33 20 att
445 505 90 22 modren
550 504 48 22 icke
613 504 71 21 allena
699 504 117 27 grundlagt

68 538 40 21 och
122 537 108 22 förkofrat
245 539 70 21 denna
330 538 156 28 förmögenhet,
501 539 62 21 hvari
578 544 92 16 mannen
686 545 50 20 eger
752 538 64 27 gifto-

68 573 50 25 rätt,
141 573 53 20 utan
216 574 33 19 att
271 573 41 22 den
327 573 74 21 blifvit
416 573 23 21 af
452 573 69 27 begge
536 572 106 22 makarna
655 573 161 26 sammanbragt

68 606 40 22 och
124 606 97 28 förökad,
237 607 54 21 böra
306 607 67 22 verka
388 607 88 26 derhän,
492 609 34 20 att
540 607 83 21 hennes
639 607 65 21 oäkta
714 607 54 21 barn
776 607 39 21 bör

68 641 22 21 af
97 640 82 21 hennes
195 641 63 21 andel
274 641 62 22 deraf
349 641 83 22 erhålla
446 641 8 21 i
469 641 34 22 arf
517 648 26 15 en
558 641 84 21 mindre
654 640 41 27 del,
705 642 27 20 än
740 641 75 26 hvarje

68 675 23 21 af
105 674 27 21 de
146 674 53 21 äkta
213 675 89 26 barnen,
318 676 56 20 samt
389 677 33 19 att
437 675 71 21 denna
523 675 42 25 del,
581 674 70 21 såsom
666 675 7 20 i
685 675 41 21 den
737 675 80 27 nådiga

68 708 163 27 propositionen
247 710 24 19 är
286 708 125 27 föreslaget,
431 709 117 27 lämpligen
563 708 58 22 lärer
635 708 73 22 kunna
724 708 92 22 bestäm-

67 749 46 15 mas
128 742 35 22 till
178 742 83 22 hälften
276 744 45 20 mot
335 742 75 27 hvarje
426 742 23 22 af
463 743 26 21 de
505 743 68 21 andra
587 742 94 22 barnens
696 742 72 22 lotter.

135 776 65 22 Hvad
222 777 67 21 sedan
311 777 67 27 angår
394 776 37 22 det
446 777 66 21 oäkta
527 777 88 21 barnets
631 775 136 23 förhållande
782 777 34 21 till

68 811 147 21 föräldrarnes
231 811 126 27 skyldemän
373 813 56 20 samt
453 812 48 21 dess
517 810 132 28 befogenhet
665 812 32 20 att
712 813 53 25 göra
780 818 36 14 an-

70 845 69 27 språk:
149 845 29 27 pä
192 845 35 21 arf
241 845 56 22 efter
311 846 54 26 dem,
382 846 24 21 sä
421 846 39 21 har
475 846 7 20 i
498 846 38 21 det
550 845 131 27 föregående
696 846 32 20 ett
743 844 74 22 försök

69 880 73 22 blifvit
156 880 73 27 gjordt
244 881 33 21 att
291 880 52 26 visa,
359 882 33 20 att
408 880 61 22 desse
485 880 138 28 skyldemäns
632 880 105 26 egendom
745 881 73 25 egent-

69 914 58 27 ligen
149 914 48 22 icke
221 920 38 16 ens
274 916 25 20 är
313 914 76 22 afsedd
405 914 34 22 till
455 914 115 22 underhäll
586 914 40 22 och
641 914 128 27 uppfostran
784 914 34 22 för

69 948 82 22 sädana
165 948 146 27 minderärige
326 948 155 22 anförvandter
495 948 24 22 af
540 948 52 22 äkta
607 948 60 26 börd,
683 954 46 15 som
744 948 19 26 ej
779 949 38 20 äro

70 983 63 21 deras
149 988 55 22 egna
219 982 60 26 barn,
295 984 56 20 samt
366 984 33 20 att
421 983 41 21 den
477 982 8 21 i
500 982 64 27 lagen
580 982 105 26 stadgade
701 981 117 21 arfsrätten

70 1016 131 22 åtminstone
216 1016 55 22 efter
286 1016 124 27 aflägsnare
425 1016 127 27 skyldemän
563 1018 24 19 är
595 1015 116 22 historiskt
719 1015 99 27 grundad

69 1051 7 21 i
92 1051 41 21 den
148 1051 79 21 fordna
242 1050 197 27 ättförfattningen,
455 1051 39 21 och
509 1050 8 21 i
538 1049 119 22 allmänhet
672 1049 18 27 ej
706 1049 71 21 hvilar
791 1049 28 26 pä

70 1086 42 21 den
127 1085 76 22 kärlek
218 1085 40 22 och
273 1085 154 27 tillgifvenhet,
442 1085 35 21 till
493 1085 89 21 hvilken
597 1084 137 27 lagstiftaren
749 1083 69 21 mäste

70 1121 90 26 antagas
175 1120 66 21 hafva
255 1119 56 28 tagit
326 1119 83 27 hänsyn
425 1120 36 21 vid
476 1119 174 22 bestämmandet
665 1118 23 21 af
701 1117 118 22 arfsrätten

70 1154 56 22 efter
141 1154 114 21 föräldrar.
285 1153 30 21 Af
328 1153 67 22 sädan
411 1154 117 26 anledning
543 1153 62 21 torde
621 1152 63 21 äfven
693 1151 126 28 skyldemän

69 1188 35 22 till
118 1188 137 22 föräldrarne
269 1188 54 22 böra
337 1188 107 21 uteslutas
459 1188 57 21 ifrän
530 1187 88 21 kretsen
637 1186 24 21 af
675 1186 26 21 de
709 1191 111 22 personer,

69 1222 76 22 hvilka
160 1222 37 22 det
212 1222 66 22 oäkta
299 1222 78 21 barnet
400 1222 40 21 bör
455 1222 22 21 få
492 1220 68 27 ärfva,
575 1220 127 28 isynnerhet
717 1226 46 15 som
779 1219 41 21 den

70 1256 155 27 tillgifvenhet,
248 1256 88 21 hvilken
359 1256 62 21 desse
443 1256 127 26 skyldemän
585 1254 147 27 tilläfventyrs
748 1254 73 21 kunna

71 1292 90 25 antagas
176 1290 55 27 hysa
246 1290 34 21 för
295 1290 88 21 barnets
399 1289 61 21 fader
475 1290 55 20 eller
545 1288 82 26 moder,
638 1288 18 26 ej
668 1288 76 26 plägar
752 1287 69 21 öfver-

71 1325 27 26 gä
113 1324 34 20 till
163 1325 34 19 ett
211 1324 66 21 oäkta
293 1324 59 25 barn,
368 1330 46 14 som
430 1325 65 25 utgör
511 1330 26 14 en
553 1322 87 22 erinran
655 1328 35 14 om
705 1322 64 20 deras
784 1326 36 16 an-

71 1358 112 21 förvandts
199 1356 78 27 felsteg
292 1357 41 21 och
347 1356 84 21 hvilket
447 1356 25 21 de
492 1356 85 21 derföre
593 1355 18 26 ej
628 1354 68 21 heller
711 1354 52 26 vilja
777 1353 46 21 vid-

72 1392 82 21 kännas
177 1391 71 21 såsom
272 1397 27 15 en
314 1390 92 22 medlem
422 1390 23 21 af
459 1390 63 21 deras
537 1390 39 21 ätt.
607 1388 39 21 Om
661 1388 78 21 barnet
754 1387 19 28 ej
789 1387 34 21 får

72 1425 62 22 ärfva
148 1425 34 21 sin
203 1425 68 26 fader,
295 1425 24 21 så
333 1424 43 22 kan
391 1424 38 21 det
448 1424 110 21 dessutom
573 1422 132 28 följdrigtigt
720 1421 19 28 ej
755 1421 68 22 heller

73 1460 23 22 få
120 1459 61 23 ärfva
205 1459 88 22 fadrens
309 1459 132 28 skyldemän.
458 1471 27 3 —
500 1458 62 22 Dock
576 1457 63 22 torde
659 1458 33 20 ett
705 1456 118 27 undantag,

140 1507 127 22 Lagutskottets
280 1506 111 17 Betänkande
404 1504 34 18 N:o
451 1505 16 17 5.
