1039 1700
299 137 31 21 U.
346 137 33 21 B.
394 147 28 5 —
436 137 87 24 Prop.
539 137 49 20 N:e
605 137 42 20 11.
804 136 12 19 5

237 204 32 28 lig
288 206 141 26 entreprenör
443 204 96 21 erhållas
554 200 54 26 utan
623 211 75 15 annan
712 204 135 28 godtgörelse

238 240 29 19 än
281 238 140 27 skjutslegan,
435 238 57 21 skall
507 238 199 28 skjutshållningen
720 244 77 21 genom
812 245 34 14 en-

240 272 115 27 treprenad
370 272 113 21 bestridas.
516 272 65 21 Såväl
595 274 146 25 entreprenör,
752 278 45 15 som
808 272 39 21 den

235 312 86 22 person,
337 306 84 21 hvilken
432 306 130 26 företräder
577 306 70 28 bolag,
659 306 58 21 skall
727 313 53 15 vara
787 306 62 28 finsk

237 340 144 28 medborgare.

309 374 44 21 Der
367 374 26 21 de
408 375 9 21 i
431 374 15 28 $
459 374 13 20 5
483 374 140 27 föreskrifna
635 374 103 28 åtgärder
748 374 46 21 icke
804 374 44 21 ledt

239 408 34 21 till
295 408 162 28 skjutsningens
479 408 134 28 upplåtande
629 408 31 27 på
675 408 145 28 entreprenad
835 408 14 20 ä

237 443 103 27 samtliga
355 442 155 28 gästgifverier
525 443 57 20 inom
597 442 130 28 skjutslaget
743 442 106 24 fullstän-

238 476 47 28 digt
307 477 52 20 eller
373 477 14 19 å
407 479 29 18 ett
456 476 52 21 eller
520 476 58 28 flere
597 476 31 27 af
641 476 52 25 dem,
709 476 58 21 skall
777 475 72 29 fråga

239 510 78 26 derom,
333 512 25 19 så
369 510 74 27 framt
457 511 20 27 ej
492 511 72 27 någon
580 510 35 21 del
630 510 29 27 af
669 510 131 28 skjutslaget
814 511 36 20 så-

238 545 46 21 dan
299 545 96 28 tidigare
414 544 84 27 väcker,
512 552 75 21 genom
603 545 149 21 Guvernörens
767 545 82 28 åtgärd

241 579 130 22 åtminstone
385 580 58 21 inom
458 580 35 20 två
509 580 26 20 år
549 579 157 28 återupptagas
721 579 8 20 i
744 579 42 21 den
801 579 47 21 ord-

237 614 54 27 ning
305 614 146 27 nyssnämnde
464 613 16 28 $
495 616 70 25 säger.

305 643 34 26 Är
358 648 144 27 entreprenad
521 648 77 21 endast
612 647 36 22 vid
665 655 25 14 en
705 648 36 21 del
755 647 95 29 gästgif-

240 683 69 20 verier
323 683 58 20 inom
402 682 130 28 skjutslaget
547 682 104 25 inrättad,
666 682 59 21 skall
739 682 61 21 såväl
814 689 34 14 en-

239 717 221 27 treprenadsumman,
479 723 45 14 som
546 717 41 20 den
609 716 132 28 skjutsning,
763 716 86 21 hvilken

239 751 130 20 omedelbart
383 753 92 25 utgöres,
491 751 54 20 hvar
563 750 37 27 för
614 751 34 27 sig
658 750 101 27 fördelas
775 751 14 20 å
804 750 46 21 alla

239 784 46 21 dem
301 786 57 19 inom
374 785 137 28 skjutslaget,
531 784 74 21 hvilka
619 785 9 20 i
642 784 208 28 skjutsningsbesvä-

239 821 32 18 ret
287 819 93 27 deltaga,
395 819 26 21 så
432 818 75 27 framt
521 819 26 20 de
560 818 234 29 skjutsningsskyldige
804 818 46 21 icke

241 853 35 27 sig
291 853 90 21 emellan
399 853 73 21 derom
487 853 142 21 annorlufida
645 852 204 28 öfverenskomma.”

170 887 94 20 Emedan
276 887 45 20 åter
331 889 10 22 $
353 887 26 20 19
390 893 61 15 mom.
469 889 11 18 5
497 888 38 19 och
552 890 10 21 $
579 888 26 19 20
621 894 60 13 mom.
698 888 10 20 1
725 889 7 18 i
748 888 23 20 så
783 888 65 20 måtto

103 924 36 17 äro
162 921 24 20 af
205 921 119 21 hvarandra
348 921 110 26 beroende,
474 924 37 23 att,
526 922 7 19 i
548 921 38 20 fall
607 921 35 20 det
657 921 23 21 af
693 922 157 20 Presteståndet

103 955 120 26 föreslagna
247 956 39 19 och
310 956 23 19 af
350 956 159 20 Bondeståndet
530 956 114 25 godkända
659 955 75 27 tillägg
750 956 31 19 till
798 959 9 21 $
823 957 26 19 20

106 996 62 13 mom.
188 991 9 18 1
218 990 37 20 der
277 990 84 25 införes,
383 990 64 20 orden
472 989 65 21 ”eller
556 991 27 19 är
601 989 156 28 dryckesrörd”
775 990 7 19 i
798 993 10 21 $
822 991 27 19 19

104 1030 63 15 mom,
183 1024 12 19 5
211 1026 49 18 utan
281 1024 72 20 vidare
376 1024 59 20 torde
460 1023 51 20 böra
534 1023 105 26 bortfalla,
658 1024 75 20 medan
757 1025 95 19 deremot

104 1057 167 26 godkännandet
291 1057 45 24 af
329 1053 12 35 $
353 1058 26 19 20
396 1064 60 13 mom.
475 1058 7 19 1
501 1057 66 27 enligt
581 1057 112 21 utskottets
709 1057 79 27 förslag
803 1058 47 20 icke

104 1091 88 21 innebär
213 1091 119 27 antagande
353 1091 22 20 af
389 1093 10 22 $
415 1091 26 20 19
458 1098 62 14 mom.
536 1091 19 25 5,
571 1097 61 14 anser
647 1092 102 19 utskottet
763 1094 87 18 omröst-

104 1125 51 27 ning
170 1125 50 21 först
237 1125 51 21 böra
303 1125 38 21 ske
357 1125 110 27 angående
481 1128 10 22 $
508 1126 26 20 20
550 1132 61 15 mom.
628 1126 22 26 1;
666 1126 39 20 och
721 1125 32 21 får
769 1126 79 20 utskot-

105 1161 30 18 tet
151 1159 82 21 derföre
249 1160 78 20 föreslå
341 1160 94 26 följande
450 1160 81 26 lydelse
546 1160 33 20 för

277 1216 78 28 Tredje
370 1217 307 27 omröstningspropositionen:

239 1267 49 21 Den
303 1274 44 14 som
361 1267 126 28 godkänner
501 1268 16 26 $
531 1269 28 20 20
574 1274 64 16 mom,
653 1268 12 20 1i
695 1267 111 22 utskottets
818 1268 33 20 be-

172 1301 109 21 tänkande
296 1303 73 19 röstar

458 1340 38 27 ja;

171 1386 40 21 den
226 1392 45 14 som
285 1385 45 22 icke
344 1384 127 29 godkänner
485 1385 62 21 detta
562 1387 92 19 moment
669 1387 72 20 röstar

456 1430 52 28 nej;

121 1501 67 20 Andra
199 1501 84 23 bihanget
295 1501 31 19 till
338 1500 103 20 Sammans.
453 1502 47 23 Lag-
512 1506 15 13 o.
541 1501 186 20 Ekonomiutskottets
739 1500 33 21 bet.
787 1502 36 19 N:o
835 1502 16 19 4.
