1014 1698
314 126 28 18 U.
356 126 30 18 B.
400 136 22 3 —
435 126 81 24 Prop.
528 127 48 17 N:o
588 126 38 18 19.
789 129 12 19 9

345 192 61 21 Inom
420 186 45 28 Åbo
482 192 94 28 erkestift:

91 226 32 20 för
137 226 161 27 kyrkoherdarne
314 227 87 21 emellan
419 228 78 25 16,000
514 227 37 21 och
568 228 64 24 1,800
647 226 67 25 mark;

91 261 32 21 för
137 261 121 27 kapellaner,
275 262 181 27 sockneadjunkter
471 262 37 21 och
524 262 128 27 predikanter
667 262 87 20 emellan
765 262 66 25 4,500

161 296 37 21 och
215 297 41 21 500
272 296 64 22 mark.

354 332 60 21 Inom
429 332 72 29 Borgå
516 332 50 28 stift:

90 367 31 21 för
136 366 161 28 kyrkoherdarne
313 368 87 21 emellan
417 368 79 25 10,700
512 367 37 21 och
567 368 64 25 1,400
646 367 67 25 mark;

90 402 31 21 för
135 402 122 27 kapellaner,
274 402 181 28 sockneadjunkter
470 403 38 21 och
523 402 129 28 predikanter
667 402 87 22 emellan
766 402 67 25 4,600

161 438 37 21 och
214 438 42 22 600
272 438 64 21 mark.

347 474 60 21 Inom
422 473 82 29 Kuopio
520 473 51 29 stift:

91 508 31 22 för
137 508 161 28 kyrkoherdarne
314 509 87 21 emellan
419 510 78 25 15,200
514 508 37 22 och
567 509 65 25 2,100
648 508 66 25 mark;

90 544 31 21 för
136 544 121 27 kapellaner,
275 544 181 28 sockneadjunkter
472 544 36 22 och
524 544 128 27 predikanter
668 544 86 20 emellan
767 544 64 25 4,200

161 580 38 20 och
215 581 41 20 700
272 580 64 21 mark.

161 614 163 28 Medelbeloppet
340 614 22 22 af
379 615 139 27 aflöningarna
536 614 94 28 utgjorde
649 614 64 28 enligt
728 614 103 28 ifrågava-

90 650 63 21 rande
168 650 100 28 kalkyler:

367 686 17 20 I
395 680 45 26 Åbo
456 686 94 28 erkestift:

91 721 32 21 för
137 721 163 27 kyrkoherdarne
335 738 3 4 .
372 738 4 4 .
409 738 4 4 .
446 738 4 4 .
483 738 4 4 .
520 738 4 4 .
557 737 4 4 .
594 720 93 28 omkring
701 721 43 27 97
761 721 70 25 5,800.

91 757 32 21 för
137 757 116 27 kapellaner
268 764 28 14 m.
313 757 19 21 f.
372 774 4 4 .
410 774 4 4 .
447 773 3 5 .
484 773 4 5 .
520 773 4 4 .
557 773 4 4 .
593 756 94 28 omkring
717 772 9 8 ,
760 756 70 25 1,500.

378 793 17 20 I
405 792 73 29 Borgå
492 792 50 29 stift:

91 827 32 21 för
137 827 161 28 kyrkoherdarne
336 844 4 4 .
373 844 4 4 .
410 844 4 4 .
446 844 4 4 .
483 844 4 4 .
520 844 4 4 .
556 844 4 4 .
593 826 93 29 omkring
701 828 42 26 97
759 827 71 26 5,200.

91 863 32 22 för
137 863 116 27 kapellaner
268 869 28 15 m.
313 863 20 21 fl.
373 880 4 4 .
410 879 4 5 .
447 880 4 4 <
484 879 4 5 <
521 879 3 5 .
558 879 4 4 .
594 862 94 28 omkring
718 879 10 9 ,
759 863 71 25 2,100.

373 899 18 20 I
402 899 82 28 Kuopio
499 898 51 29 stift:

92 934 31 21 för
138 933 161 28 kyrkoherdarne
336 950 4 4 .
373 951 3 3 .
410 951 4 4 .
447 950 4 5 .
484 950 4 5 .
520 950 4 4 .
557 950 4 4 .
594 933 93 28 omkring
701 934 43 26 9
761 934 70 25 7,200.

92 969 31 22 för
138 969 116 27 kapellaner
269 976 27 14 m.
314 969 19 21 fi.
373 986 4 4 .
595 969 94 27 omkring
719 985 10 9 ,
760 969 71 24 2,050.

163 1005 155 20 Totalsumman
339 1004 23 21 af
379 981 171 55 prestaflöningen
559 981 100 55 uppgick
675 1003 64 28 enligt
755 1010 79 14 samma

92 1039 135 28 beräkningar
242 1039 33 21 till
290 1039 88 28 följande
393 1039 83 56 Pom

92 1075 56 22 inom
163 1068 46 28 Åbo
224 1075 93 21 erkestift
357 1091 4 4 .
394 1091 4 4 .
431 1091 4 4 .
504 1091 115 4 0.
650 1075 42 26 mf
710 1075 121 25 1,022,700.

92 1111 57 21 inom
165 1109 68 28 Borgå
248 1110 46 21 stift
320 1126 4 5 .
357 1126 4 4 .
394 1126 4 5 <
431 1126 3 4 <
468 1126 4 4 ss
505 1127 3 4 «
541 1126 4 4 +
578 1125 4 5 «+
703 1125 1 10 0
731 1110 100 25 624,700.

92 1146 56 21 inom
164 1145 80 28 Kuopio
260 1145 45 22 stift
325 1161 1 5 .
357 1161 5 5 .
394 1161 4 4 .
431 1161 4 4 .
468 1162 5 4 .
505 1161 4 5 .
579 1161 4 4 <
616 1161 4 4 <
668 1161 10 8 »
730 1145 101 25 498,600.

542 1161 96 46 Summa
652 1187 42 26 Fe
710 1186 122 25 2,146,000.

164 1287 31 20 De
215 1287 104 20 allmänna
337 1286 145 28 författningar
501 1292 33 15 om
557 1285 158 28 presterskapets
739 1285 94 28 afiöning,

94 1322 74 25 hvilka,
189 1321 64 27 enligt
268 1321 54 21 hvad
337 1321 54 21 förut
407 1321 87 27 antydts,
515 1321 7 20 i
540 1321 62 20 slutet
618 1321 23 20 af
656 1321 45 20 17:e
717 1321 38 20 och
771 1320 64 20 under

94 1356 55 21 förra
163 1355 79 22 hälften
258 1356 23 21 af
299 1357 46 20 18:e
364 1356 63 21 seklet
446 1355 122 25 utfärdades,
590 1355 67 21 visade
677 1355 31 26 sig
723 1354 62 21 redan
801 1354 34 21 vid

94 1391 72 27 början
182 1391 23 20 af
218 1391 57 20 deras
293 1391 132 27 tillämpning
443 1397 49 14 vara
510 1390 30 21 uti
556 1390 112 27 väsentliga
683 1389 56 22 delar
755 1389 79 21 -ofören-

95 1427 43 28 liga
154 1426 46 21 med
216 1427 94 27 hillighet
325 1426 37 21 och
377 1425 130 22 häfdvunnen
518 1425 44 26 sed;
579 1425 37 21 och
629 1425 24 28 ju
662 1431 57 16 mera
730 1425 39 21 alla
780 1431 55 15 sam-

97 1461 194 23 hällsförhällanden
308 1461 51 22 efter
373 1461 55 22 hand
443 1461 134 26 utvecklades,
594 1461 57 21 desto
661 1461 100 28 tydligare
772 1461 64 21 fram-

160 1509 129 19 Sammansatta
302 1509 46 24 Lag-
360 1509 30 18 och
402 1509 172 18 Ekonomiutskottets
586 1508 105 18 betänkande
703 1508 37 18 N:o
753 1507 18 19 6.
