1020 1703
231 143 29 21 12
419 143 27 19 U.
462 145 29 17 B.
506 153 27 4 —
548 144 82 22 Prop.
646 143 46 18 N:o
706 143 37 18 18.

272 208 80 21 kunnat
366 208 132 28 oförändrad
510 208 123 28 godkännas
649 206 27 29 af
687 206 127 24 Ständerna,
825 206 70 21 hvilka
903 206 45 28 för-

273 242 95 20 denskull
382 241 35 29 för
432 242 32 20 sin
480 242 33 21 del
524 242 82 27 antagit
622 248 25 14 en
661 241 24 21 sä
700 240 91 29 lydande

274 305 135 27 Förordning,
425 304 103 27 angående
544 304 86 26 ändring
646 304 22 20 af
681 303 11 21 7
708 304 36 20 och
760 304 11 20 8
787 303 25 28 8$
823 303 10 20 8
842 303 48 27 kap.
900 299 18 25 Ä.
928 303 20 21 B.

341 344 50 21 Med
412 345 91 28 ändring
522 345 9 20 i
548 344 55 21 vissa
619 343 60 22 delar
693 343 27 28 af
733 343 13 22 7
761 343 38 22 och
812 343 15 22 8
841 343 28 27 $$
884 343 15 20 8
913 342 36 21 ka-

270 378 63 28 pitlet
348 373 154 33 Ärfdabalken,
517 377 86 28 stadgas
619 377 36 21 och
669 377 119 29 förordnas,
803 379 32 19 att
850 377 58 20 dessa
918 377 39 20 la-'

272 418 49 21 gens
336 419 48 13 rum
398 412 58 21 skola
470 413 82 20 erhälla
566 411 96 28 följande
677 411 87 28 lydelse:

589 472 12 21 7
613 456 23 49 $.

486 513 75 28 Enligt
575 513 168 27 propositionen.

586 574 15 22 8
618 575 20 26 $.

343 615 45 20 Dör
403 615 45 26 den,
464 622 42 14 som
522 615 50 21 äkta
587 615 62 21 barns
664 615 44 20 rätt
722 615 19 28 ej
749 615 80 27 njuter;
837 614 75 29 ärfven
922 615 28 20 dä

276 649 51 20 hans
343 648 175 29 bröstarfvingar,
533 649 66 21 säsom
615 650 8 19 i
637 649 16 20 2
663 649 48 28 kap.
722 649 64 28 säges.
806 644 45 26 Aro
861 649 19 28 ej
888 649 63 21 bröst-

276 682 112 28 arfvingar
403 682 45 25 till;
463 682 59 28 ärfve
537 683 29 21 dä
580 682 77 22 moder.
687 678 32 25 Är
733 682 72 21 moder
815 682 42 21 död
868 682 36 22 och
914 682 38 28 lef-

276 724 26 12 va
318 716 62 21 oäkta
396 716 50 21 barn
462 717 28 27 af
501 724 80 14 samma
595 717 81 25 moder;
691 717 74 21 träden
783 716 30 21 dä
827 717 25 21 de
867 717 37 21 och
919 716 34 21 de-

275 757 35 13 ras
325 749 141 29 afkomlirgar
474 750 33 22 till
522 751 68 28 arfvet
605 750 55 22 iden
670 751 97 28 ordning,
778 757 43 14 som
829 752 9 19 i
845 750 16 22 3
869 750 49 29 kap.
927 751 25 19 är

275 784 98 28 stadgad.
403 779 45 26 Äro
472 786 20 26 ej
513 785 24 21 de
562 785 44 25 till;
621 784 70 29 ärfves
709 785 39 21 den
763 784 73 22 döde
827 775 11 42 i
851 784 39 22 den
905 784 47 22 ord-

276 819 58 27 ning,
349 826 43 14 som
407 826 33 13 om
454 821 66 19 annat
534 819 40 28 arf
585 820 26 19 är
625 818 143 30 föreskrifven.

278 870 166 23 Reservationer
468 871 24 21 af
512 872 66 27 nägre
602 871 67 22 bland
688 871 125 22 Utskottets
835 870 119 22 ledamöter

208 905 104 27 biläggas.

277 962 143 27 Helsingfors,
436 962 41 22 den
493 963 12 21 1
521 962 59 22 Mars
595 962 61 22 1877.

279 1511 127 24 Lagutskottets
418 1512 110 18 Betänkande
540 1513 35 17 N:o
587 1513 16 17 5.
