1017 1698
384 175 104 23 N:ol6.

345 469 67 24 Hans
431 470 145 30 Kejserliga
592 471 135 28 Majestäts
741 472 79 30 nädiga

277 504 128 29 proposition
428 504 32 23 till
478 505 101 23 Finlands
599 506 93 29 Ständer,
711 506 108 30 angående

276 538 94 29 grunden
385 538 33 23 för
432 539 172 29 tolagsafgiftens
621 539 138 26 beräknande.

146 611 70 21 Sedan
231 611 120 22 Ständerna
365 613 36 20 vid
417 613 54 22 1872
487 613 35 22 års
537 614 102 27 landtdag
649 615 84 27 afgifvit
743 615 77 22 under-

74 645 76 26 dänigt
165 652 49 15 svar
229 645 12 21 &
256 646 60 21 Hans
332 646 120 27 Kejserliga
467 647 113 28 Majestäts
594 649 32 21 till
637 649 48 21 dem
695 649 80 22 aflätna
784 652 37 19 nä-

74 679 50 27 diga
146 680 134 27 proposition
299 686 34 15 om
351 681 125 27 förändring
492 682 22 20 af
528 683 96 26 grunden
639 683 34 21 för
687 684 134 27 tolagsafgif-

74 715 48 19 tens
137 713 144 27 beräknande,
296 715 40 20 har
351 715 59 20 Hans
426 715 120 28 Kejserliga
561 716 102 27 Majestät
677 718 50 21 låtit
742 718 41 21 den
796 719 24 20 17

73 747 122 22 November
219 749 53 20 1873
291 749 6 20 i
317 749 58 20 detta
397 751 61 19 ämne
481 750 86 21 utfärda
589 751 78 21 allmän
689 751 132 28 förordning,

75 782 144 27 hvarigenom,
231 782 7 21 i
249 782 221 23 öfverensstämmelse
484 785 49 20 med
542 785 57 20 hvad
609 785 23 20 af
641 785 119 22 Ständerna
769 786 52 26 god-

74 816 70 26 känts,
160 816 71 21 blifvit
246 817 107 26 stadgadt,
369 817 36 21 det
420 817 70 22 skulle
506 818 39 21 den
561 818 207 27 tolagsbeskattning
783 826 39 14 un-

75 850 129 21 derkastade
224 856 76 16 varans
319 851 64 21 värde
398 851 48 21 från
461 852 40 21 och
514 852 50 20 med
579 852 40 21 den
636 854 9 20 1
662 853 89 21 Januari
769 854 53 20 1874

76 884 46 21 icke
137 884 74 21 vidare
225 885 60 26 tjena
299 885 34 21 till
347 885 70 26 grund
432 886 35 20 vid
483 886 143 21 uträknandet
641 886 22 21 af
672 888 65 25 sagde
748 887 73 26 afgifts

76 918 77 26 belopp
170 918 6 20 i
192 918 73 27 hvarje
288 918 103 22 särskildt
412 918 44 26 fall,
475 921 52 19 utan
546 920 160 26 tolagsafgiften
721 920 48 21 från
784 921 39 21 och

76 952 48 21 med
144 952 131 21 sistnämnde
295 953 41 27 dag
352 953 55 21 intill
422 953 108 27 utgången
546 954 22 20 af
582 954 24 20 år
623 954 52 21 1877
692 954 129 22 bestämmas

77 986 34 21 till
132 986 72 26 någon
226 987 43 20 viss
292 989 89 24 procent
398 987 24 21 af
438 988 113 20 tullsatsen
566 988 13 20 å
594 994 80 15 samma
689 994 57 20 vara,
762 988 62 21 hvar-

74 1020 67 27 jemte
164 1020 31 21 uti
219 1020 93 22 särskild
330 1021 128 26 kungörelse
476 1021 119 21 meddelats
610 1021 99 27 följande,
726 1022 23 20 af
763 1022 61 20 Stän-

78 1055 65 20 derna
159 1054 80 27 jemväl
257 1054 115 21 förordade
390 1055 136 21 föreskrifter
541 1056 7 19 i
563 1057 71 19 ämnet
649 1056 22 20 af
685 1056 136 20 administra-

78 1088 31 20 tiv
124 1088 151 25 beskaffenhet,
291 1088 115 26 nemligen:
552 1112 2 2 N

149 1124 32 18 att
196 1122 172 26 tolagsafgiftens
383 1122 165 27 maximibelopp
565 1122 44 21 blef
618 1122 106 21 bestämdt
735 1122 32 21 till
778 1122 47 26 fyra

78 1157 89 25 procent
185 1155 22 21 af
225 1156 114 20 tullsatsen
354 1156 13 20 &
382 1156 40 20 den
441 1156 208 26 tolagsbeskattning
667 1156 158 21 underkastade

77 1195 75 20 varan;

151 1225 33 19 att
202 1223 70 21 denna
287 1223 62 26 afgift
363 1223 67 22 borde
444 1223 53 26 utgä
512 1224 32 21 till
560 1223 44 21 lika
618 1226 88 24 procent
721 1224 23 20 af
757 1224 68 21 tullen

79 1257 13 21 &
107 1257 54 22 bäde
176 1257 149 21 inkommande
341 1258 39 20 och
394 1258 106 26 utgäende
515 1264 73 19 varor;

151 1293 33 19 att
207 1291 122 21 densamma
347 1291 68 21 skulle
435 1291 97 26 erläggas
548 1291 33 21 till
596 1292 43 20 lika
655 1292 76 27 belopp
747 1292 23 21 af
784 1293 42 20 stä-

81 1326 78 20 dernas
174 1325 132 26 borgerskap
323 1325 38 20 och
377 1325 68 25 öfriga
460 1325 100 20 invänare
576 1325 18 26 ej
610 1325 82 20 mindre
707 1327 27 18 än
749 1325 23 20 af
784 1325 43 21 alla

82 1359 72 24 andra,
177 1364 46 15 som
245 1358 84 20 komme
348 1359 32 19 att
394 1358 7 20 i
417 1358 111 21 städernas
546 1358 89 21 hamnar
650 1358 109 21 utklarera
775 1359 52 20 eller

80 1392 107 21 inklarera
202 1397 73 20 varor;

154 1427 32 19 att
201 1427 37 20 det
253 1425 55 27 finge
323 1425 112 22 ankomma
449 1426 28 27 pä
492 1426 101 21 städerna
603 1427 32 20 att
645 1425 118 22 bestämma
773 1425 55 22 huru

83 1462 46 19 stor
143 1459 35 22 del
194 1459 23 22 af
230 1459 191 27 tolagsinkomsten
437 1459 69 22 skulle
518 1459 71 22 ansläs
600 1460 33 21 till
643 1460 184 27 ingvarteringens

82 1495 142 26 bekostande;
241 1496 55 19 samt
