1020 1703
255 145 80 23 Ständ.
350 146 37 23 Sv.
403 157 27 5 —
444 146 71 28 Prop.
531 146 41 22 N:o
586 146 20 21 3.
746 146 26 21 13

128 209 46 19 rätt
189 208 34 21 till
238 210 29 19 ett
281 209 30 27 af
315 209 57 27 flere
382 209 125 27 författare
521 208 123 22 utarbetadt
661 208 50 21 verk
726 208 10 21 i
755 208 48 20 dess

128 242 75 27 helhet,
218 249 35 21 ege
269 243 66 21 likväl
350 243 73 28 hvarje
432 242 129 28 författare,
581 242 68 21 derest
671 244 69 19 annat
754 241 49 28 för-

129 276 39 21 ord
183 276 44 22 icke
241 278 76 26 gjorts,
332 277 137 21 uteslutande
483 279 45 19 rätt
543 278 33 19 att
597 276 39 21 sitt
657 276 77 28 bidrag
756 278 47 18 sär-

127 310 69 21 skildt
210 310 53 21 eller
277 311 8 20 i
300 318 74 14 annan
389 311 93 27 ordning
496 310 86 28 utgifva
596 310 68 21 sedan
674 311 36 20 tvä
720 310 26 21 är
751 310 52 26 för-

123 343 65 28 Jutit
206 343 57 28 efter
281 345 34 21 det
334 345 99 28 bidraget
447 345 8 20 i
470 344 156 27 ofvannämndi
647 343 157 28 sammanhang

123 377 62 28 först
199 378 79 22 utkom.

439 419 15 27 $
468 420 20 19 6.

195 453 34 26 Är
243 458 68 27 skrift
330 459 113 27 samtidigt
461 458 120 21 utkommen
599 459 32 26 pä
652 457 58 22 olika
731 457 72 28 språk,

128 492 72 21 hvilka
217 493 14 20 &
246 492 125 21 titelbladen
386 492 125 28 uppgifvits,
531 492 57 21 skall
603 492 40 21 den
659 499 61 14 anses
734 493 70 20 såsom

123 527 117 26 författad
255 527 14 20 &
283 526 75 27 hvarje
372 526 30 27 af
412 526 62 21 dessa
489 526 72 27 språk.

186 582 3 3 .
199 566 173 27 Utgifningsrätt
387 566 35 21 till
436 566 95 21 inhemsk
541 565 136 28 författares
691 566 66 27 skrift
771 567 33 20 in-

128 601 66 20 nebär
209 600 38 21 ock
261 602 45 19 rätt
321 603 32 19 att
368 601 48 20 med
430 600 83 21 andras
526 600 137 21 uteslutande
672 600 87 29 utgifva
769 601 35 26 öf-

128 635 133 28 versättning
277 635 68 28 deraf
355 635 69 21 under
439 634 48 21 hela
502 634 139 29 skyddstiden
654 635 36 20 till
699 635 105 21 inhemskt

127 669 73 28 språk,
215 671 56 19 samt
286 669 8 20 i
304 669 47 27 fem
366 670 26 20 år
406 669 57 27 efter
481 669 36 20 det
537 668 94 27 skriften
648 667 62 29 först
731 669 72 21 utkom

129 704 35 20 till
173 706 70 18 annat
257 702 73 28 språk.
364 703 16 21 I
391 702 98 22 Finland
504 705 38 18 äro
559 702 75 28 finska
656 702 39 22 och
715 702 88 22 svenska

128 737 92 29 språken
235 740 33 18 att
283 738 70 20 såsom
367 737 110 21 inhemska
492 744 67 14 anses.

195 773 34 25 Är
244 779 14 19 &
277 778 97 21 titelblad
396 778 36 21 till
455 777 102 21 utländsk
576 776 137 28 författares
736 778 68 27 skrift

124 812 111 28 förbehåll
250 812 72 28 gjordt
338 819 32 14 om
384 814 46 19 rätt
444 814 33 19 att
491 811 84 29 utgifva
586 811 158 29 öfversättning
758 813 47 20 der-

128 847 31 28 af,
174 848 57 27 gälle
246 847 70 21 sådan
330 848 45 20 rätt
390 847 8 21 i
408 846 48 27 fem
472 847 26 20 år
513 846 56 27 efter
583 846 34 21 det
631 846 94 26 skriften
743 846 61 27 först

127 882 79 22 utkom.

442 916 15 26 $
471 918 20 19 7.

199 957 44 21 Till
257 957 35 20 sin
307 955 157 29 öfversättning
478 957 59 27 njute
551 956 143 27 öfversättare
709 956 96 21 enahan-

129 992 28 21 da
172 994 52 24 rätt;
238 998 45 14 som
297 992 9 19 i
320 990 100 28 afseende
435 990 14 21 å
463 990 169 28 originalarbete
645 998 74 20 genom
734 991 71 21 denna

125 1025 135 28 förordning
272 1024 124 28 författare
412 1024 118 21 tillerkänd
545 1026 32 19 är.

440 1087 15 27 $
469 1089 20 19 8.

197 1128 55 25 Den,
268 1134 44 15 som
327 1129 54 19 utan
395 1127 168 28 utgifningsrätt
581 1134 75 21 genom
675 1127 61 28 tryck
754 1128 52 20 eller

129 1163 128 20 annorledes
268 1161 42 27 för
331 1161 116 27 spridning
469 1161 166 28 mångfaldigar
657 1162 53 20 eller
731 1163 75 26 mång-

123 1196 92 27 faldiga
231 1196 55 20 låter
300 1195 73 27 skrift,
389 1198 27 18 är
426 1195 41 27 för
482 1196 63 27 olaga
559 1195 118 28 eftertryck
687 1195 119 21 underkas-

129 1230 39 21 tad
182 1230 43 21 den
236 1229 91 28 påföljd
341 1230 9 20 i
368 1230 54 27 Kap.
439 1231 14 19 4
467 1230 96 27 stadgas.

198 1270 75 20 Såsom
290 1270 116 28 eftertryck
416 1277 51 14 vare
477 1270 37 21 ock
524 1270 82 24 ansedt,
618 1276 32 14 om
660 1269 67 27 skrift
738 1270 67 26 olofti-

129 1312 40 20 gen
184 1304 116 28 återgifves
315 1304 47 21 med
377 1304 173 28 omskrifningar
563 1304 52 21 eller
624 1304 25 20 så
660 1304 146 27 oväsendtliga

130 1339 123 26 ändringar
268 1338 38 20 och
321 1339 84 26 tillägg,
421 1340 32 18 att
468 1338 35 20 det
521 1344 44 20 nya
583 1338 79 19 arbetet
681 1338 46 19 icke
742 1338 65 25 pröf-

129 1379 37 14 vas
181 1372 74 20 kunna
270 1372 70 20 såsom
355 1371 150 28 sjelfständigt
520 1371 70 20 arbete
604 1371 67 27 gälla.

442 1433 14 28 $
471 1434 19 22 9.

200 1477 74 22 Såsom
289 1477 64 27 olaga
368 1475 115 29 eftertryck
497 1482 63 15 anses
575 1474 55 22 icke:
