<?xml version="1.0" encoding="UTF-8"?>
<alto xmlns="http://www.loc.gov/standards/alto/ns-v3#" xmlns:xlink="http://www.w3.org/1999/xlink" xmlns:xsi="http://www.w3.org/2001/XMLSchema-instance" xsi:schemaLocation="http://www.loc.gov/standards/alto/ns-v3# http://www.loc.gov/alto/v3/alto-3-0.xsd">
	<Description>
		<MeasurementUnit>pixel</MeasurementUnit>
		<sourceImageInformation>
			<fileName>/tmp/tess_f3bb6nei_input.PNG</fileName>
		</sourceImageInformation>
		<OCRProcessing ID="OCR_0">
			<ocrProcessingStep>
				<processingSoftware>
					<softwareName>tesseract 5.3.4</softwareName>
				</processingSoftware>
			</ocrProcessingStep>
		</OCRProcessing>
	</Description>
	<Layout>
		<Page WIDTH="1045" HEIGHT="1709" PHYSICAL_IMG_NR="0" ID="page_0">
			<PrintSpace HPOS="0" VPOS="0" WIDTH="1045" HEIGHT="1709">
				<ComposedBlock ID="cblock_0" HPOS="273" VPOS="140" WIDTH="473" HEIGHT="22">
					<TextBlock ID="block_0" HPOS="273" VPOS="140" WIDTH="473" HEIGHT="22">
						<TextLine ID="line_0" HPOS="273" VPOS="140" WIDTH="473" HEIGHT="22">
							<String ID="string_0" HPOS="273" VPOS="142" WIDTH="12" HEIGHT="20" WC="0.95" CONTENT="2"/><SP WIDTH="183" VPOS="142" HPOS="285"/>
							<String ID="string_1" HPOS="468" VPOS="140" WIDTH="24" HEIGHT="18" WC="0.92" CONTENT="U."/><SP WIDTH="12" VPOS="140" HPOS="492"/>
							<String ID="string_2" HPOS="504" VPOS="140" WIDTH="31" HEIGHT="18" WC="0.88" CONTENT="B."/><SP WIDTH="13" VPOS="140" HPOS="535"/>
							<String ID="string_3" HPOS="548" VPOS="150" WIDTH="21" HEIGHT="2" WC="0.90" CONTENT="—"/><SP WIDTH="13" VPOS="150" HPOS="569"/>
							<String ID="string_4" HPOS="582" VPOS="140" WIDTH="77" HEIGHT="22" WC="0.94" CONTENT="Prop."/><SP WIDTH="12" VPOS="140" HPOS="659"/>
							<String ID="string_5" HPOS="671" VPOS="140" WIDTH="43" HEIGHT="18" WC="0.95" CONTENT="N:o"/><SP WIDTH="13" VPOS="140" HPOS="714"/>
							<String ID="string_6" HPOS="727" VPOS="140" WIDTH="19" HEIGHT="17" WC="0.86" CONTENT="%."/>
						</TextLine>
					</TextBlock>
				</ComposedBlock>
				<ComposedBlock ID="cblock_1" HPOS="243" VPOS="204" WIDTH="733" HEIGHT="1329">
					<TextBlock ID="block_1" HPOS="248" VPOS="204" WIDTH="728" HEIGHT="134">
						<TextLine ID="line_1" HPOS="250" VPOS="204" WIDTH="726" HEIGHT="31">
							<String ID="string_7" HPOS="250" VPOS="207" WIDTH="150" HEIGHT="28" WC="0.93" CONTENT="Lagutskottet"/><SP WIDTH="22" VPOS="207" HPOS="400"/>
							<String ID="string_8" HPOS="422" VPOS="207" WIDTH="72" HEIGHT="21" WC="0.96" CONTENT="kunna"/><SP WIDTH="22" VPOS="207" HPOS="494"/>
							<String ID="string_9" HPOS="516" VPOS="213" WIDTH="61" HEIGHT="14" WC="0.95" CONTENT="anses"/><SP WIDTH="15" VPOS="213" HPOS="577"/>
							<String ID="string_10" HPOS="592" VPOS="206" WIDTH="64" HEIGHT="20" WC="0.96" CONTENT="hafva"/><SP WIDTH="15" VPOS="206" HPOS="656"/>
							<String ID="string_11" HPOS="671" VPOS="205" WIDTH="56" HEIGHT="21" WC="0.95" CONTENT="skett"/><SP WIDTH="14" VPOS="205" HPOS="727"/>
							<String ID="string_12" HPOS="741" VPOS="206" WIDTH="31" HEIGHT="20" WC="0.96" CONTENT="uti"/><SP WIDTH="17" VPOS="206" HPOS="772"/>
							<String ID="string_13" HPOS="789" VPOS="205" WIDTH="58" HEIGHT="21" WC="0.96" CONTENT="detta"/><SP WIDTH="15" VPOS="205" HPOS="847"/>
							<String ID="string_14" HPOS="862" VPOS="205" WIDTH="60" HEIGHT="27" WC="0.70" CONTENT="syfte,"/><SP WIDTH="14" VPOS="205" HPOS="922"/>
							<String ID="string_15" HPOS="936" VPOS="204" WIDTH="40" HEIGHT="22" WC="0.96" CONTENT="och"/>
						</TextLine>
						<TextLine ID="line_2" HPOS="248" VPOS="238" WIDTH="728" HEIGHT="30">
							<String ID="string_16" HPOS="248" VPOS="249" WIDTH="46" HEIGHT="14" WC="0.96" CONTENT="som"/><SP WIDTH="25" VPOS="249" HPOS="294"/>
							<String ID="string_17" HPOS="319" VPOS="243" WIDTH="33" HEIGHT="20" WC="0.95" CONTENT="tre"/><SP WIDTH="22" VPOS="243" HPOS="352"/>
							<String ID="string_18" HPOS="374" VPOS="240" WIDTH="67" HEIGHT="22" WC="0.96" CONTENT="Stånd"/><SP WIDTH="24" VPOS="240" HPOS="441"/>
							<String ID="string_19" HPOS="465" VPOS="241" WIDTH="84" HEIGHT="21" WC="0.96" CONTENT="förenat"/><SP WIDTH="17" VPOS="241" HPOS="549"/>
							<String ID="string_20" HPOS="566" VPOS="240" WIDTH="32" HEIGHT="28" WC="0.96" CONTENT="sig"/><SP WIDTH="16" VPOS="240" HPOS="598"/>
							<String ID="string_21" HPOS="614" VPOS="247" WIDTH="34" HEIGHT="14" WC="0.96" CONTENT="om"/><SP WIDTH="15" VPOS="247" HPOS="648"/>
							<String ID="string_22" HPOS="663" VPOS="239" WIDTH="70" HEIGHT="21" WC="0.96" CONTENT="denna"/><SP WIDTH="14" VPOS="239" HPOS="733"/>
							<String ID="string_23" HPOS="747" VPOS="239" WIDTH="82" HEIGHT="27" WC="0.96" CONTENT="åtgärd,"/><SP WIDTH="16" VPOS="239" HPOS="829"/>
							<String ID="string_24" HPOS="845" VPOS="238" WIDTH="81" HEIGHT="28" WC="0.95" CONTENT="åligger"/><SP WIDTH="14" VPOS="238" HPOS="926"/>
							<String ID="string_25" HPOS="940" VPOS="238" WIDTH="36" HEIGHT="21" WC="0.96" CONTENT="det"/>
						</TextLine>
						<TextLine ID="line_3" HPOS="249" VPOS="273" WIDTH="727" HEIGHT="30">
							<String ID="string_26" HPOS="249" VPOS="276" WIDTH="63" HEIGHT="21" WC="0.93" CONTENT="alltså"/><SP WIDTH="14" VPOS="276" HPOS="312"/>
							<String ID="string_27" HPOS="326" VPOS="276" WIDTH="150" HEIGHT="27" WC="0.92" CONTENT="Lagutskottet"/><SP WIDTH="15" VPOS="276" HPOS="476"/>
							<String ID="string_28" HPOS="491" VPOS="276" WIDTH="32" HEIGHT="19" WC="0.96" CONTENT="att"/><SP WIDTH="16" VPOS="276" HPOS="523"/>
							<String ID="string_29" HPOS="539" VPOS="275" WIDTH="3" HEIGHT="20" WC="0.93" CONTENT="i"/><SP WIDTH="15" VPOS="275" HPOS="542"/>
							<String ID="string_30" HPOS="557" VPOS="273" WIDTH="141" HEIGHT="22" WC="0.92" CONTENT="omförmälda"/><SP WIDTH="15" VPOS="273" HPOS="698"/>
							<String ID="string_31" HPOS="713" VPOS="273" WIDTH="102" HEIGHT="21" WC="0.96" CONTENT="afseende"/><SP WIDTH="10" VPOS="273" HPOS="815"/>
							<String ID="string_32" HPOS="825" VPOS="280" WIDTH="54" HEIGHT="20" WC="0.96" CONTENT="egna"/><SP WIDTH="10" VPOS="280" HPOS="879"/>
							<String ID="string_33" HPOS="889" VPOS="273" WIDTH="40" HEIGHT="20" WC="0.93" CONTENT="den"/><SP WIDTH="10" VPOS="273" HPOS="929"/>
							<String ID="string_34" HPOS="939" VPOS="273" WIDTH="37" HEIGHT="20" WC="0.89" CONTENT="nå-"/>
						</TextLine>
						<TextLine ID="line_4" HPOS="248" VPOS="307" WIDTH="480" HEIGHT="31">
							<String ID="string_35" HPOS="248" VPOS="310" WIDTH="49" HEIGHT="28" WC="0.93" CONTENT="diga"/><SP WIDTH="13" VPOS="310" HPOS="297"/>
							<String ID="string_36" HPOS="310" VPOS="309" WIDTH="161" HEIGHT="28" WC="0.96" CONTENT="propositionen"/><SP WIDTH="15" VPOS="309" HPOS="471"/>
							<String ID="string_37" HPOS="486" VPOS="307" WIDTH="90" HEIGHT="29" WC="0.96" CONTENT="förnyad"/><SP WIDTH="16" VPOS="307" HPOS="576"/>
							<String ID="string_38" HPOS="592" VPOS="307" WIDTH="136" HEIGHT="28" WC="0.94" CONTENT="granskning."/>
						</TextLine>
					</TextBlock>
					<TextBlock ID="block_2" HPOS="243" VPOS="341" WIDTH="733" HEIGHT="985">
						<TextLine ID="line_5" HPOS="302" VPOS="341" WIDTH="674" HEIGHT="28">
							<String ID="string_39" HPOS="302" VPOS="343" WIDTH="82" HEIGHT="22" WC="0.95" CONTENT="Härvid"/><SP WIDTH="23" VPOS="343" HPOS="384"/>
							<String ID="string_40" HPOS="407" VPOS="343" WIDTH="60" HEIGHT="21" WC="0.95" CONTENT="torde"/><SP WIDTH="26" VPOS="343" HPOS="467"/>
							<String ID="string_41" HPOS="493" VPOS="343" WIDTH="35" HEIGHT="21" WC="0.96" CONTENT="det"/><SP WIDTH="20" VPOS="343" HPOS="528"/>
							<String ID="string_42" HPOS="548" VPOS="341" WIDTH="80" HEIGHT="22" WC="0.93" CONTENT="tillåtas"/><SP WIDTH="20" VPOS="341" HPOS="628"/>
							<String ID="string_43" HPOS="648" VPOS="341" WIDTH="151" HEIGHT="28" WC="0.91" CONTENT="Lagutskottet"/><SP WIDTH="17" VPOS="341" HPOS="799"/>
							<String ID="string_44" HPOS="816" VPOS="343" WIDTH="32" HEIGHT="19" WC="0.96" CONTENT="att"/><SP WIDTH="16" VPOS="343" HPOS="848"/>
							<String ID="string_45" HPOS="864" VPOS="341" WIDTH="76" HEIGHT="21" WC="0.96" CONTENT="främst"/><SP WIDTH="14" VPOS="341" HPOS="940"/>
							<String ID="string_46" HPOS="954" VPOS="341" WIDTH="22" HEIGHT="20" WC="0.96" CONTENT="få"/>
						</TextLine>
						<TextLine ID="line_6" HPOS="247" VPOS="375" WIDTH="728" HEIGHT="29">
							<String ID="string_47" HPOS="247" VPOS="378" WIDTH="119" HEIGHT="26" WC="0.93" CONTENT="framhålla,"/><SP WIDTH="18" VPOS="378" HPOS="366"/>
							<String ID="string_48" HPOS="384" VPOS="377" WIDTH="103" HEIGHT="22" WC="0.91" CONTENT="hurusom"/><SP WIDTH="16" VPOS="377" HPOS="487"/>
							<String ID="string_49" HPOS="503" VPOS="377" WIDTH="61" HEIGHT="20" WC="0.93" CONTENT="äfven"/><SP WIDTH="18" VPOS="377" HPOS="564"/>
							<String ID="string_50" HPOS="582" VPOS="376" WIDTH="97" HEIGHT="27" WC="0.90" CONTENT="samtlige"/><SP WIDTH="14" VPOS="376" HPOS="679"/>
							<String ID="string_51" HPOS="693" VPOS="377" WIDTH="134" HEIGHT="20" WC="0.92" CONTENT="reservanter"/><SP WIDTH="15" VPOS="377" HPOS="827"/>
							<String ID="string_52" HPOS="842" VPOS="375" WIDTH="81" HEIGHT="22" WC="0.91" CONTENT="biträdt"/><SP WIDTH="14" VPOS="375" HPOS="923"/>
							<String ID="string_53" HPOS="937" VPOS="375" WIDTH="38" HEIGHT="21" WC="0.93" CONTENT="Ut-"/>
						</TextLine>
						<TextLine ID="line_7" HPOS="247" VPOS="409" WIDTH="728" HEIGHT="30">
							<String ID="string_54" HPOS="247" VPOS="413" WIDTH="90" HEIGHT="22" WC="0.93" CONTENT="skottets"/><SP WIDTH="16" VPOS="413" HPOS="337"/>
							<String ID="string_55" HPOS="353" VPOS="411" WIDTH="136" HEIGHT="28" WC="0.95" CONTENT="uppfattning"/><SP WIDTH="16" VPOS="411" HPOS="489"/>
							<String ID="string_56" HPOS="505" VPOS="411" WIDTH="65" HEIGHT="25" WC="0.96" CONTENT="deraf,"/><SP WIDTH="16" VPOS="411" HPOS="570"/>
							<String ID="string_57" HPOS="586" VPOS="412" WIDTH="31" HEIGHT="19" WC="0.96" CONTENT="att"/><SP WIDTH="15" VPOS="412" HPOS="617"/>
							<String ID="string_58" HPOS="632" VPOS="410" WIDTH="55" HEIGHT="21" WC="0.96" CONTENT="vissa"/><SP WIDTH="14" VPOS="410" HPOS="687"/>
							<String ID="string_59" HPOS="701" VPOS="411" WIDTH="160" HEIGHT="27" WC="0.96" CONTENT="bestämningar"/><SP WIDTH="15" VPOS="411" HPOS="861"/>
							<String ID="string_60" HPOS="876" VPOS="410" WIDTH="31" HEIGHT="21" WC="0.69" CONTENT="uti"/><SP WIDTH="8" VPOS="410" HPOS="907"/>
							<String ID="string_61" HPOS="915" VPOS="409" WIDTH="60" HEIGHT="22" WC="0.93" CONTENT="nädi-"/>
						</TextLine>
						<TextLine ID="line_8" HPOS="247" VPOS="444" WIDTH="728" HEIGHT="31">
							<String ID="string_62" HPOS="247" VPOS="454" WIDTH="27" HEIGHT="21" WC="0.95" CONTENT="ga"/><SP WIDTH="20" VPOS="454" HPOS="274"/>
							<String ID="string_63" HPOS="294" VPOS="446" WIDTH="161" HEIGHT="28" WC="0.96" CONTENT="Förordningen"/><SP WIDTH="21" VPOS="446" HPOS="455"/>
							<String ID="string_64" HPOS="476" VPOS="445" WIDTH="40" HEIGHT="22" WC="0.96" CONTENT="den"/><SP WIDTH="15" VPOS="445" HPOS="516"/>
							<String ID="string_65" HPOS="531" VPOS="446" WIDTH="12" HEIGHT="20" WC="0.96" CONTENT="3"/><SP WIDTH="15" VPOS="446" HPOS="543"/>
							<String ID="string_66" HPOS="558" VPOS="445" WIDTH="103" HEIGHT="21" WC="0.96" CONTENT="Februari"/><SP WIDTH="16" VPOS="445" HPOS="661"/>
							<String ID="string_67" HPOS="677" VPOS="445" WIDTH="54" HEIGHT="20" WC="0.96" CONTENT="1876"/><SP WIDTH="15" VPOS="445" HPOS="731"/>
							<String ID="string_68" HPOS="746" VPOS="446" WIDTH="37" HEIGHT="20" WC="0.96" CONTENT="äro"/><SP WIDTH="16" VPOS="446" HPOS="783"/>
							<String ID="string_69" HPOS="799" VPOS="445" WIDTH="24" HEIGHT="21" WC="0.96" CONTENT="af"/><SP WIDTH="13" VPOS="445" HPOS="823"/>
							<String ID="string_70" HPOS="836" VPOS="444" WIDTH="40" HEIGHT="22" WC="0.93" CONTENT="den"/><SP WIDTH="15" VPOS="444" HPOS="876"/>
							<String ID="string_71" HPOS="891" VPOS="445" WIDTH="84" HEIGHT="21" WC="0.92" CONTENT="beskaf-"/>
						</TextLine>
						<TextLine ID="line_9" HPOS="246" VPOS="479" WIDTH="729" HEIGHT="28">
							<String ID="string_72" HPOS="246" VPOS="481" WIDTH="78" HEIGHT="26" WC="0.91" CONTENT="fenhet,"/><SP WIDTH="16" VPOS="481" HPOS="324"/>
							<String ID="string_73" HPOS="340" VPOS="482" WIDTH="32" HEIGHT="20" WC="0.96" CONTENT="att"/><SP WIDTH="15" VPOS="482" HPOS="372"/>
							<String ID="string_74" HPOS="387" VPOS="481" WIDTH="25" HEIGHT="20" WC="0.93" CONTENT="de"/><SP WIDTH="15" VPOS="481" HPOS="412"/>
							<String ID="string_75" HPOS="427" VPOS="479" WIDTH="184" HEIGHT="28" WC="0.90" CONTENT="grundlagsenligt"/><SP WIDTH="13" VPOS="479" HPOS="611"/>
							<String ID="string_76" HPOS="624" VPOS="479" WIDTH="46" HEIGHT="21" WC="0.96" CONTENT="icke"/><SP WIDTH="15" VPOS="479" HPOS="670"/>
							<String ID="string_77" HPOS="685" VPOS="480" WIDTH="50" HEIGHT="21" WC="0.92" CONTENT="bort"/><SP WIDTH="10" VPOS="480" HPOS="735"/>
							<String ID="string_78" HPOS="745" VPOS="480" WIDTH="13" HEIGHT="21" WC="0.92" CONTENT="å"/><SP WIDTH="11" VPOS="480" HPOS="758"/>
							<String ID="string_79" HPOS="769" VPOS="479" WIDTH="155" HEIGHT="22" WC="0.96" CONTENT="administrativ"/><SP WIDTH="11" VPOS="479" HPOS="924"/>
							<String ID="string_80" HPOS="935" VPOS="480" WIDTH="40" HEIGHT="27" WC="0.96" CONTENT="väg"/>
						</TextLine>
						<TextLine ID="line_10" HPOS="247" VPOS="513" WIDTH="727" HEIGHT="24">
							<String ID="string_81" HPOS="247" VPOS="515" WIDTH="104" HEIGHT="22" WC="0.93" CONTENT="utfärdas."/><SP WIDTH="30" VPOS="515" HPOS="351"/>
							<String ID="string_82" HPOS="381" VPOS="515" WIDTH="113" HEIGHT="22" WC="0.91" CONTENT="Olikheten"/><SP WIDTH="16" VPOS="515" HPOS="494"/>
							<String ID="string_83" HPOS="510" VPOS="514" WIDTH="89" HEIGHT="21" WC="0.96" CONTENT="emellan"/><SP WIDTH="17" VPOS="514" HPOS="599"/>
							<String ID="string_84" HPOS="616" VPOS="513" WIDTH="119" HEIGHT="22" WC="0.96" CONTENT="Utskottets"/><SP WIDTH="13" VPOS="513" HPOS="735"/>
							<String ID="string_85" HPOS="748" VPOS="514" WIDTH="40" HEIGHT="21" WC="0.93" CONTENT="och"/><SP WIDTH="15" VPOS="514" HPOS="788"/>
							<String ID="string_86" HPOS="803" VPOS="516" WIDTH="171" HEIGHT="19" WC="0.91" CONTENT="reservanternes"/>
						</TextLine>
						<TextLine ID="line_11" HPOS="246" VPOS="547" WIDTH="728" HEIGHT="31">
							<String ID="string_87" HPOS="246" VPOS="550" WIDTH="56" HEIGHT="28" WC="0.91" CONTENT="åsigt"/><SP WIDTH="13" VPOS="550" HPOS="302"/>
							<String ID="string_88" HPOS="315" VPOS="549" WIDTH="62" HEIGHT="22" WC="0.96" CONTENT="torde"/><SP WIDTH="14" VPOS="549" HPOS="377"/>
							<String ID="string_89" HPOS="391" VPOS="549" WIDTH="7" HEIGHT="21" WC="0.96" CONTENT="i"/><SP WIDTH="16" VPOS="549" HPOS="398"/>
							<String ID="string_90" HPOS="414" VPOS="549" WIDTH="59" HEIGHT="21" WC="0.95" CONTENT="detta"/><SP WIDTH="15" VPOS="549" HPOS="473"/>
							<String ID="string_91" HPOS="488" VPOS="548" WIDTH="100" HEIGHT="22" WC="0.96" CONTENT="afseende"/><SP WIDTH="14" VPOS="548" HPOS="588"/>
							<String ID="string_92" HPOS="602" VPOS="555" WIDTH="52" HEIGHT="14" WC="0.93" CONTENT="vara"/><SP WIDTH="14" VPOS="555" HPOS="654"/>
							<String ID="string_93" HPOS="668" VPOS="548" WIDTH="90" HEIGHT="21" WC="0.92" CONTENT="allenast"/><SP WIDTH="16" VPOS="548" HPOS="758"/>
							<String ID="string_94" HPOS="774" VPOS="548" WIDTH="132" HEIGHT="27" WC="0.92" CONTENT="qvantitativ,"/><SP WIDTH="16" VPOS="548" HPOS="906"/>
							<String ID="string_95" HPOS="922" VPOS="548" WIDTH="7" HEIGHT="21" WC="0.96" CONTENT="i"/><SP WIDTH="10" VPOS="548" HPOS="929"/>
							<String ID="string_96" HPOS="939" VPOS="547" WIDTH="35" HEIGHT="22" WC="0.96" CONTENT="det"/>
						</TextLine>
						<TextLine ID="line_12" HPOS="246" VPOS="582" WIDTH="728" HEIGHT="29">
							<String ID="string_97" HPOS="246" VPOS="583" WIDTH="120" HEIGHT="22" WC="0.93" CONTENT="Utskottets"/><SP WIDTH="15" VPOS="583" HPOS="366"/>
							<String ID="string_98" HPOS="381" VPOS="583" WIDTH="111" HEIGHT="28" WC="0.91" CONTENT="pluralitet"/><SP WIDTH="15" VPOS="583" HPOS="492"/>
							<String ID="string_99" HPOS="507" VPOS="589" WIDTH="62" HEIGHT="15" WC="0.96" CONTENT="anser"/><SP WIDTH="14" VPOS="589" HPOS="569"/>
							<String ID="string_100" HPOS="583" VPOS="582" WIDTH="58" HEIGHT="26" WC="0.96" CONTENT="flera,"/><SP WIDTH="16" VPOS="582" HPOS="641"/>
							<String ID="string_101" HPOS="657" VPOS="589" WIDTH="48" HEIGHT="14" WC="0.90" CONTENT="men"/><SP WIDTH="14" VPOS="589" HPOS="705"/>
							<String ID="string_102" HPOS="719" VPOS="584" WIDTH="160" HEIGHT="19" WC="0.90" CONTENT="reservanterne"/><SP WIDTH="15" VPOS="584" HPOS="879"/>
							<String ID="string_103" HPOS="894" VPOS="583" WIDTH="34" HEIGHT="20" WC="0.96" CONTENT="för"/><SP WIDTH="14" VPOS="583" HPOS="928"/>
							<String ID="string_104" HPOS="942" VPOS="583" WIDTH="32" HEIGHT="20" WC="0.96" CONTENT="sin"/>
						</TextLine>
						<TextLine ID="line_13" HPOS="246" VPOS="616" WIDTH="727" HEIGHT="29">
							<String ID="string_105" HPOS="246" VPOS="618" WIDTH="35" HEIGHT="21" WC="0.96" CONTENT="del"/><SP WIDTH="16" VPOS="618" HPOS="281"/>
							<String ID="string_106" HPOS="297" VPOS="618" WIDTH="59" HEIGHT="21" WC="0.96" CONTENT="färre"/><SP WIDTH="15" VPOS="618" HPOS="356"/>
							<String ID="string_107" HPOS="371" VPOS="617" WIDTH="23" HEIGHT="22" WC="0.96" CONTENT="af"/><SP WIDTH="13" VPOS="617" HPOS="394"/>
							<String ID="string_108" HPOS="407" VPOS="617" WIDTH="62" HEIGHT="22" WC="0.96" CONTENT="dessa"/><SP WIDTH="15" VPOS="617" HPOS="469"/>
							<String ID="string_109" HPOS="484" VPOS="617" WIDTH="159" HEIGHT="28" WC="0.96" CONTENT="bestämningar"/><SP WIDTH="15" VPOS="617" HPOS="643"/>
							<String ID="string_110" HPOS="658" VPOS="624" WIDTH="51" HEIGHT="14" WC="0.96" CONTENT="vara"/><SP WIDTH="14" VPOS="624" HPOS="709"/>
							<String ID="string_111" HPOS="723" VPOS="617" WIDTH="24" HEIGHT="21" WC="0.93" CONTENT="af"/><SP WIDTH="13" VPOS="617" HPOS="747"/>
							<String ID="string_112" HPOS="760" VPOS="617" WIDTH="80" HEIGHT="28" WC="0.91" CONTENT="antydd"/><SP WIDTH="15" VPOS="617" HPOS="840"/>
							<String ID="string_113" HPOS="855" VPOS="616" WIDTH="118" HEIGHT="22" WC="0.91" CONTENT="beskaffen-"/>
						</TextLine>
						<TextLine ID="line_14" HPOS="245" VPOS="651" WIDTH="729" HEIGHT="28">
							<String ID="string_114" HPOS="245" VPOS="652" WIDTH="42" HEIGHT="21" WC="0.96" CONTENT="het."/><SP WIDTH="30" VPOS="652" HPOS="287"/>
							<String ID="string_115" HPOS="317" VPOS="651" WIDTH="60" HEIGHT="22" WC="0.96" CONTENT="Dock"/><SP WIDTH="15" VPOS="651" HPOS="377"/>
							<String ID="string_116" HPOS="392" VPOS="652" WIDTH="39" HEIGHT="20" WC="0.96" CONTENT="har"/><SP WIDTH="15" VPOS="652" HPOS="431"/>
							<String ID="string_117" HPOS="446" VPOS="651" WIDTH="70" HEIGHT="21" WC="0.96" CONTENT="denna"/><SP WIDTH="15" VPOS="651" HPOS="516"/>
							<String ID="string_118" HPOS="531" VPOS="651" WIDTH="156" HEIGHT="27" WC="0.95" CONTENT="omständighet"/><SP WIDTH="14" VPOS="651" HPOS="687"/>
							<String ID="string_119" HPOS="701" VPOS="651" WIDTH="47" HEIGHT="22" WC="0.96" CONTENT="icke"/><SP WIDTH="13" VPOS="651" HPOS="748"/>
							<String ID="string_120" HPOS="761" VPOS="651" WIDTH="70" HEIGHT="22" WC="0.96" CONTENT="allena"/><SP WIDTH="14" VPOS="651" HPOS="831"/>
							<String ID="string_121" HPOS="845" VPOS="651" WIDTH="34" HEIGHT="21" WC="0.96" CONTENT="för"/><SP WIDTH="15" VPOS="651" HPOS="879"/>
							<String ID="string_122" HPOS="894" VPOS="651" WIDTH="32" HEIGHT="28" WC="0.93" CONTENT="sig"/><SP WIDTH="13" VPOS="651" HPOS="926"/>
							<String ID="string_123" HPOS="939" VPOS="659" WIDTH="35" HEIGHT="14" WC="0.88" CONTENT="va-"/>
						</TextLine>
						<TextLine ID="line_15" HPOS="245" VPOS="685" WIDTH="730" HEIGHT="26">
							<String ID="string_124" HPOS="245" VPOS="687" WIDTH="30" HEIGHT="21" WC="0.96" CONTENT="rit"/><SP WIDTH="21" VPOS="687" HPOS="275"/>
							<String ID="string_125" HPOS="296" VPOS="685" WIDTH="159" HEIGHT="22" WC="0.96" CONTENT="bestämmande"/><SP WIDTH="24" VPOS="685" HPOS="455"/>
							<String ID="string_126" HPOS="479" VPOS="685" WIDTH="33" HEIGHT="21" WC="0.96" CONTENT="för"/><SP WIDTH="20" VPOS="685" HPOS="512"/>
							<String ID="string_127" HPOS="532" VPOS="685" WIDTH="34" HEIGHT="21" WC="0.96" CONTENT="det"/><SP WIDTH="15" VPOS="685" HPOS="566"/>
							<String ID="string_128" HPOS="581" VPOS="685" WIDTH="49" HEIGHT="26" WC="0.93" CONTENT="slut,"/><SP WIDTH="15" VPOS="685" HPOS="630"/>
							<String ID="string_129" HPOS="645" VPOS="685" WIDTH="59" HEIGHT="21" WC="0.90" CONTENT="hvari"/><SP WIDTH="16" VPOS="685" HPOS="704"/>
							<String ID="string_130" HPOS="720" VPOS="685" WIDTH="120" HEIGHT="22" WC="0.96" CONTENT="Utskottets"/><SP WIDTH="16" VPOS="685" HPOS="840"/>
							<String ID="string_131" HPOS="856" VPOS="685" WIDTH="70" HEIGHT="22" WC="0.90" CONTENT="flertal"/><SP WIDTH="14" VPOS="685" HPOS="926"/>
							<String ID="string_132" HPOS="940" VPOS="685" WIDTH="35" HEIGHT="21" WC="0.96" CONTENT="vid"/>
						</TextLine>
						<TextLine ID="line_16" HPOS="246" VPOS="719" WIDTH="728" HEIGHT="29">
							<String ID="string_133" HPOS="246" VPOS="721" WIDTH="41" HEIGHT="22" WC="0.95" CONTENT="den"/><SP WIDTH="21" VPOS="721" HPOS="287"/>
							<String ID="string_134" HPOS="308" VPOS="719" WIDTH="129" HEIGHT="29" WC="0.96" CONTENT="föregående"/><SP WIDTH="20" VPOS="719" HPOS="437"/>
							<String ID="string_135" HPOS="457" VPOS="720" WIDTH="157" HEIGHT="27" WC="0.96" CONTENT="granskningen"/><SP WIDTH="15" VPOS="720" HPOS="614"/>
							<String ID="string_136" HPOS="629" VPOS="719" WIDTH="24" HEIGHT="22" WC="0.96" CONTENT="af"/><SP WIDTH="13" VPOS="719" HPOS="653"/>
							<String ID="string_137" HPOS="666" VPOS="720" WIDTH="40" HEIGHT="21" WC="0.96" CONTENT="den"/><SP WIDTH="14" VPOS="720" HPOS="706"/>
							<String ID="string_138" HPOS="720" VPOS="720" WIDTH="79" HEIGHT="28" WC="0.96" CONTENT="nådiga"/><SP WIDTH="15" VPOS="720" HPOS="799"/>
							<String ID="string_139" HPOS="814" VPOS="720" WIDTH="160" HEIGHT="28" WC="0.96" CONTENT="propositionen"/>
						</TextLine>
						<TextLine ID="line_17" HPOS="245" VPOS="754" WIDTH="729" HEIGHT="23">
							<String ID="string_140" HPOS="245" VPOS="757" WIDTH="93" HEIGHT="20" WC="0.95" CONTENT="stannat."/><SP WIDTH="38" VPOS="757" HPOS="338"/>
							<String ID="string_141" HPOS="376" VPOS="754" WIDTH="9" HEIGHT="21" WC="0.93" CONTENT="I"/><SP WIDTH="25" VPOS="754" HPOS="385"/>
							<String ID="string_142" HPOS="410" VPOS="754" WIDTH="122" HEIGHT="21" WC="0.93" CONTENT="Utskottets"/><SP WIDTH="15" VPOS="754" HPOS="532"/>
							<String ID="string_143" HPOS="547" VPOS="754" WIDTH="59" HEIGHT="22" WC="0.96" CONTENT="förra"/><SP WIDTH="14" VPOS="754" HPOS="606"/>
							<String ID="string_144" HPOS="620" VPOS="754" WIDTH="134" HEIGHT="22" WC="0.96" CONTENT="betänkande"/><SP WIDTH="14" VPOS="754" HPOS="754"/>
							<String ID="string_145" HPOS="768" VPOS="755" WIDTH="7" HEIGHT="20" WC="0.96" CONTENT="i"/><SP WIDTH="16" VPOS="755" HPOS="775"/>
							<String ID="string_146" HPOS="791" VPOS="756" WIDTH="72" HEIGHT="20" WC="0.96" CONTENT="ämnet"/><SP WIDTH="14" VPOS="756" HPOS="863"/>
							<String ID="string_147" HPOS="877" VPOS="756" WIDTH="24" HEIGHT="20" WC="0.96" CONTENT="är"/><SP WIDTH="15" VPOS="756" HPOS="901"/>
							<String ID="string_148" HPOS="916" VPOS="754" WIDTH="58" HEIGHT="22" WC="0.96" CONTENT="detta"/>
						</TextLine>
						<TextLine ID="line_18" HPOS="245" VPOS="789" WIDTH="729" HEIGHT="29">
							<String ID="string_149" HPOS="245" VPOS="790" WIDTH="49" HEIGHT="22" WC="0.96" CONTENT="med"/><SP WIDTH="14" VPOS="790" HPOS="294"/>
							<String ID="string_150" HPOS="308" VPOS="789" WIDTH="80" HEIGHT="29" WC="0.96" CONTENT="tydliga"/><SP WIDTH="16" VPOS="789" HPOS="388"/>
							<String ID="string_151" HPOS="404" VPOS="789" WIDTH="38" HEIGHT="21" WC="0.93" CONTENT="ord"/><SP WIDTH="16" VPOS="789" HPOS="442"/>
							<String ID="string_152" HPOS="458" VPOS="789" WIDTH="92" HEIGHT="21" WC="0.91" CONTENT="uttaladt"/><SP WIDTH="15" VPOS="789" HPOS="550"/>
							<String ID="string_153" HPOS="565" VPOS="789" WIDTH="69" HEIGHT="28" WC="0.96" CONTENT="(sidan"/><SP WIDTH="15" VPOS="789" HPOS="634"/>
							<String ID="string_154" HPOS="649" VPOS="790" WIDTH="29" HEIGHT="27" WC="0.96" CONTENT="4)."/><SP WIDTH="31" VPOS="790" HPOS="678"/>
							<String ID="string_155" HPOS="709" VPOS="789" WIDTH="110" HEIGHT="22" WC="0.93" CONTENT="Utskottet"/><SP WIDTH="14" VPOS="789" HPOS="819"/>
							<String ID="string_156" HPOS="833" VPOS="790" WIDTH="39" HEIGHT="21" WC="0.96" CONTENT="har"/><SP WIDTH="15" VPOS="790" HPOS="872"/>
							<String ID="string_157" HPOS="887" VPOS="789" WIDTH="65" HEIGHT="22" WC="0.96" CONTENT="också"/><SP WIDTH="14" VPOS="789" HPOS="952"/>
							<String ID="string_158" HPOS="966" VPOS="789" WIDTH="8" HEIGHT="20" WC="0.96" CONTENT="i"/>
						</TextLine>
						<TextLine ID="line_19" HPOS="245" VPOS="823" WIDTH="729" HEIGHT="29">
							<String ID="string_159" HPOS="245" VPOS="831" WIDTH="82" HEIGHT="15" WC="0.96" CONTENT="samma"/><SP WIDTH="21" VPOS="831" HPOS="327"/>
							<String ID="string_160" HPOS="348" VPOS="823" WIDTH="136" HEIGHT="23" WC="0.92" CONTENT="betänkande"/><SP WIDTH="22" VPOS="823" HPOS="484"/>
							<String ID="string_161" HPOS="506" VPOS="824" WIDTH="50" HEIGHT="21" WC="0.93" CONTENT="sökt"/><SP WIDTH="14" VPOS="824" HPOS="556"/>
							<String ID="string_162" HPOS="570" VPOS="823" WIDTH="137" HEIGHT="28" WC="0.90" CONTENT="ådagalägga,"/><SP WIDTH="15" VPOS="823" HPOS="707"/>
							<String ID="string_163" HPOS="722" VPOS="825" WIDTH="101" HEIGHT="20" WC="0.92" CONTENT="hurusom"/><SP WIDTH="18" VPOS="825" HPOS="823"/>
							<String ID="string_164" HPOS="841" VPOS="824" WIDTH="40" HEIGHT="21" WC="0.96" CONTENT="den"/><SP WIDTH="15" VPOS="824" HPOS="881"/>
							<String ID="string_165" HPOS="896" VPOS="824" WIDTH="78" HEIGHT="28" WC="0.96" CONTENT="nådiga"/>
						</TextLine>
						<TextLine ID="line_20" HPOS="244" VPOS="857" WIDTH="729" HEIGHT="30">
							<String ID="string_166" HPOS="244" VPOS="858" WIDTH="161" HEIGHT="29" WC="0.95" CONTENT="propositionen"/><SP WIDTH="25" VPOS="858" HPOS="405"/>
							<String ID="string_167" HPOS="430" VPOS="858" WIDTH="7" HEIGHT="20" WC="0.93" CONTENT="i"/><SP WIDTH="14" VPOS="858" HPOS="437"/>
							<String ID="string_168" HPOS="451" VPOS="857" WIDTH="81" HEIGHT="28" WC="0.91" CONTENT="vigtiga"/><SP WIDTH="16" VPOS="857" HPOS="532"/>
							<String ID="string_169" HPOS="548" VPOS="857" WIDTH="58" HEIGHT="22" WC="0.96" CONTENT="delar"/><SP WIDTH="15" VPOS="857" HPOS="606"/>
							<String ID="string_170" HPOS="621" VPOS="858" WIDTH="72" HEIGHT="21" WC="0.95" CONTENT="stöder"/><SP WIDTH="16" VPOS="858" HPOS="693"/>
							<String ID="string_171" HPOS="709" VPOS="858" WIDTH="32" HEIGHT="27" WC="0.93" CONTENT="sig"/><SP WIDTH="14" VPOS="858" HPOS="741"/>
							<String ID="string_172" HPOS="755" VPOS="859" WIDTH="13" HEIGHT="20" WC="0.91" CONTENT="å"/><SP WIDTH="14" VPOS="859" HPOS="768"/>
							<String ID="string_173" HPOS="782" VPOS="858" WIDTH="140" HEIGHT="22" WC="0.90" CONTENT="förenämnda"/><SP WIDTH="14" VPOS="858" HPOS="922"/>
							<String ID="string_174" HPOS="936" VPOS="858" WIDTH="37" HEIGHT="22" WC="0.92" CONTENT="ad-"/>
						</TextLine>
						<TextLine ID="line_21" HPOS="244" VPOS="891" WIDTH="729" HEIGHT="28">
							<String ID="string_175" HPOS="244" VPOS="893" WIDTH="142" HEIGHT="22" WC="0.91" CONTENT="ministrativa"/><SP WIDTH="16" VPOS="893" HPOS="386"/>
							<String ID="string_176" HPOS="402" VPOS="891" WIDTH="134" HEIGHT="28" WC="0.96" CONTENT="författning,"/><SP WIDTH="18" VPOS="891" HPOS="536"/>
							<String ID="string_177" HPOS="554" VPOS="891" WIDTH="85" HEIGHT="21" WC="0.93" CONTENT="hvilken"/><SP WIDTH="15" VPOS="891" HPOS="639"/>
							<String ID="string_178" HPOS="654" VPOS="892" WIDTH="94" HEIGHT="21" WC="0.92" CONTENT="hvarken"/><SP WIDTH="14" VPOS="892" HPOS="748"/>
							<String ID="string_179" HPOS="762" VPOS="893" WIDTH="34" HEIGHT="20" WC="0.96" CONTENT="till"/><SP WIDTH="15" VPOS="893" HPOS="796"/>
							<String ID="string_180" HPOS="811" VPOS="893" WIDTH="42" HEIGHT="21" WC="0.96" CONTENT="alla"/><SP WIDTH="16" VPOS="893" HPOS="853"/>
							<String ID="string_181" HPOS="869" VPOS="893" WIDTH="58" HEIGHT="22" WC="0.93" CONTENT="delar"/><SP WIDTH="15" VPOS="893" HPOS="927"/>
							<String ID="string_182" HPOS="942" VPOS="893" WIDTH="31" HEIGHT="21" WC="0.92" CONTENT="öf-"/>
						</TextLine>
						<TextLine ID="line_22" HPOS="244" VPOS="925" WIDTH="730" HEIGHT="29">
							<String ID="string_183" HPOS="244" VPOS="928" WIDTH="178" HEIGHT="21" WC="0.92" CONTENT="verensstämmer"/><SP WIDTH="22" VPOS="928" HPOS="422"/>
							<String ID="string_184" HPOS="444" VPOS="925" WIDTH="48" HEIGHT="22" WC="0.96" CONTENT="med"/><SP WIDTH="14" VPOS="925" HPOS="492"/>
							<String ID="string_185" HPOS="506" VPOS="925" WIDTH="56" HEIGHT="22" WC="0.96" CONTENT="hvad"/><SP WIDTH="17" VPOS="925" HPOS="562"/>
							<String ID="string_186" HPOS="579" VPOS="926" WIDTH="52" HEIGHT="20" WC="0.96" CONTENT="1872"/><SP WIDTH="16" VPOS="926" HPOS="631"/>
							<String ID="string_187" HPOS="647" VPOS="926" WIDTH="34" HEIGHT="20" WC="0.93" CONTENT="års"/><SP WIDTH="16" VPOS="926" HPOS="681"/>
							<String ID="string_188" HPOS="697" VPOS="925" WIDTH="91" HEIGHT="22" WC="0.92" CONTENT="Ständer"/><SP WIDTH="15" VPOS="925" HPOS="788"/>
							<String ID="string_189" HPOS="803" VPOS="927" WIDTH="79" HEIGHT="27" WC="0.92" CONTENT="ansågo"/><SP WIDTH="16" VPOS="927" HPOS="882"/>
							<String ID="string_190" HPOS="898" VPOS="934" WIDTH="25" HEIGHT="14" WC="0.96" CONTENT="en"/><SP WIDTH="16" VPOS="934" HPOS="923"/>
							<String ID="string_191" HPOS="939" VPOS="927" WIDTH="35" HEIGHT="27" WC="0.96" CONTENT="lag"/>
						</TextLine>
						<TextLine ID="line_23" HPOS="245" VPOS="959" WIDTH="727" HEIGHT="29">
							<String ID="string_192" HPOS="245" VPOS="969" WIDTH="35" HEIGHT="14" WC="0.96" CONTENT="om"/><SP WIDTH="15" VPOS="969" HPOS="280"/>
							<String ID="string_193" HPOS="295" VPOS="961" WIDTH="128" HEIGHT="21" WC="0.93" CONTENT="koncession"/><SP WIDTH="15" VPOS="961" HPOS="423"/>
							<String ID="string_194" HPOS="438" VPOS="960" WIDTH="13" HEIGHT="20" WC="0.82" CONTENT="å"/><SP WIDTH="12" VPOS="960" HPOS="451"/>
							<String ID="string_195" HPOS="463" VPOS="959" WIDTH="230" HEIGHT="28" WC="0.92" CONTENT="jernvägsanläggning"/><SP WIDTH="15" VPOS="959" HPOS="693"/>
							<String ID="string_196" HPOS="708" VPOS="960" WIDTH="53" HEIGHT="21" WC="0.96" CONTENT="böra"/><SP WIDTH="15" VPOS="960" HPOS="761"/>
							<String ID="string_197" HPOS="776" VPOS="960" WIDTH="115" HEIGHT="27" WC="0.96" CONTENT="innehålla,"/><SP WIDTH="11" VPOS="960" HPOS="891"/>
							<String ID="string_198" HPOS="902" VPOS="961" WIDTH="40" HEIGHT="21" WC="0.96" CONTENT="och"/><SP WIDTH="13" VPOS="961" HPOS="942"/>
							<String ID="string_199" HPOS="955" VPOS="961" WIDTH="17" HEIGHT="27" WC="0.96" CONTENT="ej"/>
						</TextLine>
						<TextLine ID="line_24" HPOS="244" VPOS="993" WIDTH="729" HEIGHT="30">
							<String ID="string_200" HPOS="244" VPOS="995" WIDTH="67" HEIGHT="22" WC="0.96" CONTENT="heller"/><SP WIDTH="21" VPOS="995" HPOS="311"/>
							<String ID="string_201" HPOS="332" VPOS="995" WIDTH="50" HEIGHT="21" WC="0.96" CONTENT="fullt"/><SP WIDTH="22" VPOS="995" HPOS="382"/>
							<String ID="string_202" HPOS="404" VPOS="995" WIDTH="119" HEIGHT="20" WC="0.95" CONTENT="motsvarar"/><SP WIDTH="17" VPOS="995" HPOS="523"/>
							<String ID="string_203" HPOS="540" VPOS="993" WIDTH="183" HEIGHT="22" WC="0.96" CONTENT="föreskrifterna"/><SP WIDTH="-8" VPOS="993" HPOS="723"/>
							<String ID="string_204" HPOS="715" VPOS="989" WIDTH="15" HEIGHT="38" WC="0.93" CONTENT="i"/><SP WIDTH="9" VPOS="989" HPOS="730"/>
							<String ID="string_205" HPOS="739" VPOS="995" WIDTH="234" HEIGHT="28" WC="0.91" CONTENT="expropriationslagen"/>
						</TextLine>
						<TextLine ID="line_25" HPOS="244" VPOS="1028" WIDTH="730" HEIGHT="29">
							<String ID="string_206" HPOS="244" VPOS="1030" WIDTH="25" HEIGHT="21" WC="0.95" CONTENT="af"/><SP WIDTH="13" VPOS="1030" HPOS="269"/>
							<String ID="string_207" HPOS="282" VPOS="1030" WIDTH="40" HEIGHT="21" WC="0.96" CONTENT="den"/><SP WIDTH="16" VPOS="1030" HPOS="322"/>
							<String ID="string_208" HPOS="338" VPOS="1030" WIDTH="26" HEIGHT="20" WC="0.96" CONTENT="12"/><SP WIDTH="14" VPOS="1030" HPOS="364"/>
							<String ID="string_209" HPOS="378" VPOS="1028" WIDTH="117" HEIGHT="21" WC="0.96" CONTENT="December"/><SP WIDTH="17" VPOS="1028" HPOS="495"/>
							<String ID="string_210" HPOS="512" VPOS="1029" WIDTH="60" HEIGHT="26" WC="0.96" CONTENT="1864,"/><SP WIDTH="15" VPOS="1029" HPOS="572"/>
							<String ID="string_211" HPOS="587" VPOS="1028" WIDTH="62" HEIGHT="21" WC="0.96" CONTENT="hvars"/><SP WIDTH="16" VPOS="1028" HPOS="649"/>
							<String ID="string_212" HPOS="665" VPOS="1028" WIDTH="33" HEIGHT="21" WC="0.96" CONTENT="för"/><SP WIDTH="15" VPOS="1028" HPOS="698"/>
							<String ID="string_213" HPOS="713" VPOS="1028" WIDTH="122" HEIGHT="22" WC="0.96" CONTENT="ändamålet"/><SP WIDTH="9" VPOS="1028" HPOS="835"/>
							<String ID="string_214" HPOS="844" VPOS="1029" WIDTH="130" HEIGHT="28" WC="0.96" CONTENT="bristfälliga"/>
						</TextLine>
						<TextLine ID="line_26" HPOS="245" VPOS="1062" WIDTH="728" HEIGHT="29">
							<String ID="string_215" HPOS="245" VPOS="1064" WIDTH="52" HEIGHT="22" WC="0.93" CONTENT="eller"/><SP WIDTH="15" VPOS="1064" HPOS="297"/>
							<String ID="string_216" HPOS="312" VPOS="1063" WIDTH="118" HEIGHT="27" WC="0.91" CONTENT="obeqväma"/><SP WIDTH="14" VPOS="1063" HPOS="430"/>
							<String ID="string_217" HPOS="444" VPOS="1063" WIDTH="159" HEIGHT="27" WC="0.93" CONTENT="bestämningar"/><SP WIDTH="12" VPOS="1063" HPOS="603"/>
							<String ID="string_218" HPOS="615" VPOS="1062" WIDTH="293" HEIGHT="29" WC="0.91" CONTENT="koncessionsförordningen"/><SP WIDTH="9" VPOS="1062" HPOS="908"/>
							<String ID="string_219" HPOS="917" VPOS="1065" WIDTH="56" HEIGHT="21" WC="0.96" CONTENT="tvärt"/>
						</TextLine>
						<TextLine ID="line_27" HPOS="245" VPOS="1097" WIDTH="728" HEIGHT="28">
							<String ID="string_220" HPOS="245" VPOS="1106" WIDTH="35" HEIGHT="14" WC="0.96" CONTENT="om"/><SP WIDTH="15" VPOS="1106" HPOS="280"/>
							<String ID="string_221" HPOS="295" VPOS="1098" WIDTH="48" HEIGHT="21" WC="0.96" CONTENT="sökt"/><SP WIDTH="14" VPOS="1098" HPOS="343"/>
							<String ID="string_222" HPOS="357" VPOS="1099" WIDTH="33" HEIGHT="19" WC="0.96" CONTENT="att"/><SP WIDTH="14" VPOS="1099" HPOS="390"/>
							<String ID="string_223" HPOS="404" VPOS="1097" WIDTH="34" HEIGHT="21" WC="0.93" CONTENT="för"/><SP WIDTH="11" VPOS="1097" HPOS="438"/>
							<String ID="string_224" HPOS="449" VPOS="1097" WIDTH="294" HEIGHT="28" WC="0.91" CONTENT="jernvägsanläggningarnes"/><SP WIDTH="14" VPOS="1097" HPOS="743"/>
							<String ID="string_225" HPOS="757" VPOS="1097" WIDTH="67" HEIGHT="22" WC="0.91" CONTENT="behof"/><SP WIDTH="7" VPOS="1097" HPOS="824"/>
							<String ID="string_226" HPOS="831" VPOS="1097" WIDTH="142" HEIGHT="28" WC="0.96" CONTENT="komplettera"/>
						</TextLine>
						<TextLine ID="line_28" HPOS="245" VPOS="1130" WIDTH="727" HEIGHT="29">
							<String ID="string_227" HPOS="245" VPOS="1132" WIDTH="40" HEIGHT="21" WC="0.92" CONTENT="och"/><SP WIDTH="19" VPOS="1132" HPOS="285"/>
							<String ID="string_228" HPOS="304" VPOS="1132" WIDTH="78" HEIGHT="27" WC="0.91" CONTENT="lämpa."/><SP WIDTH="29" VPOS="1132" HPOS="382"/>
							<String ID="string_229" HPOS="411" VPOS="1131" WIDTH="42" HEIGHT="20" WC="0.96" CONTENT="Det"/><SP WIDTH="16" VPOS="1131" HPOS="453"/>
							<String ID="string_230" HPOS="469" VPOS="1132" WIDTH="24" HEIGHT="19" WC="0.96" CONTENT="är"/><SP WIDTH="15" VPOS="1132" HPOS="493"/>
							<String ID="string_231" HPOS="508" VPOS="1131" WIDTH="28" HEIGHT="26" WC="0.96" CONTENT="på"/><SP WIDTH="16" VPOS="1131" HPOS="536"/>
							<String ID="string_232" HPOS="552" VPOS="1130" WIDTH="62" HEIGHT="21" WC="0.96" CONTENT="dessa"/><SP WIDTH="15" VPOS="1130" HPOS="614"/>
							<String ID="string_233" HPOS="629" VPOS="1130" WIDTH="46" HEIGHT="21" WC="0.96" CONTENT="skäl"/><SP WIDTH="16" VPOS="1130" HPOS="675"/>
							<String ID="string_234" HPOS="691" VPOS="1131" WIDTH="39" HEIGHT="21" WC="0.96" CONTENT="och"/><SP WIDTH="18" VPOS="1131" HPOS="730"/>
							<String ID="string_235" HPOS="748" VPOS="1131" WIDTH="89" HEIGHT="22" WC="0.96" CONTENT="emedan"/><SP WIDTH="15" VPOS="1131" HPOS="837"/>
							<String ID="string_236" HPOS="852" VPOS="1132" WIDTH="120" HEIGHT="22" WC="0.96" CONTENT="Utskottets"/>
						</TextLine>
						<TextLine ID="line_29" HPOS="243" VPOS="1165" WIDTH="727" HEIGHT="29">
							<String ID="string_237" HPOS="243" VPOS="1165" WIDTH="71" HEIGHT="22" WC="0.96" CONTENT="flertal"/><SP WIDTH="22" VPOS="1165" HPOS="314"/>
							<String ID="string_238" HPOS="336" VPOS="1171" WIDTH="63" HEIGHT="15" WC="0.96" CONTENT="anser"/><SP WIDTH="18" VPOS="1171" HPOS="399"/>
							<String ID="string_239" HPOS="417" VPOS="1171" WIDTH="26" HEIGHT="14" WC="0.96" CONTENT="en"/><SP WIDTH="14" VPOS="1171" HPOS="443"/>
							<String ID="string_240" HPOS="457" VPOS="1165" WIDTH="37" HEIGHT="26" WC="0.96" CONTENT="lag"/><SP WIDTH="15" VPOS="1165" HPOS="494"/>
							<String ID="string_241" HPOS="509" VPOS="1171" WIDTH="34" HEIGHT="14" WC="0.96" CONTENT="om"/><SP WIDTH="15" VPOS="1171" HPOS="543"/>
							<String ID="string_242" HPOS="558" VPOS="1165" WIDTH="122" HEIGHT="27" WC="0.96" CONTENT="inteckning"/><SP WIDTH="16" VPOS="1165" HPOS="680"/>
							<String ID="string_243" HPOS="696" VPOS="1165" WIDTH="6" HEIGHT="20" WC="0.93" CONTENT="i"/><SP WIDTH="12" VPOS="1165" HPOS="702"/>
							<String ID="string_244" HPOS="714" VPOS="1165" WIDTH="256" HEIGHT="29" WC="0.91" CONTENT="jernvägsanläggningar"/>
						</TextLine>
						<TextLine ID="line_30" HPOS="243" VPOS="1198" WIDTH="727" HEIGHT="27">
							<String ID="string_245" HPOS="243" VPOS="1199" WIDTH="48" HEIGHT="22" WC="0.96" CONTENT="icke"/><SP WIDTH="13" VPOS="1199" HPOS="291"/>
							<String ID="string_246" HPOS="304" VPOS="1199" WIDTH="73" HEIGHT="21" WC="0.96" CONTENT="kunna"/><SP WIDTH="15" VPOS="1199" HPOS="377"/>
							<String ID="string_247" HPOS="392" VPOS="1198" WIDTH="52" HEIGHT="21" WC="0.96" CONTENT="eller"/><SP WIDTH="14" VPOS="1198" HPOS="444"/>
							<String ID="string_248" HPOS="458" VPOS="1198" WIDTH="53" HEIGHT="21" WC="0.93" CONTENT="böra"/><SP WIDTH="15" VPOS="1198" HPOS="511"/>
							<String ID="string_249" HPOS="526" VPOS="1199" WIDTH="12" HEIGHT="20" WC="0.92" CONTENT="å"/><SP WIDTH="14" VPOS="1199" HPOS="538"/>
							<String ID="string_250" HPOS="552" VPOS="1199" WIDTH="54" HEIGHT="26" WC="0.93" CONTENT="väga"/><SP WIDTH="12" VPOS="1199" HPOS="606"/>
							<String ID="string_251" HPOS="618" VPOS="1198" WIDTH="86" HEIGHT="27" WC="0.91" CONTENT="bringas"/><SP WIDTH="10" VPOS="1198" HPOS="704"/>
							<String ID="string_252" HPOS="714" VPOS="1199" WIDTH="141" HEIGHT="26" WC="0.95" CONTENT="annorlunda,"/><SP WIDTH="9" VPOS="1199" HPOS="855"/>
							<String ID="string_253" HPOS="864" VPOS="1201" WIDTH="27" HEIGHT="20" WC="0.95" CONTENT="än"/><SP WIDTH="9" VPOS="1201" HPOS="891"/>
							<String ID="string_254" HPOS="900" VPOS="1201" WIDTH="6" HEIGHT="20" WC="0.93" CONTENT="i"/><SP WIDTH="10" VPOS="1201" HPOS="906"/>
							<String ID="string_255" HPOS="916" VPOS="1208" WIDTH="54" HEIGHT="13" WC="0.92" CONTENT="sam-"/>
						</TextLine>
						<TextLine ID="line_31" HPOS="243" VPOS="1231" WIDTH="729" HEIGHT="31">
							<String ID="string_256" HPOS="243" VPOS="1233" WIDTH="59" HEIGHT="22" WC="0.96" CONTENT="band"/><SP WIDTH="20" VPOS="1233" HPOS="302"/>
							<String ID="string_257" HPOS="322" VPOS="1232" WIDTH="49" HEIGHT="21" WC="0.96" CONTENT="med"/><SP WIDTH="15" VPOS="1232" HPOS="371"/>
							<String ID="string_258" HPOS="386" VPOS="1239" WIDTH="25" HEIGHT="14" WC="0.93" CONTENT="en"/><SP WIDTH="16" VPOS="1239" HPOS="411"/>
							<String ID="string_259" HPOS="427" VPOS="1231" WIDTH="127" HEIGHT="28" WC="0.91" CONTENT="Ständerlag"/><SP WIDTH="14" VPOS="1231" HPOS="554"/>
							<String ID="string_260" HPOS="568" VPOS="1239" WIDTH="34" HEIGHT="14" WC="0.96" CONTENT="om"/><SP WIDTH="15" VPOS="1239" HPOS="602"/>
							<String ID="string_261" HPOS="617" VPOS="1233" WIDTH="128" HEIGHT="21" WC="0.93" CONTENT="koncession"/><SP WIDTH="15" VPOS="1233" HPOS="745"/>
							<String ID="string_262" HPOS="760" VPOS="1233" WIDTH="12" HEIGHT="20" WC="0.87" CONTENT="å"/><SP WIDTH="12" VPOS="1233" HPOS="772"/>
							<String ID="string_263" HPOS="784" VPOS="1233" WIDTH="188" HEIGHT="29" WC="0.91" CONTENT="jernvägsanlägg-"/>
						</TextLine>
						<TextLine ID="line_32" HPOS="244" VPOS="1265" WIDTH="727" HEIGHT="30">
							<String ID="string_264" HPOS="244" VPOS="1266" WIDTH="57" HEIGHT="27" WC="0.96" CONTENT="ning,"/><SP WIDTH="23" VPOS="1266" HPOS="301"/>
							<String ID="string_265" HPOS="324" VPOS="1273" WIDTH="47" HEIGHT="14" WC="0.96" CONTENT="som"/><SP WIDTH="21" VPOS="1273" HPOS="371"/>
							<String ID="string_266" HPOS="392" VPOS="1265" WIDTH="111" HEIGHT="20" WC="0.95" CONTENT="Utskottet"/><SP WIDTH="14" VPOS="1265" HPOS="503"/>
							<String ID="string_267" HPOS="517" VPOS="1266" WIDTH="71" HEIGHT="19" WC="0.95" CONTENT="senast"/><SP WIDTH="14" VPOS="1266" HPOS="588"/>
							<String ID="string_268" HPOS="602" VPOS="1265" WIDTH="51" HEIGHT="20" WC="0.95" CONTENT="fann"/><SP WIDTH="16" VPOS="1265" HPOS="653"/>
							<String ID="string_269" HPOS="669" VPOS="1265" WIDTH="32" HEIGHT="21" WC="0.93" CONTENT="sin"/><SP WIDTH="15" VPOS="1265" HPOS="701"/>
							<String ID="string_270" HPOS="716" VPOS="1266" WIDTH="54" HEIGHT="27" WC="0.93" CONTENT="pligt"/><SP WIDTH="15" VPOS="1266" HPOS="770"/>
							<String ID="string_271" HPOS="785" VPOS="1273" WIDTH="50" HEIGHT="14" WC="0.96" CONTENT="vara"/><SP WIDTH="15" VPOS="1273" HPOS="835"/>
							<String ID="string_272" HPOS="850" VPOS="1269" WIDTH="32" HEIGHT="19" WC="0.93" CONTENT="att"/><SP WIDTH="13" VPOS="1269" HPOS="882"/>
							<String ID="string_273" HPOS="895" VPOS="1267" WIDTH="76" HEIGHT="28" WC="0.91" CONTENT="afstyr-"/>
						</TextLine>
						<TextLine ID="line_33" HPOS="243" VPOS="1297" WIDTH="539" HEIGHT="29">
							<String ID="string_274" HPOS="243" VPOS="1300" WIDTH="28" HEIGHT="21" WC="0.96" CONTENT="ka"/><SP WIDTH="13" VPOS="1300" HPOS="271"/>
							<String ID="string_275" HPOS="284" VPOS="1299" WIDTH="40" HEIGHT="21" WC="0.96" CONTENT="den"/><SP WIDTH="14" VPOS="1299" HPOS="324"/>
							<String ID="string_276" HPOS="338" VPOS="1298" WIDTH="79" HEIGHT="28" WC="0.93" CONTENT="nådiga"/><SP WIDTH="14" VPOS="1298" HPOS="417"/>
							<String ID="string_277" HPOS="431" VPOS="1298" WIDTH="172" HEIGHT="27" WC="0.91" CONTENT="propositionens"/><SP WIDTH="18" VPOS="1298" HPOS="603"/>
							<String ID="string_278" HPOS="621" VPOS="1297" WIDTH="161" HEIGHT="28" WC="0.96" CONTENT="godkännande."/>
						</TextLine>
					</TextBlock>
					<TextBlock ID="block_3" HPOS="243" VPOS="1332" WIDTH="728" HEIGHT="168">
						<TextLine ID="line_34" HPOS="300" VPOS="1332" WIDTH="671" HEIGHT="31">
							<String ID="string_279" HPOS="300" VPOS="1333" WIDTH="41" HEIGHT="22" WC="0.95" CONTENT="Vid"/><SP WIDTH="11" VPOS="1333" HPOS="341"/>
							<String ID="string_280" HPOS="352" VPOS="1333" WIDTH="41" HEIGHT="22" WC="0.95" CONTENT="den"/><SP WIDTH="10" VPOS="1333" HPOS="393"/>
							<String ID="string_281" HPOS="403" VPOS="1332" WIDTH="103" HEIGHT="29" WC="0.96" CONTENT="förnyade"/><SP WIDTH="8" VPOS="1332" HPOS="506"/>
							<String ID="string_282" HPOS="514" VPOS="1332" WIDTH="137" HEIGHT="28" WC="0.96" CONTENT="granskning,"/><SP WIDTH="11" VPOS="1332" HPOS="651"/>
							<String ID="string_283" HPOS="662" VPOS="1339" WIDTH="46" HEIGHT="15" WC="0.96" CONTENT="som"/><SP WIDTH="10" VPOS="1339" HPOS="708"/>
							<String ID="string_284" HPOS="718" VPOS="1333" WIDTH="111" HEIGHT="22" WC="0.96" CONTENT="Utskottet"/><SP WIDTH="6" VPOS="1333" HPOS="829"/>
							<String ID="string_285" HPOS="835" VPOS="1334" WIDTH="67" HEIGHT="29" WC="0.93" CONTENT="enligt"/><SP WIDTH="8" VPOS="1334" HPOS="902"/>
							<String ID="string_286" HPOS="910" VPOS="1336" WIDTH="61" HEIGHT="22" WC="0.91" CONTENT="Stän-"/>
						</TextLine>
						<TextLine ID="line_35" HPOS="245" VPOS="1367" WIDTH="726" HEIGHT="28">
							<String ID="string_287" HPOS="245" VPOS="1368" WIDTH="75" HEIGHT="22" WC="0.91" CONTENT="dernas"/><SP WIDTH="16" VPOS="1368" HPOS="320"/>
							<String ID="string_288" HPOS="336" VPOS="1367" WIDTH="82" HEIGHT="22" WC="0.96" CONTENT="önskan"/><SP WIDTH="14" VPOS="1367" HPOS="418"/>
							<String ID="string_289" HPOS="432" VPOS="1374" WIDTH="30" HEIGHT="14" WC="0.92" CONTENT="nu"/><SP WIDTH="16" VPOS="1374" HPOS="462"/>
							<String ID="string_290" HPOS="478" VPOS="1369" WIDTH="63" HEIGHT="25" WC="0.91" CONTENT="egnat"/><SP WIDTH="15" VPOS="1369" HPOS="541"/>
							<String ID="string_291" HPOS="556" VPOS="1374" WIDTH="81" HEIGHT="14" WC="0.96" CONTENT="samma"/><SP WIDTH="14" VPOS="1374" HPOS="637"/>
							<String ID="string_292" HPOS="651" VPOS="1368" WIDTH="141" HEIGHT="27" WC="0.96" CONTENT="proposition,"/><SP WIDTH="15" VPOS="1368" HPOS="792"/>
							<String ID="string_293" HPOS="807" VPOS="1369" WIDTH="64" HEIGHT="22" WC="0.95" CONTENT="hafva"/><SP WIDTH="7" VPOS="1369" HPOS="871"/>
							<String ID="string_294" HPOS="878" VPOS="1371" WIDTH="93" HEIGHT="22" WC="0.95" CONTENT="nämnda"/>
						</TextLine>
						<TextLine ID="line_36" HPOS="244" VPOS="1401" WIDTH="726" HEIGHT="34">
							<String ID="string_295" HPOS="244" VPOS="1403" WIDTH="47" HEIGHT="21" WC="0.96" CONTENT="skäl"/><SP WIDTH="14" VPOS="1403" HPOS="291"/>
							<String ID="string_296" HPOS="305" VPOS="1403" WIDTH="34" HEIGHT="32" WC="0.96" CONTENT="för"/><SP WIDTH="14" VPOS="1403" HPOS="339"/>
							<String ID="string_297" HPOS="353" VPOS="1401" WIDTH="121" HEIGHT="21" WC="0.96" CONTENT="Utskottets"/><SP WIDTH="15" VPOS="1401" HPOS="474"/>
							<String ID="string_298" HPOS="489" VPOS="1401" WIDTH="69" HEIGHT="21" WC="0.84" CONTENT="flertal"/><SP WIDTH="15" VPOS="1401" HPOS="558"/>
							<String ID="string_299" HPOS="573" VPOS="1402" WIDTH="13" HEIGHT="20" WC="0.92" CONTENT="å"/><SP WIDTH="14" VPOS="1402" HPOS="586"/>
							<String ID="string_300" HPOS="600" VPOS="1409" WIDTH="41" HEIGHT="20" WC="0.93" CONTENT="nyo"/><SP WIDTH="15" VPOS="1409" HPOS="641"/>
							<String ID="string_301" HPOS="656" VPOS="1401" WIDTH="108" HEIGHT="22" WC="0.96" CONTENT="framstått"/><SP WIDTH="12" VPOS="1401" HPOS="764"/>
							<String ID="string_302" HPOS="776" VPOS="1403" WIDTH="7" HEIGHT="21" WC="0.93" CONTENT="i"/><SP WIDTH="15" VPOS="1403" HPOS="783"/>
							<String ID="string_303" HPOS="798" VPOS="1403" WIDTH="43" HEIGHT="22" WC="0.92" CONTENT="allo"/><SP WIDTH="8" VPOS="1403" HPOS="841"/>
							<String ID="string_304" HPOS="849" VPOS="1404" WIDTH="121" HEIGHT="30" WC="0.90" CONTENT="oförsvaga-"/>
						</TextLine>
						<TextLine ID="line_37" HPOS="244" VPOS="1436" WIDTH="726" HEIGHT="30">
							<String ID="string_305" HPOS="244" VPOS="1438" WIDTH="32" HEIGHT="21" WC="0.95" CONTENT="de."/><SP WIDTH="29" VPOS="1438" HPOS="276"/>
							<String ID="string_306" HPOS="305" VPOS="1436" WIDTH="68" HEIGHT="21" WC="0.66" CONTENT="Äfven"/><SP WIDTH="16" VPOS="1436" HPOS="373"/>
							<String ID="string_307" HPOS="389" VPOS="1442" WIDTH="35" HEIGHT="15" WC="0.96" CONTENT="om"/><SP WIDTH="15" VPOS="1442" HPOS="424"/>
							<String ID="string_308" HPOS="439" VPOS="1442" WIDTH="55" HEIGHT="19" WC="0.96" CONTENT="man,"/><SP WIDTH="17" VPOS="1442" HPOS="494"/>
							<String ID="string_309" HPOS="511" VPOS="1436" WIDTH="70" HEIGHT="21" WC="0.96" CONTENT="såsom"/><SP WIDTH="15" VPOS="1436" HPOS="581"/>
							<String ID="string_310" HPOS="596" VPOS="1436" WIDTH="35" HEIGHT="20" WC="0.96" CONTENT="det"/><SP WIDTH="14" VPOS="1436" HPOS="631"/>
							<String ID="string_311" HPOS="645" VPOS="1436" WIDTH="58" HEIGHT="21" WC="0.96" CONTENT="inom"/><SP WIDTH="15" VPOS="1436" HPOS="703"/>
							<String ID="string_312" HPOS="718" VPOS="1436" WIDTH="110" HEIGHT="23" WC="0.93" CONTENT="Utskottet"/><SP WIDTH="14" VPOS="1436" HPOS="828"/>
							<String ID="string_313" HPOS="842" VPOS="1438" WIDTH="79" HEIGHT="28" WC="0.93" CONTENT="yrkats,"/><SP WIDTH="15" VPOS="1438" HPOS="921"/>
							<String ID="string_314" HPOS="936" VPOS="1442" WIDTH="34" HEIGHT="20" WC="0.93" CONTENT="ut-"/>
						</TextLine>
						<TextLine ID="line_38" HPOS="243" VPOS="1470" WIDTH="726" HEIGHT="30">
							<String ID="string_315" HPOS="243" VPOS="1472" WIDTH="62" HEIGHT="28" WC="0.91" CONTENT="ginge"/><SP WIDTH="21" VPOS="1472" HPOS="305"/>
							<String ID="string_316" HPOS="326" VPOS="1470" WIDTH="57" HEIGHT="22" WC="0.96" CONTENT="ifrån"/><SP WIDTH="23" VPOS="1470" HPOS="383"/>
							<String ID="string_317" HPOS="406" VPOS="1470" WIDTH="36" HEIGHT="21" WC="0.96" CONTENT="det"/><SP WIDTH="20" VPOS="1470" HPOS="442"/>
							<String ID="string_318" HPOS="462" VPOS="1470" WIDTH="120" HEIGHT="27" WC="0.96" CONTENT="antagande"/><SP WIDTH="14" VPOS="1470" HPOS="582"/>
							<String ID="string_319" HPOS="596" VPOS="1472" WIDTH="31" HEIGHT="19" WC="0.96" CONTENT="att"/><SP WIDTH="15" VPOS="1472" HPOS="627"/>
							<String ID="string_320" HPOS="642" VPOS="1470" WIDTH="131" HEIGHT="29" WC="0.96" CONTENT="Regeringen"/><SP WIDTH="15" VPOS="1470" HPOS="773"/>
							<String ID="string_321" HPOS="788" VPOS="1472" WIDTH="71" HEIGHT="22" WC="0.96" CONTENT="kunde"/><SP WIDTH="15" VPOS="1472" HPOS="859"/>
							<String ID="string_322" HPOS="874" VPOS="1474" WIDTH="23" HEIGHT="21" WC="0.91" CONTENT="åt"/><SP WIDTH="13" VPOS="1474" HPOS="897"/>
							<String ID="string_323" HPOS="910" VPOS="1474" WIDTH="59" HEIGHT="22" WC="0.91" CONTENT="kom-"/>
						</TextLine>
					</TextBlock>
					<TextBlock ID="block_4" HPOS="311" VPOS="1510" WIDTH="464" HEIGHT="23">
						<TextLine ID="line_39" HPOS="311" VPOS="1510" WIDTH="464" HEIGHT="23">
							<String ID="string_324" HPOS="311" VPOS="1510" WIDTH="72" HEIGHT="23" WC="0.92" CONTENT="Bihang"/><SP WIDTH="11" VPOS="1510" HPOS="383"/>
							<String ID="string_325" HPOS="394" VPOS="1510" WIDTH="28" HEIGHT="17" WC="0.93" CONTENT="till"/><SP WIDTH="12" VPOS="1510" HPOS="422"/>
							<String ID="string_326" HPOS="434" VPOS="1510" WIDTH="140" HEIGHT="22" WC="0.91" CONTENT="Lagutskottets"/><SP WIDTH="12" VPOS="1510" HPOS="574"/>
							<String ID="string_327" HPOS="586" VPOS="1510" WIDTH="116" HEIGHT="18" WC="0.95" CONTENT="betänkande"/><SP WIDTH="12" VPOS="1510" HPOS="702"/>
							<String ID="string_328" HPOS="714" VPOS="1511" WIDTH="33" HEIGHT="17" WC="0.96" CONTENT="N:o"/><SP WIDTH="13" VPOS="1511" HPOS="747"/>
							<String ID="string_329" HPOS="760" VPOS="1512" WIDTH="15" HEIGHT="16" WC="0.95" CONTENT="2."/>
						</TextLine>
					</TextBlock>
				</ComposedBlock>
				<GraphicalElement ID="cblock_2" HPOS="1034" VPOS="1001" WIDTH="10" HEIGHT="708"></GraphicalElement >
			</PrintSpace>
		</Page>
	</Layout>
</alto>
