1023 1703
322 122 20 22 U.
356 123 20 21 B.

432 124 52 28 Prop.
499 124 30 20 N:o
543 124 30 21 20.
767 125 26 21 21

244 185 35 21 kes
298 186 36 21 hos
351 185 135 22 Guvernören
500 186 8 20 i
523 186 56 21 länet
592 186 36 26 för
642 186 70 27 hvarje
727 188 26 20 år
767 187 56 21 inom

244 219 94 21 Januari
351 220 89 20 månads
454 220 79 27 utgång
547 221 34 20 det
589 220 122 26 påföljande
721 221 56 25 året;
788 221 36 20 och

244 254 80 26 åligger
341 254 33 20 det
391 254 134 21 Guvernören
541 256 35 24 att,
592 254 52 25 efter
657 254 129 27 granskning
801 254 24 26 af

245 288 175 26 ansökningarna,
446 288 105 21 desamma
568 288 63 27 jemte
653 290 43 25 eget
717 288 107 21 utlåtande

245 322 46 26 före
309 322 39 21 den
365 324 27 19 15
410 322 142 27 nästföljande
567 322 64 21 Mars
645 322 32 21 till
691 322 89 21 Senaten
790 322 35 26 för

245 356 94 21 Finland
352 356 97 21 insända.

489 413 51 18 Art.
556 413 21 18 V.

329 451 43 21 Om
386 451 94 26 bidrag
494 451 43 20 till
553 450 188 26 fattigvården.

497 499 22 27 $:
536 499 36 20 29.

467 533 140 21 Oförändrad.

500 578 23 28 $:
539 579 33 20 30.

314 612 54 22 Lika
382 613 49 21 med
445 613 11 27 $
468 613 27 21 32
505 614 7 20 i
523 614 40 20 den
574 613 77 27 nädiga
661 614 164 26 propositionen.

490 670 46 17 Art.
549 669 35 18 VL

247 707 43 21 Om
309 707 307 27 fattigvärdssamhälles
631 708 54 19 rätt
699 709 52 20 mot
766 708 60 25 dem,

286 749 52 16 som
354 743 102 26 ätnjuta
471 743 158 27 fattigvärd;
645 743 27 22 sä
687 744 46 21 ock
748 750 38 15 om

485 781 105 26 tiggeri.

486 826 23 28 $:
525 827 32 20 31.

319 860 87 22 Momm.
421 861 56 20 1—3
492 861 44 21 lika
551 861 48 22 med
614 861 11 27 8
641 861 26 22 33
678 868 83 15 momm.
774 863 53 20 1—3

248 897 9 20 i
273 897 40 20 den
329 895 77 28 nädiga
420 896 165 26 propositionen.

318 938 66 22 Mom.
408 939 19 20 4.
458 939 71 21 Skulle
551 939 103 26 arbetsför
671 946 79 19 person
772 939 57 26 öfver

250 973 78 27 femton
346 973 32 27 är,
397 980 45 15 som
459 974 46 20 stär
523 973 66 22 under
608 973 221 28 fattigvärdsstyrelses

250 1006 171 27 husbondevälde,
444 1008 66 25 vägra
531 1009 30 18 att
581 1006 93 27 fullgöra
692 1008 73 26 arbete,
786 1015 43 14 som

249 1041 75 21 honom
339 1040 109 27 föresättes
464 1041 25 26 af
500 1041 98 26 styrelsen
609 1040 48 21 eller
666 1047 77 20 annan,
758 1042 6 20 &
778 1041 51 22 hvil-

250 1075 39 21 ken
311 1074 173 22 husbondeväldet
505 1074 122 27 öfverlätits,
646 1075 48 21 eller
712 1075 57 27 eljest
786 1076 44 21 visa

250 1109 89 26 tredska,
354 1109 114 27 sjelfsväld,
480 1109 149 27 oordentlighet
638 1109 48 21 eller
695 1110 135 27 uppstudsig-

250 1145 33 21 het
298 1144 37 21 och
348 1143 43 22 icke
406 1143 44 21 låta
464 1144 32 26 sig
511 1143 27 27 af
548 1143 111 28 styrelsens
669 1145 88 26 varning
767 1145 62 26 rätta,

251 1179 37 20 må
302 1177 99 28 styrelsen
416 1185 33 14 om
464 1177 141 26 förhållandet
618 1179 52 26 göra
685 1179 100 21 anmälan
795 1179 36 21 hos

254 1213 135 21 Guvernören
406 1213 9 19 i
434 1213 33 20 det
485 1212 96 26 afseende
595 1212 16 27 $
625 1213 32 19 37
671 1213 88 25 förmår.
794 1213 36 21 Vi-

251 1254 37 15 sar
307 1247 58 26 barn,
380 1253 45 15 som
440 1247 23 26 af
478 1247 210 27 fattigvårdsstyrelse
702 1247 69 27 njuter
786 1248 45 26 för-

252 1281 101 28 sörjning,
376 1281 87 26 tredska,
486 1280 109 28 sjelfsvåld
613 1280 48 22 eller
679 1282 152 27 oordentlighet,

252 1317 37 20 må
306 1315 218 27 fattigvårdsstyrelse,
547 1315 4 20 i
569 1315 39 20 den
627 1315 89 27 ordning
731 1315 100 27 legostad-

252 1356 43 19 gan
308 1349 24 25 af
342 1349 39 20 den
391 1349 29 19 30
430 1348 93 20 Januari
532 1348 57 20 1865
598 1347 114 26 medgifver
721 1348 111 26 husbonde,

253 1383 44 21 låta
316 1382 71 21 barnet
406 1388 45 20 aga.
484 1381 79 27 Hvarje
580 1380 117 28 fattighjon,
716 1388 44 15 som
778 1390 54 20 upp-

254 1418 48 20 nått
320 1416 78 27 fjorton
417 1416 37 21 års
469 1416 59 20 ålder
543 1415 36 21 och
594 1416 9 20 i
617 1415 102 27 fattighus
734 1416 48 22 eller
797 1424 35 14 ar-

153 1458 167 17 Ekonomiutskottets
332 1456 102 18 betänkande
447 1456 34 17 N:o
495 1456 15 16 8.
