1034 1709
230 146 14 20 4
513 144 53 22 N:o
583 144 55 22 20.

202 212 189 21 vårdssamhällets
407 213 138 20 medlemmar
556 212 114 26 erfordras,
682 212 64 22 hafva
759 214 59 24 synts
829 212 124 26 lämpligast

202 246 73 21 kunna
289 246 54 27 utgå
358 246 54 22 efter
427 252 81 16 samma
524 246 93 27 grunder
633 253 45 14 som
692 247 70 26 öfriga
772 246 136 21 kommunala
917 247 35 19 ut-

202 280 86 27 skylder
305 281 20 27 ($
340 281 43 27 29).

273 315 42 21 För
331 316 33 20 att
379 315 23 21 ät
416 314 222 28 fattigvärdsstyrelse
653 315 79 21 bereda
748 317 69 19 större
827 314 126 27 myndighet

201 349 59 21 öfver
275 350 211 25 understödstagare,
503 350 45 20 mot
562 349 72 21 hvilka
649 349 128 21 kommunen
792 350 34 20 väl
841 349 40 21 har
895 349 56 27 skyl-

201 384 98 26 digheter
317 390 48 14 men
380 384 50 26 föga
445 384 133 26 rättigheter,
595 386 25 18 är
634 383 117 27 föreslaget
766 384 32 20 att
812 383 139 26 fattigvärds-

201 418 91 26 styrelse
310 418 67 20 borde
395 418 120 20 tillkomma
532 417 157 21 husbonderätt
709 416 59 22 öfver
787 423 25 15 en
829 417 59 26 hvar,
905 423 46 15 som

200 452 24 21 af
240 452 243 26 fattievärdssamhället
500 452 84 26 uppbär
599 452 123 25 understöd,
740 453 55 19 samt
810 451 61 21 äfven
887 451 64 21 mäls-

200 488 106 19 mansrätt
325 486 58 20 öfver
402 486 48 25 den,
470 492 46 14 som
536 486 95 26 ätnjuter
650 485 38 21 full
708 485 39 21 och
762 486 86 26 ständig
862 485 89 27 försörj-

200 521 57 25 ning,
277 520 114 20 hvarutom
409 520 158 20 husbonderätt
584 519 72 21 blifvit
671 520 7 20 i
693 520 67 26 nägra
775 520 67 20 andra
857 520 38 20 fall
910 520 41 20 fat-

200 554 189 27 tigvärdsstyrelse
405 554 116 21 tillerkänd
537 554 21 27 ($
575 554 43 26 33).
645 554 99 20 Rörande
760 554 77 26 tiggeri
853 556 36 18 äro
906 556 45 18 sär-

201 588 70 21 skilda
286 588 133 26 stadganden
435 588 123 26 föreslagna
568 588 7 20 i
586 587 56 27 syfte
657 590 32 18 att
704 588 53 20 söka
772 587 132 21 förekomma
915 588 36 26 dy-

200 622 31 21 lik
250 624 81 24 vanart,
349 622 66 26 jemte
434 622 42 26 det,
496 628 35 15 om
549 622 78 26 tiggeri
643 622 85 21 utöfvas
745 622 70 21 säsom
830 622 53 27 yrke
899 622 52 21 eller

200 657 24 20 af
236 657 53 20 barn
305 656 28 27 pä
347 656 118 26 befallning
479 656 51 21 eller
540 656 50 21 med
600 656 101 21 tillätelse
712 656 23 21 af
744 656 46 26 den,
803 662 45 15 som
859 658 24 19 är
894 657 57 26 skyl-

200 691 36 27 dig
256 692 32 20 att
307 696 34 15 om
358 691 76 21 barnet
454 692 49 25 taga
519 691 59 25 vård,
593 690 65 27 nödig
674 691 142 27 straffpäföljd
831 691 71 21 blifvit
917 693 33 19 ut-

200 726 44 20 satt
259 724 34 28 ($$
309 725 100 27 36—40).
433 725 69 21 Bland
517 725 88 21 straffen
620 725 143 21 förekommer
775 726 71 20 såsom
857 726 36 20 det
904 726 47 20 svä-

200 760 58 20 raste
280 759 134 21 förrättande
432 759 23 21 af
472 760 89 20 allmänt
579 760 81 25 arbete,
675 760 88 26 hvilket,
780 760 27 20 då
822 760 41 21 den
879 760 72 21 dertill

200 794 77 21 dömde
298 794 115 20 förutsatts
435 794 78 26 kunna,
534 794 61 21 äfven
611 794 67 21 under
694 800 26 15 en
735 794 87 22 kortare
837 795 112 26 arbetstid,

199 828 72 21 hemta
286 828 90 27 varning
391 828 23 20 af
428 828 41 21 den
480 828 152 27 undergångna
642 828 173 27 bestraffningen,
826 829 124 27 föreslagits

198 863 34 21 till
248 869 26 15 en
289 863 32 21 tid
336 862 23 22 af
372 863 65 21 minst
457 870 25 14 en
501 864 39 20 och
555 864 64 26 högst
634 870 37 14 sex
686 863 108 22 månader.
824 864 127 22 Kostnaden

198 897 34 21 för
247 897 96 26 tiggares
359 897 18 26 ej
393 897 82 21 mindre
491 898 165 25 hemsändande,
672 900 27 18 än
714 898 143 21 befordrande
871 898 34 21 till
915 905 35 15 ve-

199 931 134 21 derbörande
349 930 122 22 Guvernörs
490 932 136 25 behandling,
642 931 39 21 har
696 933 83 20 ansetts
794 932 54 22 böra
862 932 7 21 i
881 933 69 21 första

198 964 58 21 hand
278 964 110 22 åhvälfvas
412 966 36 20 det
470 965 240 27 fattigvårdssamhälle,
734 966 38 20 der
794 967 98 26 tiggaren
910 967 40 21 har

197 998 149 27 hemortsrätt,
363 1000 88 20 emedan
465 999 244 27 fattigvårdssamhället
718 1000 49 22 med
777 1001 36 26 fog
824 1001 62 21 torde
896 1001 54 21 böra

197 1032 8 21 i
220 1032 72 27 någon
309 1032 50 22 mån
378 1035 63 25 göras
461 1034 111 26 ansvarigt
586 1034 34 20 för
636 1034 46 21 sina
697 1034 148 22 medlemmars
861 1035 89 21 förseel-

197 1072 37 15 ser
256 1066 23 21 af
300 1066 141 22 omförmälda
463 1069 34 19 art
517 1068 38 21 och
574 1069 32 19 ett
624 1070 90 19 motsatt
728 1068 134 22 förhållande
878 1070 72 21 kunde

197 1100 40 21 hos
256 1100 114 21 samhället
389 1101 67 21 alstra
474 1102 121 26 liknöjdhet
612 1102 34 20 för
661 1102 146 27 befrämjande
822 1103 23 21 af
859 1104 91 26 ordning

199 1134 39 21 och
254 1134 146 22 arbetsamhet
414 1135 58 21 inom
489 1136 118 20 detsamma
623 1136 20 26 ($
659 1136 43 28 41).

269 1168 152 26 Stadgandena
439 1174 34 16 om
493 1171 66 20 sättet
577 1170 39 20 och
635 1170 118 27 ordningen
771 1171 34 21 för
819 1172 130 21 underställ-

196 1201 52 27 ning
263 1201 23 21 af
299 1201 246 27 fattigvårdssamhälles
560 1204 78 25 beslut,
656 1204 37 21 der
705 1204 77 22 sådant
793 1206 23 20 är
826 1206 7 20 i
844 1205 106 27 förslaget

196 1235 109 25 påbjudet,
322 1235 110 21 äfvensom
447 1236 34 20 för
492 1237 117 20 anförande
620 1237 22 20 af
650 1238 78 20 besvär
738 1238 39 20 hos
787 1240 162 21 vederbörande

196 1267 119 26 Guvernör,
331 1268 90 21 såframt
436 1269 78 20 besvär
529 1270 18 26 ej
565 1272 23 18 är
604 1270 119 26 sakägaren
738 1270 126 28 förmenadt,
879 1272 69 22 öfver-

196 1302 130 20 ensstämma
343 1301 181 27 hufvudsakligen
543 1304 49 21 med
610 1304 164 22 föreskrifterna
791 1306 76 21 härom
882 1306 7 21 i
905 1307 43 21 för-

197 1335 143 27 ordningarne
355 1336 110 26 angående
480 1336 256 30 kommunalförvaltning
752 1340 33 27 ($$
800 1341 100 27 44—47).

266 1369 12 21 I
293 1370 153 27 sammanhang
461 1372 49 20 med
526 1371 141 23 förenämnda
676 1373 222 30 författningsförslag
908 1376 40 22 har

194 1403 61 22 Hans
273 1404 122 27 Kejserliga
414 1404 103 28 Majestät
536 1406 49 21 låtit
604 1409 98 25 uppgöra
719 1408 82 28 förslag
817 1410 32 21 till
865 1411 82 27 kungö-

193 1438 63 26 relse,
272 1438 110 27 angående
397 1438 100 28 flyttning
512 1440 48 21 från
576 1447 26 15 en
615 1441 127 28 församling
758 1444 34 20 till
806 1450 70 16 annan
890 1448 57 19 samt

194 1478 34 14 om
251 1472 169 22 arbetssökande
442 1474 58 21 inom
524 1474 52 22 eller
594 1477 61 19 utom
673 1476 97 28 Finland,
790 1478 59 22 öfver
863 1479 83 22 hvilket
