1034 1709
289 150 34 26 U.
337 146 32 30 B.
381 155 27 15 «+
419 152 76 29 Prop.
508 152 49 24 N:o
566 153 33 23 11.
757 150 34 22 65

146 217 64 21 Emot
231 217 42 21 den
296 218 24 20 af
337 218 158 21 Sammansatta
508 218 54 28 Lag-
578 218 40 21 och
632 216 187 22 Ekonomiutskot-

79 253 39 19 tets
133 252 107 26 pluralitet
254 252 35 20 vid
304 252 160 27 handläggning
479 253 24 20 af
514 251 80 28 nådiga
609 252 157 27 propositionen
783 256 36 15 an-

78 279 87 28 gående
187 280 120 21 ordnandet
329 282 23 19 af
371 280 193 28 skjutshållningen
587 281 40 20 och
646 280 175 27 gästgifverierna

79 313 117 22 omfattade
218 313 61 28 åsigt,
297 321 35 14 ser
343 315 39 30 jag
397 315 44 26 mig
455 314 121 22 föranlåten
590 320 112 15 reservera
716 313 45 28 mig
775 314 8 19 i
797 312 24 22 så

80 347 72 28 måtto,
176 350 31 19 att
225 349 39 27 jag
285 349 49 21 icke
351 349 83 21 kunnat
449 349 50 22 dela
513 349 27 22 de
555 348 178 28 betänkligheter,
750 347 72 22 hvilka

80 385 80 19 ansetts
176 383 58 27 ligga
249 383 6 20 i
269 385 71 25 vägen
356 383 32 22 för
403 383 125 28 uttagandet
542 385 24 19 af
577 385 68 26 steget
659 383 47 21 fullt
720 385 23 18 ut
756 382 66 21 tillen

79 418 87 25 reform,
191 417 87 22 hvilken
300 418 70 21 skulle
383 418 45 21 helt
443 419 40 21 och
495 417 67 22 :hållet
577 417 73 27 aflyfta
665 416 158 29 skjutshållnin-

80 458 42 21 gen
138 450 46 23 från
198 452 85 27 jorden.
315 453 36 20 Ett
364 453 133 27 fullständigt
510 453 80 28 förslag
605 452 71 21 härtill
690 453 69 20 finnes
767 453 56 20 utar-

80 486 74 22 betadt
168 487 24 21 af
205 487 41 21 den
262 486 25 22 år
301 487 55 21 1865
371 489 24 20 af
406 489 105 25 styrelsen
527 488 97 21 nedsatta
639 487 80 22 komité
734 487 40 22 och
785 487 40 21 har

78 521 69 27 jemte
170 521 68 21 andra
257 522 8 20 i
279 522 92 21 ärendet
380 522 115 21 tillkomna
509 523 128 27 handlingar
651 521 173 22 tillhandahållits

82 556 108 21 utskottet.
221 556 43 21 Det
285 559 24 18 är
331 557 68 27 bygdt
415 555 30 29 på
459 557 110 27 principen
585 557 23 21 af
620 557 160 27 skjutsningens
795 556 29 22 öf-

82 589 126 22 verlätande
230 589 14 22 &
265 591 151 27 entreprenad,
441 592 100 27 antingen
563 592 33 21 för
614 591 75 27 hvarje
701 591 125 27 gästgifveri

82 625 102 20 särskildt
198 625 53 21 eller
265 625 32 22 för
311 625 45 22 helt
369 626 222 27 skjutsningsdistrikt,
608 625 22 21 åt
644 626 42 21 den
698 632 47 15 som
752 624 75 28 ätager

83 660 33 26 sig
135 661 29 19 att
178 659 116 22 verkställa
309 660 128 24 densamma
450 661 34 21 för
498 660 69 27 lägsta
581 660 196 27 skjutspenningen
788 666 40 21 per

84 693 38 22 mil
140 694 39 21 och
195 694 72 21 ställer
282 694 102 27 godkänd
399 695 82 27 borgen
493 695 36 22 för
543 694 125 28 åtagandets
683 694 142 28 fullgörande.

83 728 65 21 Emot
162 728 101 27 förslaget
278 731 30 19 att
323 729 68 21 ordna
405 727 195 30 skjutshållningen
613 729 66 27 enligt
692 729 72 21 denna
772 729 55 27 prin-

84 763 34 27 cip
138 763 43 21 har
203 764 117 25 anmärkts,
338 765 30 20 att
379 764 120 27 skjutslega
513 762 91 23 sålunda
618 763 87 22 komme
720 765 30 20 att
764 763 65 21 blifva

85 797 58 22 olika
164 797 14 22 &
199 800 76 20 nästan
294 799 75 27 hvarje
382 798 125 29 gästgifveri
521 801 55 19 samt
590 798 103 28 möjligen
708 797 29 29 pä
752 805 27 15 en
794 797 35 22 del

85 833 24 20 af
127 833 50 21 dem
192 833 86 28 stegrad
293 833 29 21 till
337 833 83 28 ganska
435 834 56 27 höga
507 833 84 28 belopp.
622 834 79 21 Denna
715 833 116 28 olägenhet

85 867 45 22 kan
153 867 49 22 icke
225 867 113 27 undvikas,
363 870 23 25 ty
408 868 41 21 den
473 871 24 18 är
515 875 28 14 en
559 869 63 26 riktig
637 869 39 20 och
691 868 73 21 rättvis
778 866 52 28 följd

87 901 67 28 deraf,
172 903 30 20 att
216 901 192 28 skjutshållningen
423 901 29 28 på
467 909 26 14 en
509 903 35 20 del
560 904 57 20 orter
630 903 62 20 faller
701 903 35 26 sig
742 900 89 23 svårare

88 936 52 21 eller
155 936 79 27 dyrare
250 939 27 18 än
292 935 30 29 på
336 937 75 21 andra.
432 937 51 22 Men
497 936 29 29 på
541 937 35 21 det
591 938 41 20 sätt
638 935 193 29 skjutshållningen

88 970 66 28 enligt
176 971 111 22 utskottets
302 971 139 22 betänkande
456 971 85 27 ordnas,
558 971 76 22 vinnes
648 971 48 21 icke
711 971 68 22 heller
793 969 37 22 nå-

88 1011 42 22 gon
145 1005 144 28 likformighet
304 1007 23 20 af
339 1006 132 28 skjutslegan
487 1007 40 21 och
539 1005 59 29 långt
610 1006 84 22 mindre
700 1005 74 29 någon
781 1007 50 19 rätt-

88 1040 32 21 vis
135 1039 118 29 ersättning
266 1041 33 21 för
313 1041 237 27 skjutsningsbesväret.
578 1041 72 27 Euligt
664 1041 111 21 utskottets
789 1041 43 21 för-

89 1075 47 27 slag
154 1075 100 22 kommer
267 1075 64 28 legan
346 1077 30 20 att
390 1082 52 15 vara
457 1077 83 20 ömsom
556 1076 12 21 1
584 1075 37 21 mk
635 1075 35 27 20,
687 1075 13 21 1
716 1075 37 21 mk
768 1075 34 27 60,
818 1075 15 20 2

89 1110 39 21 mk
142 1109 54 22 eller
210 1110 13 20 3
238 1111 37 20 mk
289 1111 30 20 20
333 1111 66 27 penni
413 1117 40 21 per
467 1111 121 21 mil
521 1105 14 38 —
547 1111 41 21 och
603 1109 105 22 huruvida
720 1117 27 14 en
759 1116 72 17 resan-

90 1144 28 22 de
140 1145 54 21 skall
215 1145 90 22 komma
327 1147 30 20 att
378 1145 89 28 erlägga
483 1145 41 22 den
540 1145 132 22 sistnämnda
688 1145 101 28 drygaste
803 1144 29 21 le-

90 1186 43 21 gan
152 1180 64 21 beror
230 1180 45 21 helt
289 1181 40 20 och
344 1179 65 24 hållet
424 1181 23 20 af
460 1187 26 14 en
503 1179 76 28 slump,
597 1185 35 16 om
647 1179 65 21 neml.
730 1179 36 21 vid
779 1179 54 21 hans

91 1214 100 21 ankomst
213 1213 29 21 till
263 1215 145 26 gästgifveriet
429 1221 28 14 en
471 1214 93 27 lagligen
581 1213 93 22 uthvilad
690 1212 92 23 hällhäst
795 1214 38 20 fin-

90 1254 40 15 nes
152 1249 30 20 att
204 1247 58 29 tillgå
283 1248 52 21 eller
349 1248 55 21 icke.
434 1248 44 21 Min
494 1247 142 28 öfvertygelse
650 1248 32 26 är,
700 1250 29 19 att
744 1255 35 14 om
794 1247 41 22 ock

91 1281 29 29 pä
134 1281 69 28 några
218 1284 56 19 orter
289 1282 28 21 de
331 1283 64 20 första
411 1281 297 28 entreprenad-auktionerna
720 1281 70 23 skulle
797 1281 37 27 gif-

92 1322 27 15 va
134 1313 30 24 till
178 1315 89 22 resultat
281 1322 27 15 en
324 1315 65 28 nägot
403 1315 56 28 dryg
474 1317 56 26 lega,
548 1315 72 22 denna
630 1318 60 18 snart
697 1322 78 20 genom
782 1315 52 22 kon-

92 1350 120 21 kurrensen
233 1349 54 21 skall
306 1350 89 20 komma
409 1351 30 19 att
452 1349 117 20 nedsättas.
600 1349 155 20 Erfarenheten
770 1349 64 26 visar,

92 1385 30 20 att
136 1389 51 15 man
202 1384 7 19 i
223 1383 118 22 allmänhet
354 1383 8 20 i
376 1382 47 23 värt
437 1383 50 21 land
503 1384 24 20 är
542 1383 83 28 ganska
639 1383 100 27 benägen
748 1384 29 19 ait
785 1383 50 28 hop-

92 1419 31 21 vis
139 1418 62 21 kasta
216 1418 31 27 sig
261 1419 23 20 in
299 1417 29 28 pä
342 1424 27 14 en
385 1417 167 28 affärsbranche,
570 1424 36 15 om
622 1418 50 26 först
688 1424 27 14 en
732 1418 52 20 eller
798 1424 37 14 an-

93 1460 43 15 nan
159 1452 114 28 spekulant
295 1452 68 28 derpä
381 1453 56 27 gjort
451 1452 61 22 vinst.
543 1452 99 28 Böjelsen
656 1454 30 19 att
700 1452 135 27 spekulera
824 1448 15 36 i

158 1510 140 18 Sammansatta
310 1508 49 25 Lag-
372 1510 31 18 och
415 1508 183 20 Bkonomiutskottets
612 1509 115 18 betänkande
742 1508 39 19 Nio
795 1506 19 20 4.
