1045 1706
312 140 22 23 U.
351 140 21 23 B.
388 152 29 4 —
433 141 63 28 Prop.
515 141 38 23 N:o
568 141 20 23 7.
837 142 12 21 3

47 268 141 22 Bondeståndet.

376 272 140 23 Lagutskottets
528 272 182 24 jemkningsförslag.

67 386 45 22 Har
140 386 52 29 god-

48 421 52 22 känt
117 421 74 22 betän-

34 456 85 22 kandet.

252 387 33 21 Då
299 388 33 20 tre
347 386 67 23 Stånd
429 387 8 21 i
446 387 119 23 hufvudsak
575 387 61 27 gillat
645 390 172 20 reservanternes
827 387 43 21 för-

223 421 185 29 fattningsförslag
423 424 55 19 samt
494 422 40 21 den
554 421 24 22 af
594 421 182 29 Borgareståndet
795 421 76 29 gjorda

224 456 131 29 uteslutning
368 464 25 14 ur
410 458 8 19 1
436 457 11 27 $
466 457 24 21 af
506 456 68 29 några
592 456 45 26 ord,
659 456 74 22 hvilka
754 456 117 23 inskränka

223 493 123 26 panträtten
361 491 33 22 till
409 493 32 20 att
459 492 78 27 utgöra
556 491 101 22 säkerhet
675 491 76 22 endast
765 492 34 21 för
814 491 56 29 gäld,

223 533 45 14 som
283 526 23 21 af
316 525 118 28 jernvägen
449 525 83 26 härrör,
548 525 75 26 skulle,
638 525 8 21 i
661 526 107 22 anseende
783 526 33 21 till
833 533 37 20 pa-

222 560 111 28 ragrafens
355 559 69 29 öfriga
446 560 87 28 lydelse,
556 559 104 22 innebära
677 562 31 20 ett
722 560 149 28 medgifvande

223 595 22 21 af
258 594 122 29 inteckning
404 595 60 22 äfven
486 595 7 20 i
514 595 128 28 jernvägens
665 595 81 27 rörliga
768 595 103 26 materiel,

223 629 40 22 och
277 629 84 22 således
376 629 7 21 i
398 629 139 28 lösegendom
558 629 34 22 till
615 629 100 22 säkerhet
737 629 33 22 för
785 629 50 28 gäld
850 630 23 21 af

223 663 54 22 hvad
291 663 149 22 beskaffenhet
453 671 45 14 som
512 663 62 26 helst,
589 663 80 22 hvilket
679 664 18 28 ej
709 665 162 20 öfverensstäm-

223 705 45 15 mer
283 699 48 21 med
346 698 80 22 allmän
440 699 42 28 lag,
497 697 33 22 får
544 698 105 22 utskottet
659 699 109 21 vördsamt
782 697 89 23 föreslå:

359 737 30 16 att
406 734 168 25 Borgareståndet
591 734 46 19 ville
654 737 49 17 utan
721 734 84 25 ändring
824 735 47 24 god-

324 769 66 20 känna
404 769 11 19 4
430 767 16 30 &
461 769 8 19 i
482 772 159 16 reservanternes
654 769 216 26 författningsförslag.

251 801 173 23 Presteständets
439 801 122 23 äterremiss
577 801 80 29 äsyftar
676 801 160 30 förebyggande
851 802 23 22 af

225 838 41 21 den
281 837 88 28 möjliga
383 837 119 28 olägenhet,
525 839 33 19 att
574 837 115 22 intecknad
711 837 84 22 enskild
815 837 58 28 jern-

224 873 45 26 väg,
285 879 46 15 som
345 871 70 23 blifvit
430 872 78 28 anlagd
523 871 13 22 &
550 870 71 29 någon
637 871 50 22 dess
697 879 64 21 egare
777 871 96 30 tillhörig

221 907 155 28 jordlägenhet,
399 906 70 22 kunde
489 906 66 22 blifva
574 906 125 28 inbegripen
721 906 8 22 i
752 907 25 21 de
796 906 31 22 uti
842 907 31 22 lä-

223 942 105 29 genheten
350 948 76 15 senare
444 941 92 22 skeende
554 941 153 28 inteckningar.
736 941 9 21 I
757 941 115 29 anledning

224 978 62 21 häraf
300 977 123 21 hemställes
438 976 117 21 vördsamt:

366 1015 30 18 att
411 1012 111 19 Ständerna
544 1012 57 19 måtte
621 1012 83 23 besluta,
721 1015 28 16 att
769 1012 5 19 1
789 1010 16 29 &
819 1012 55 19 skall

326 1047 77 19 erhälla
416 1046 90 27 följande
522 1047 81 24 tillägg:

360 1077 32 24 Är
412 1081 109 25 inteckning
541 1082 8 18 i
563 1080 85 26 jernväg
664 1081 91 26 beviljad,
768 1081 36 26 får
813 1081 59 25 jern-

326 1115 136 26 vägsomrädet
476 1116 85 26 derefter
576 1115 18 25 ej
609 1114 113 27 inbegripas
739 1115 132 25 iinteekning,

325 1157 40 13 som
385 1150 93 26 öfvergär
493 1150 95 25 lägenhet,
604 1149 105 27 hvarifrån
725 1150 31 19 det
770 1150 101 20 utbrutits.

320 1185 32 25 Ej
373 1185 62 19 heller
455 1185 35 25 får
504 1184 55 25 jord,
573 1184 76 19 hvilken
663 1185 34 26 för
713 1185 122 25 anläggning
851 1184 26 27 af

322 1219 84 26 Jernväg
426 1219 119 26 afsöndrats,
562 1219 97 20 intecknas
672 1219 35 26 för
721 1219 54 25 gäld,
791 1225 40 13 som
851 1219 26 26 af

323 1254 110 25 jernvägen
449 1253 18 25 e
481 1253 79 19 härrör.

254 1288 42 21 För
311 1287 64 28 öfrigt
389 1285 91 23 föreslås
494 1286 117 21 vördsamt:

362 1325 29 18 alt
413 1323 57 25 äfven
494 1321 141 20 Bondeståndet
656 1321 46 21 ville
721 1321 105 25 godkänna
841 1328 32 13 re-

328 1359 135 16 servanternes
485 1355 208 26 författningsförslag
716 1355 34 19 och
774 1355 99 25 inledning

329 1391 73 18 dertill.

135 1470 70 18 Andra
220 1469 83 23 bihanget
318 1469 25 17 till
358 1467 134 24 Lagutskottets
508 1465 112 19 betänkande
635 1465 35 18 N:o
685 1464 20 21 2.
