1031 1706
256 133 30 20 U.
304 133 32 20 B.
353 144 24 3 —
394 133 83 25 Prop.
494 134 48 20 N:o
558 135 25 19 2.
773 136 11 18 7

71 202 47 17 nast
139 200 28 26 på
189 207 24 13 en
237 200 80 26 söndag
339 200 51 20 eller
405 200 110 27 helgedag,
531 208 45 13 men
593 202 35 19 det
643 202 93 20 hvarken
752 203 5 18 i
775 203 38 19 den

72 234 118 26 föreslagna
204 234 108 26 lagtexten
329 234 51 20 eller
394 234 35 20 i?
445 238 9 20 $
471 236 10 19 7
498 235 47 25 kap.
562 235 24 20 G.
603 236 22 19 B.
641 236 65 20 finnes
717 236 98 26 stadgadt

70 270 30 17 att
122 268 110 26 lysningen
256 268 61 19 äfven
341 268 5 18 i
368 268 129 20 sistnämnda
519 268 37 20 fall
579 269 37 19 bör
631 270 37 18 ske
683 271 31 18 tre
729 270 85 25 gånger,

70 301 51 20 eller
136 302 68 19 såsom
221 301 90 26 brukligt
327 302 53 18 varit
395 301 103 21 afkunnas
514 302 83 24 ”första,
613 303 65 19 andra
693 303 39 20 och
748 303 67 25 tredje

71 335 100 26 gången”.
203 335 39 20 Väl
259 335 68 26 hyllar
342 336 146 26 Lagutskottet
504 336 39 20 den
559 337 60 25 åsigt,
635 338 30 18 att
686 337 6 19 2
712 339 9 21 $
738 337 11 19 7
767 336 47 26 kap.

70 369 23 20 G.
109 370 23 20 B.
148 370 61 19 äfven
228 369 52 20 efter
296 370 128 20 tillkomsten
440 370 24 19 af
479 371 51 19 1869
548 371 31 19 års
595 370 115 27 Kyrkolag,
725 371 88 19 likasom

70 404 150 24 dessförinnan,
236 404 38 20 bör
290 404 68 20 tolkas
374 404 5 19 i
396 404 205 20 öfverensstämmele
612 404 47 20 med
673 405 22 19 18
707 406 10 22 $
731 405 22 19 15
765 404 47 26 kap.

70 438 5 18 i
92 438 54 19 1686
163 438 32 18 års
210 437 116 27 Kyrkolag,
343 438 35 19 der
394 438 35 20 det
443 438 6 18 i
466 437 58 27 fråga
539 445 33 13 om
585 438 34 19 det
634 438 43 26 fall,
689 439 27 19 då
731 438 83 26 lysning

70 471 103 20 afkunnas
189 471 102 20 ”allenast
306 472 27 25 pä
349 478 24 12 en
389 472 80 25 söndag
485 472 50 19 eller
545 472 123 26 helgedag”,
679 475 23 16 är
713 472 61 25 sagdt
785 474 30 17 att

70 505 54 20 alla
137 508 31 17 tre
176 505 148 27 lysningarne”
340 506 60 19 skola
411 506 48 19 ”ske
470 506 27 25 pä
508 512 25 13 en
544 506 74 26 gång”,
627 506 81 20 hvilket
719 506 60 19 äfven
791 508 22 17 är

70 540 73 26 nödigt
159 539 31 19 till
205 539 152 20 underrättelse
379 540 33 19 för
430 539 140 20 allmänheten
587 540 77 25 derom,
681 542 30 17 att
726 539 87 20 fortsatt

70 574 84 25 lysning
168 574 7 18 i
192 573 68 25 dylikt
274 573 36 19 fall
327 574 18 24 ej
362 573 93 20 kommer
477 575 30 17 att
522 580 40 20 ega
577 580 50 13 rum.
658 574 47 19 Men
721 574 26 19 dä
762 573 45 19 här-

70 614 34 13 om
119 608 52 19 intet
186 607 66 20 finnes
267 607 99 26 stadgadt
380 608 6 18 i
402 607 75 26 sjelfva
492 608 12 19 2
520 610 10 22 $
546 609 10 18 7
574 608 48 25 kap.
641 608 22 19 G.
680 608 23 20 B.
715 609 54 18 samt
778 608 34 19 det

70 641 6 19 i
92 641 116 20 allmänhet
228 642 64 19 mäste
316 648 60 13 anses
392 648 51 13 vara
460 648 25 13 en
511 641 118 27 olägenhet,
646 643 29 18 att
690 643 54 17 rätta
760 641 52 20 tolk-

72 676 75 25 ningen
164 675 22 20 af
200 682 24 14 en
240 676 36 25 lag
291 676 18 25 ej
326 675 92 27 framgär
434 682 23 12 ur
473 676 46 20 dess
536 678 47 23 eget
593 676 101 23 innehäll,
703 677 49 18 utan
762 676 52 20 blott

72 711 42 19 kan
130 710 66 19 finnas
212 710 34 20 vid
253 710 121 26 jemförelse
383 710 47 19 med
439 709 59 20 äldre
507 710 65 26 lagar,
581 710 38 19 har
627 710 151 26 Lagutskottet,
788 709 26 26 pä

73 744 61 20 dessa
156 743 46 20 skäl
218 744 39 19 och
273 743 31 19 till
321 743 136 26 aflägsnande
473 743 20 20 af
508 750 48 19 nyss
572 744 109 19 anmärkta
697 743 118 25 otydlighet

73 779 6 18 i
95 778 40 19 den
151 784 27 12 nu
194 777 121 25 föreslagna
331 784 42 18 nya
387 777 114 26 lagtexten,
517 779 50 18 trott
582 778 31 25 sig
630 778 49 19 böra
694 777 83 25 föreslä,
786 779 30 17 att

74 812 34 20 det
131 812 37 19 der
182 812 7 18 i
204 811 66 20 första
293 813 114 18 momentet
429 811 23 19 af
466 811 64 20 första
545 812 83 25 stycket
643 810 171 21 förekommande

74 846 59 20 ordet
148 844 92 22 allenast
263 846 64 19 måtte
345 846 50 25 utgå
409 845 39 19 och
469 847 88 18 ersättas
573 846 46 19 med
635 845 64 20 orden
716 847 31 18 tre
762 845 53 27 gån-

73 886 44 21 ger.

139 914 72 26 Några
225 914 7 18 i
248 914 40 19 den
304 914 67 19 finska
386 913 137 20 redaktionen
539 913 23 20 af
578 914 40 19 den
637 914 119 26 föreslagna
771 914 42 25 lag-

75 951 70 17 texten
172 948 172 20 förekommande
367 948 120 26 oegentliga
503 948 83 26 uttryck
602 948 37 19 har
655 948 106 20 Utskottet
776 948 39 19 till-

75 983 46 19 låtit
135 983 31 25 sig
182 984 30 17 att
228 982 71 19 ändra.

142 1016 40 20 För
206 1016 62 25 öfrigt
284 1016 37 19 har
336 1016 146 26 Lagutskottet
497 1017 18 25 ej
532 1016 45 20 haft
592 1018 31 18 att
638 1016 100 20 anmärka
753 1016 64 26 något

73 1051 55 18 emot
150 1050 167 25 propositionens
341 1050 98 24 innehåll,
465 1050 96 19 hvarföre
586 1050 106 19 Utskottet
708 1050 31 19 får
756 1050 60 19 vörd-

74 1085 54 18 samt
142 1083 88 20 föreslå:

208 1118 33 18 att
256 1117 84 20 landets
357 1116 118 27 höglofliga
491 1117 94 20 Ständer
600 1116 49 20 ville
664 1117 8 19 i
687 1117 39 20 sitt
741 1116 77 21 under-

170 1150 81 27 dåniga
266 1157 50 14 svar
332 1151 13 19 å
361 1150 39 21 den
417 1151 81 25 nådiga
510 1151 164 26 propositionen
683 1150 94 25 anmäla,
787 1153 32 18 att

172 1184 124 20 Ständerna
311 1184 46 20 med
372 1191 25 14 en
413 1185 94 26 ändring
522 1184 96 27 godkänt
633 1180 122 36 densamma,
765 1187 54 18 samt

166 1218 41 27 för
222 1219 34 20 sin
272 1218 34 20 del
316 1218 104 27 faststält
430 1218 103 27 följande
544 1218 139 27 förändrade
700 1217 78 28 lydelse
794 1218 30 27 af

170 1252 72 26 3$7
256 1251 42 28 kap
315 1251 26 20 G.
358 1253 35 19 B:

215 1285 43 21 Vill
280 1292 50 14 man
344 1286 43 26 jäf
397 1287 54 26 göra
467 1288 53 18 emot
535 1285 124 27 äktenskap,
676 1286 13 19 å
704 1285 49 20 sina
769 1285 51 20 eller

172 1326 84 14 annans
279 1321 89 24 vägnar,
391 1319 60 27 gifve
466 1319 34 20 det
515 1319 154 27 Kyrkoherden
685 1319 109 20 tillkänna
811 1320 8 19 i

172 1355 72 18 tvenne
259 1352 93 19 vittnens
367 1354 92 17 närvaro
473 1353 50 23 förr
537 1353 28 18 än
583 1352 67 26 tredje
660 1351 109 26 söndagen
779 1352 42 27 lyst

173 1385 77 26 blifvit,
265 1392 53 17 men,
334 1385 28 20 då
378 1385 86 26 lysning
479 1384 48 21 sker
543 1387 31 17 tre
593 1385 81 26 gånger
686 1385 31 26 på
733 1391 25 14 en
773 1387 48 18 sön-

172 1420 43 27 dag
238 1419 52 21 eller
304 1418 110 28 helgedag,
430 1419 57 20 inom
503 1419 35 19 två
553 1418 70 27 dagar
638 1418 106 27 derefter;
759 1419 62 20 ställe

146 1459 136 23 Lagutskottets
296 1458 111 18 betänkande
418 1463 29 12 n:o
459 1459 16 17 1.
