1036 1703
389 133 55 22 N:o
460 133 48 27 11,
774 135 24 20 11

79 195 96 26 valtning
197 195 29 27 pä
248 195 73 22 landet
340 195 22 22 af
380 196 42 21 den
438 197 12 20 6
465 189 109 29 Februari
586 197 60 26 1865,
662 197 33 21 för
710 197 48 22 äret
772 197 58 21 inom

77 229 75 27 hvarje
167 229 101 22 kommun
283 230 92 21 tillsatta
390 231 189 26 taxeringsnämnd
591 233 103 24 upprätta
704 231 82 26 förslag
797 231 33 21 till

78 263 27 21 de
120 263 6 20 i
143 263 12 28 6
172 264 9 20 1
198 269 62 16 mom.
276 265 14 19 2
305 265 109 26 upptagne
424 264 246 28 skjutsningsskyldiges
682 265 98 26 taxering
791 265 39 21 och

79 297 156 26 uppskattning
250 297 8 21 i
273 297 87 26 mantal,
383 297 55 22 efter
458 299 26 20 de
499 299 7 20 i
520 298 92 22 nämnde
631 299 126 26 förordning
772 299 58 21 stad-

77 331 56 27 gade
147 331 100 26 grunder,
263 331 82 21 hvilket
359 331 81 27 förslag
456 333 66 20 sedan
538 333 145 21 underställes
697 333 134 21 kommunal-

80 366 117 20 stämmans
212 364 108 28 pröfning.
349 364 63 22 Hvad
428 365 231 23 kommunalstämman
669 367 93 21 rörande
772 373 59 15 man-

80 399 166 27 talssättningen
262 399 90 21 beslutit
367 400 55 20 skall
433 400 94 22 derefter
537 400 33 22 till
581 400 151 22 Guvernörens
743 401 89 27 slutliga

79 433 118 27 afgörande
212 433 133 27 hänskjutas.

150 468 44 21 Det
215 468 88 26 mantal,
323 474 45 16 som
384 468 90 22 sälunda
490 469 81 22 äsättes
587 470 123 27 skattlagda
726 472 50 25 torp
792 470 40 21 och

80 502 104 28 utjordar,
208 502 112 22 förblifver
342 503 66 22 sedan
427 503 140 22 oförändradt
591 504 105 27 gällande,
720 504 112 22 hvaremot

79 537 218 27 mantalssättningen
311 538 14 20 &
339 538 61 25 bruk,
424 538 101 27 fabriker,
549 538 70 27 sägar,
637 539 193 27 tullmjölgvarnar,

81 571 193 27 Olbryggerier
240 567 35 37 och
282 572 273 22 bränvinsbrännerier
514 567 35 37 bör
562 573 63 21 hvart
633 572 65 22 femte
705 573 24 21 är
737 573 94 27 förnyas.

138 606 10 21 I
163 606 80 21 manta!
260 608 44 20 satt
311 606 50 27 jord
369 606 97 28 deltager
474 607 7 21 i
489 607 281 27 hällskjutsningsbesväret
778 608 54 21 efter

80 641 49 21 dess
152 647 76 20 genom
250 640 157 28 uppskattning
430 642 52 21 eller
505 642 128 27 förmedling
656 642 112 21 tillkomna
791 648 41 21 nya

81 675 86 21 mantal.

434 710 12 26 S
462 711 18 19 4

155 749 83 27 Skjuts-
258 750 40 21 och
316 749 250 28 gästgifverihällningen
582 750 39 21 bör
636 750 126 22 hädanefter
777 750 56 22 före-

80 784 108 22 trädesvis
204 791 76 20 genom
296 784 143 27 entreprenad
455 784 134 27 verkställas,
606 785 37 21 och
661 784 42 22 kan
719 785 67 21 sädan
801 786 33 20 in-

80 819 59 21 föras
155 819 101 27 antingen
268 819 12 21 ä
291 819 100 27 samtliga
406 819 151 27 gästgifverier
571 820 58 20 inom
641 820 129 27 skjutslaget
781 820 53 21 eller

83 854 40 21 ock
139 854 12 21 å
167 855 31 19 ett
220 854 52 21 eller
295 853 53 21 flera
370 854 24 20 af
415 854 53 20 dem.
500 854 10 20 I
525 854 55 27 följd
595 854 64 21 häraf
673 854 54 21 skall
743 854 91 22 nämnde

81 888 84 26 besvär,
181 888 7 21 i
204 888 41 21 den
268 888 91 26 ordning
374 888 12 27 $
403 889 11 20 7
432 890 68 25 säger,
518 888 103 27 utbjudas
636 888 23 22 ät
674 888 98 22 enskilda
786 895 48 20 per-

83 928 63 15 soner
162 922 52 21 eller
229 922 71 26 bolag,
317 928 45 15 som
378 922 23 21 af
415 922 90 28 behörig
519 928 79 21 person
614 922 127 26 företrädes,
757 923 36 20 vid
804 923 31 21 of-

81 956 78 27 fentlig
181 957 89 21 auktion
290 957 38 21 och
344 958 58 19 emot
416 956 136 27 fullgörande
567 957 24 21 af
605 957 25 21 de
646 956 75 27 vilkor,
738 963 46 15 som
799 957 37 21 vid

81 991 118 21 auktionen
214 991 7 20 i
237 991 95 26 enlighet
346 990 49 21 med
411 991 69 20 denna
495 990 127 27 författning
637 991 137 21 bestämmas.
798 991 38 21 Sä-

83 1025 34 21 väl
137 1027 146 25 entreprenör,
304 1031 45 15 som
369 1025 40 21 den
425 1031 85 21 person,
526 1025 87 22 hvilken
629 1025 120 22 företräder
764 1025 71 26 bolag,

84 1059 55 22 skall
155 1065 52 16 vara
222 1059 56 21 finsk
293 1059 148 27 medborgare.

156 1094 44 21 Der
208 1093 162 27 skjutsningens
381 1093 164 22 handhafvande
554 1093 18 27 ej
581 1093 43 22 kan
632 1094 90 21 medelst
728 1096 109 24 entrepre-

83 1129 43 20 nad
149 1128 163 26 ävägabringas,
336 1127 96 22 hvarken
451 1127 13 21 å
483 1128 100 27 samtliga
605 1128 151 27 gästgifverier
779 1128 57 21 inom

84 1162 129 27 skjutslaget
232 1162 142 26 fullständigt,
391 1162 56 21 eller
462 1162 13 21 &
490 1164 31 19 ett
537 1162 52 21 eller
604 1161 53 22 flera
672 1162 23 21 af
709 1162 55 26 dem,
781 1162 56 21 skall

85 1197 124 21 densamma
224 1196 23 21 af
261 1197 27 20 de
304 1196 233 27 skjutsningsskyldige
553 1196 132 27 ombesörjas
700 1202 76 21 genom
787 1202 50 15 van-

84 1231 30 26 lig
137 1230 116 27 hällskjuts
276 1232 55 19 samt
351 1229 76 27 frågan
443 1236 34 15 om
493 1229 178 27 entreprenaders
686 1230 124 21 inrättande
826 1230 11 21 å

84 1265 65 21 dessa
171 1264 151 27 gästgifverier
343 1265 51 22 bero
419 1264 45 21 tills
484 1264 70 27 någon
572 1264 34 21 del
622 1263 23 22 af
662 1264 129 27 skjutslaget
810 1265 28 20 el-

85 1299 32 21 ler
133 1298 139 21 Guvernören
288 1297 68 22 sådan
370 1297 62 27 fråga
448 1298 46 21 åter
509 1297 83 22 väcker.

158 1328 30 24 Är
211 1332 142 27 entreprenad
375 1333 77 20 endast
472 1333 35 19 vid
523 1339 26 13 en
565 1332 34 20 del
615 1332 151 26 gästgifverier
781 1333 58 20 inom

86 1366 130 27 skjutslaget
230 1365 102 26 inrättad,
348 1365 55 21 skall
419 1365 59 21 såväl
487 1365 247 26 entreprenadsumman,
744 1371 46 16 som
799 1366 41 21 den

87 1401 129 28 skjutsning,
235 1400 86 21 hvilken
341 1399 133 22 omedelbart
494 1401 93 25 utgöres,
604 1399 53 22 hvar
672 1399 33 22 för
721 1400 33 27 sig
768 1399 72 22 förde-

88 1436 33 21 las
137 1435 13 22 å
165 1435 43 22 alla
230 1435 48 21 dem
294 1435 56 21 inom
366 1434 137 29 skjutslaget,
519 1434 72 21 hvilka
607 1435 6 20 i
630 1434 211 28 skjutsningsbesvä-

87 1473 34 20 ret
136 1470 92 27 deltaga.
