1034 1706
316 132 62 23 Stånd.
394 133 32 22 Sv.
440 146 29 4 —
482 133 54 29 Prop.
550 134 33 21 N:o
599 133 31 23 41.

302 418 127 26 Finlands
446 418 131 26 Ständers
593 417 183 34 underdåniga
787 426 64 19 svar

233 459 7 24 i
261 459 114 31 anledning
395 459 25 26 af
438 459 67 26 Hans
527 459 159 32 Kejserliga
707 459 144 32 Majestäts

232 498 79 32 nådiga
325 499 139 32 proposition,
482 499 110 32 angående
605 499 117 26 ordnandet
733 500 26 24 af
768 500 83 31 skjuts-

233 538 122 33 hållningen
370 539 38 25 och
426 540 192 31 gästgifverierna.

154 618 227 28 Stormäktigste,
402 619 199 28 Allernådigste
619 619 112 28 Kejsare
747 619 48 22 och

396 659 159 22 Storfurste!

168 711 70 22 Sedan
257 710 102 22 Finlands
378 711 24 21 år
418 711 54 22 1867
488 711 33 21 till
535 711 102 28 landtdag
651 710 126 23 församlade
792 711 61 22 Stän-

100 746 38 21 der
152 745 36 21 vid
204 745 127 27 behandling
348 745 22 21 af
387 745 85 22 Eders
490 745 151 27 Kejserliga
657 745 143 28 Majestäts
818 746 37 21 nä-

100 779 48 28 diga
169 779 137 28 proposition,
329 779 149 28 innefattande,
500 779 65 22 bland
585 781 70 26 annat,
675 779 78 28 förslag
767 779 33 22 till
813 779 42 23 för-

100 813 90 28 ordning
212 814 109 27 angäende
343 813 188 28 skjutshällningen
551 814 39 22 och
610 813 177 28 gästgifverierna,
807 814 47 22 icke

100 849 82 21 kunnat
195 847 74 23 förena
283 848 32 27 sig
330 854 34 15 om
378 849 132 26 gemensamt
525 848 70 21 beslut
608 848 32 21 uti
654 848 56 21 vissa
723 848 8 21 i
746 848 41 22 den
801 848 55 22 före-

100 882 73 27 slagna
188 881 150 28 författningen
352 881 91 23 berörda
457 881 180 28 privilegiifrägor,
653 881 39 23 och
705 882 86 22 Eders
802 883 54 21 Ma-

97 917 87 26 jestät
201 915 55 28 förty
278 915 103 22 förklarat
398 916 92 21 nämnda
509 915 200 28 lagstiftningsfräga
723 916 86 22 komma
824 918 32 20 att

100 950 90 27 förfalla,
212 950 39 21 har
272 950 85 21 Eders
379 949 141 28 Majestät,
540 951 49 21 med
608 950 113 27 anledning
739 950 22 22 af
773 951 83 21 Bonde-

101 985 96 21 ständets
211 984 8 21 i
234 990 26 15 en
281 984 36 21 vid
340 985 54 20 1872
414 985 35 20 års
467 983 102 28 landtdag
583 983 33 23 till
630 984 83 22 Eders
727 985 130 26 Majestät

101 1018 92 27 ingifven
208 1017 90 28 petition
312 1017 124 23 framstälda
452 1017 106 27 anhällan,
569 1020 33 20 att
611 1017 79 28 förslag
699 1018 8 21 i
716 1020 72 20 ämnet
801 1019 56 27 änyo

101 1052 69 22 blefve
185 1052 123 22 utarbetadt
324 1051 39 22 och
378 1052 120 22 Ständerna
511 1052 36 21 vid
559 1053 61 21 deras
630 1054 61 20 nästa
701 1053 156 22 sammanträde

101 1086 112 28 förelagdt,
228 1086 48 22 låtit
290 1088 96 25 uppgöra
398 1087 39 21 och
447 1086 35 22 vid
492 1086 141 22 innevarande
643 1086 101 27 landtdag
753 1086 34 22 till
796 1087 63 22 Stän-

103 1121 66 22 derna
191 1120 137 23 öfverlemnat
347 1121 63 27 nådig
429 1121 137 27 proposition,
582 1121 108 27 angående
705 1121 118 22 ordnandet
838 1121 23 22 af

102 1155 190 27 skjutshållningen
307 1155 40 22 och
361 1155 178 27 gästgifverierna.

172 1190 10 21 I
204 1189 67 22 likhet
293 1190 48 21 med
360 1189 56 22 hvad
436 1190 118 21 Ständerna
573 1189 67 22 redan
653 1189 8 21 i
676 1189 37 22 sitt
727 1195 49 16 svar
789 1190 14 21 å
818 1189 41 22 den

103 1223 78 27 nådiga
202 1223 159 27 propositionen
379 1223 35 21 till
434 1224 54 22 1867
507 1224 35 21 års
556 1223 102 27 landtdag
672 1223 121 28 framhållit,
809 1230 50 16 anse

103 1258 121 22 Ständerna
237 1257 136 28 fortfarande,
389 1259 32 20 att
432 1257 201 28 jordlägenheterna
647 1257 66 22 borde
727 1257 48 22 från
784 1257 75 27 skjuts-

103 1291 161 28 ningsbesväret
284 1291 78 21 befrias
383 1291 39 21 och
441 1292 119 21 kostnaden
575 1291 32 21 för
621 1291 189 27 skjutshållningen
823 1292 38 26 på-

104 1326 74 25 läggas
192 1324 96 22 trafiken.
312 1325 83 21 Eders
410 1325 126 26 Majestät
550 1325 40 21 har
603 1325 35 21 väl
651 1325 48 21 icke
713 1331 30 15 nu
753 1325 108 26 föreslagit

105 1359 120 22 Ständerna
239 1364 27 15 en
280 1358 66 22 sådan
360 1358 82 27 lösning
458 1357 22 22 af
492 1357 81 28 frågan,
589 1358 39 21 och
638 1357 119 23 Ständerna
767 1358 94 22 erkänna

106 1393 66 26 äfven,
189 1394 32 20 att
235 1392 59 22 tiden
308 1391 33 22 för
356 1398 26 16 en
398 1392 57 27 dylik
470 1392 117 27 anordning
600 1392 105 22 måhända
715 1395 56 19 ännu
781 1392 18 28 ej
810 1398 51 16 vore

106 1427 123 24 förhanden.
260 1427 10 22 I
290 1427 76 28 antydt
380 1426 54 29 syfte
449 1427 70 21 kunde
534 1426 34 23 väl
582 1426 33 22 för
630 1427 35 22 det
679 1427 132 22 närvarande
826 1433 37 15 an-

106 1463 49 23 litas
176 1462 41 22 den
231 1463 71 26 utväg,
318 1462 32 21 att
364 1461 98 23 öfverallt
477 1461 102 22 öfverlåta
593 1461 145 28 skjutsningen
752 1462 24 27 på
790 1463 73 46 entre
