1034 1709
257 153 12 19 4
442 152 32 20 U.
490 152 34 20 B.
539 162 28 4 —
582 151 85 25 Prop.
683 150 50 21 N:o
747 152 29 19 2.

229 226 23 13 ur
268 219 125 26 stadgandet
408 220 6 18 i
432 219 24 19 12
479 221 9 21 $
507 220 12 19 2
540 219 47 25 kap.
603 218 24 20 G.
644 218 23 19 B.
683 224 34 13 om
732 218 61 19 straff
805 218 32 20 för
851 219 63 24 prest,
930 224 43 13 som

229 254 59 26 viger
304 254 53 25 dem,
380 252 72 20 hvilka
475 254 17 25 ej
516 252 21 20 få
560 252 69 27 bygga
652 252 115 26 äktenskap
787 252 47 20 med
849 251 125 20 hvarandra.

228 288 72 26 Enligt
316 288 54 19 hvad
392 287 145 20 erfarenheten
553 286 60 27 gifvit
627 286 35 19 vid
678 286 89 24 handen,
784 286 76 20 saknas
876 287 17 25 ej
910 286 65 20 heller

230 322 95 26 exempel
349 322 71 26 derpå,
436 323 30 18 att
481 323 29 18 ett
526 322 60 26 eljest
601 320 124 27 opåkalladt
740 321 98 25 uppehåll
853 321 7 19 i
876 320 99 20 afslutan-

230 356 35 20 det
281 356 23 20 af
322 356 115 26 äktenskap
461 356 53 20 måst
537 358 60 24 göras
619 354 54 20 blott
688 354 88 26 derföre,
792 356 30 18 att
835 354 32 26 jäf
882 355 94 19 deremot

230 391 64 25 gjorts
317 390 23 19 af
359 390 69 26 någon
444 396 83 19 person,
545 389 85 19 hvilken
647 388 104 27 begagnat
766 388 72 27 lagens
854 388 122 20 nuvarande

230 424 146 20 obestämdhet
398 424 67 19 såsom
482 426 28 17 ett
526 423 68 20 medel
610 424 31 18 att
656 423 152 19 tillfredsställa
823 423 36 19 sitt
874 423 37 19 hat
926 422 51 20 eller

230 458 30 20 sin
277 458 171 26 hämndlystnad.

299 492 70 20 Också
391 492 40 20 den
454 499 42 19 nya
519 492 86 26 lydelse,
623 498 43 13 som
681 492 7 18 i
705 492 39 19 den
760 492 77 26 nådiga
852 491 123 27 propositio-

230 532 40 14 nen
286 529 23 16 är
331 526 117 26 föreslagen
469 528 30 17 att
514 526 67 26 gifvas
597 526 21 19 åt
633 526 6 18 i
655 526 60 25 fråga
729 526 93 19 varande
837 525 88 27 lagrum,
941 531 34 14 an-

231 566 32 14 ser
284 560 147 26 Lagutskottet
453 560 31 26 sig
508 560 50 20 böra
582 559 83 20 förorda
684 559 47 20 med
746 560 40 19 den
802 559 124 27 obetydliga
941 562 35 17 än-

231 594 59 26 dring
306 594 65 25 deraf,
387 600 43 13 som
446 593 73 27 längre
534 593 52 20 fram
602 593 138 20 omförmäles.

297 628 41 18 Väl
353 628 38 19 har
405 628 56 19 inom
481 628 108 19 Utskottet
604 627 61 20 äfven
681 628 39 19 den
737 628 54 25 åsigt
807 627 68 20 blifvit
890 627 87 25 uttalad,

230 663 30 18 att
276 662 46 19 med
346 661 65 26 vigsel
436 661 63 20 borde
523 662 59 19 anstå
597 661 54 19 intill
668 662 45 19 dess
730 663 30 18 att
775 662 38 19 hos
828 661 147 26 kyrkoherden

230 696 46 20 med
293 695 95 26 behörigt
406 695 57 20 bevis
480 696 69 19 blifvit
564 695 74 26 styrkt,
655 697 29 17 att
697 694 68 27 jäfvet
780 696 18 25 ej
814 695 95 26 fullföljts
926 695 50 20 eller

230 731 30 18 att
276 730 35 19 det
327 729 111 20 förkastats
454 736 75 18 genom
545 729 75 26 utslag,
636 735 43 13 som
695 730 74 18 vunnit
784 729 48 25 laga
847 729 62 25 kraft,
923 731 54 18 samt

230 765 29 18 att
282 762 130 21 fördenskull
434 764 22 18 åt
471 764 11 18 3
506 766 9 21 $
539 764 10 19 7
573 763 48 25 kap.
645 762 23 20 G.
691 763 24 19 B.
739 763 64 20 borde
819 763 66 27 gifvas
901 769 26 14 en
943 763 31 19 så-

230 797 40 20 dan
286 796 88 26 lydelse,
390 803 44 13 som
450 804 50 12 vore
516 796 85 20 härmed
618 796 226 21 öfverensstämmande
860 797 39 20 och
911 797 66 26 enligt

229 832 85 19 hvilken
338 832 36 19 det
396 831 68 20 blefve
487 833 29 18 ett
536 832 113 25 åliggande
664 831 32 19 för
710 832 131 25 fästehjonen
857 833 31 18 att
903 832 73 26 sjelfva

229 865 123 20 införskaffa
369 866 110 25 utredning
495 866 76 24 derom,
589 867 30 17 att
634 865 100 25 den,som
750 866 55 25 gjort
815 866 74 26 jäfvet,
901 866 18 26 ej
929 865 46 20 full-

229 900 47 26 följt
292 899 121 20 detsamma.
451 899 73 20 Såsom
539 899 46 20 stöd
601 900 32 19 för
649 899 69 20 denna
734 900 54 25 åsigt
803 900 37 19 har
856 900 69 20 blifvit
941 906 34 14 an-

229 932 62 25 fördt,
317 935 30 17 att
371 932 135 26 olägenheter
531 933 38 20 och
591 932 155 27 förvecklingar
769 933 70 20 kunde
855 934 121 19 framkallas

230 966 64 24 deraf,
307 968 30 18 att
353 966 65 26 vigsel
433 967 83 20 komme
532 969 30 18 att
577 967 91 25 grundas
683 968 28 24 på
726 967 39 19 den
779 968 111 25 jäfvadens
906 968 69 20 urakt-

228 1000 94 20 låtenhet
345 1002 30 18 att
397 1001 57 19 inom
470 1001 40 20 viss
527 1001 29 19 tid
573 1001 30 19 till
619 1001 148 25 kyrkoherden
783 1002 92 19 inlemna
891 1002 39 20 den
947 1004 30 18 ut-

230 1034 94 26 redning,
347 1040 44 13 som
410 1034 42 20 han
472 1035 65 26 enligt
556 1034 156 26 propositionen
729 1042 49 12 vore
794 1035 85 27 skyldig
895 1038 30 18 att
941 1043 34 12 an-

230 1068 72 20 skaffa.
341 1068 41 19 Det
402 1068 78 24 kunde,
504 1068 63 21 bland
587 1070 70 24 annat,
673 1069 90 25 inträffa,
779 1071 30 17 att
825 1070 48 26 han,
889 1070 88 20 oaktadt

230 1108 25 14 en
272 1102 64 20 sådan
359 1101 149 27 försummelse,
525 1102 54 20 ändå
595 1102 31 20 för
643 1102 62 26 öfrigt
720 1103 93 26 fullgjort
829 1104 55 19 hvad
900 1104 75 20 honom

231 1135 76 26 ålegat,
330 1135 40 20 och
392 1137 30 18 att
444 1135 81 20 således
549 1136 64 26 vigsel
637 1136 69 20 kunde
726 1136 84 20 komma
825 1138 30 18 att
870 1144 40 20 ega
925 1144 52 19 rum,

230 1169 68 19 fastän
318 1168 115 27 jäfsfrågan
456 1170 7 18 i
486 1170 75 26 sjelfva
582 1170 73 19 verket
677 1176 49 14 vore
741 1170 36 20 vid
793 1171 88 20 domstol
898 1171 77 20 anhän-

230 1203 42 26 gig.
301 1204 10 18 I
327 1203 65 19 andra
406 1203 38 19 fall
459 1203 70 20 kunde
548 1204 35 19 det
597 1204 77 25 hända,
691 1206 31 17 att
736 1210 49 20 nyss
801 1206 91 19 nämnda
907 1206 68 20 utred-

230 1237 50 25 ning
295 1237 7 19 i
318 1237 104 19 anseende
439 1237 31 19 till
484 1238 64 24 något
559 1237 90 25 verkligt
659 1238 52 19 eller
718 1238 90 20 förment
816 1238 68 20 förfall
894 1239 82 20 komme

230 1269 147 25 kyrkoherden
393 1270 82 19 sentida
491 1270 102 19 tillhanda
609 1273 53 16 samt
677 1272 30 17 att
723 1271 65 25 vigsel
807 1272 81 20 derföre
899 1272 32 20 för
944 1273 31 26 sig

230 1302 68 27 ginge,
314 1303 62 19 innan
392 1302 92 20 förfallet
499 1304 74 19 hunnit
589 1304 23 19 af
625 1304 90 20 domstol
729 1305 92 25 pröfvas.
855 1306 66 19 Dessa
937 1306 39 20 och

230 1337 66 20 andra
312 1336 72 26 dylika
399 1337 135 26 olägenheter
549 1338 70 20 kunde
635 1338 94 20 deremot
744 1339 103 20 undvikas
863 1346 75 20 genom
950 1347 25 13 en

229 1370 147 27 lagredaktion
392 1370 23 20 af
434 1378 51 19 nyss
504 1372 81 26 antydd
601 1372 152 26 beskaffenhet;
769 1373 40 19 och
825 1380 33 13 om
875 1377 26 16 än
917 1374 58 20 dere-

230 1406 43 18 mot
297 1404 71 20 kunde
390 1404 108 27 invändas,
519 1408 30 17 att
571 1406 130 27 fästehjonen
725 1408 18 25 ej
760 1407 65 20 borde
840 1408 96 20 hvälfvas
951 1415 25 14 en

229 1438 127 27 skyldighet,
372 1445 43 13 som
431 1440 110 25 rätteligen
558 1440 97 20 tillhörde
670 1441 60 20 deras
746 1443 90 24 motpart
851 1441 40 21 och
907 1442 68 21 hvari-

295 1477 135 22 Lagutskottets
443 1478 111 17 betänkande
565 1484 30 11 n:o
608 1479 15 17 1.
