1034 1703
223 169 14 20 4
391 167 78 23 Ständ.
485 167 37 24 Sv.
537 180 28 3 —
579 168 67 28 Prop.
662 167 39 23 N:o
715 168 31 22 14.

194 233 126 30 peditioner;
342 235 38 21 och
395 242 45 14 som
458 235 59 26 &:ens
533 235 129 28 ordalydelse
676 234 99 29 möjligen
790 234 71 21 kunde
876 233 66 22 föran-

193 269 47 22 leda
262 268 36 23 det
318 268 150 27 missförstånd,
491 271 31 20 att
543 269 122 29 häradspost
679 269 18 28 ej
713 269 54 28 finge
783 268 48 22 med
845 267 36 23 båt
895 268 48 22 fort-

194 303 81 25 skaffas,
297 303 39 21 har
356 303 140 28 anledningen
517 303 34 22 till
572 305 30 20 ett
624 303 73 22 sådant
715 302 144 23 missförstånd
874 302 69 23 blifvit

194 336 122 29 undanröjd.
348 337 66 23 Ordet
429 337 172 29 "gästgifverier"
616 338 39 21 har
670 338 81 28 utbytts
767 337 33 21 till
815 337 58 21 ordet
884 337 60 21 *stäl-

194 372 55 24 len",
265 371 88 22 emedan
367 372 122 28 postväskas
504 371 130 23 aflemnande
649 371 32 22 för
695 371 130 22 närvarande
835 375 24 17 är
868 370 77 23 tillåtet

192 405 80 29 jemväl
292 404 28 29 på
341 405 65 29 färge-
420 406 39 21 och
474 406 64 21 andra
552 405 97 29 lämpliga
665 405 176 28 ombytesställen.
873 404 71 22 Slutli-

196 447 40 21 gen
258 446 50 15 anse
330 438 118 23 Ständerna
469 439 8 21 i
500 440 35 21 det
554 439 83 28 förslag,
653 446 44 14 som
712 438 23 22 af
747 438 143 30 kronofogden
906 439 38 21 och

194 473 228 22 kommunalombuden
443 478 108 24 uppgöres,
574 474 51 21 böra
642 473 50 29 ingå
706 473 132 28 bestämning
852 480 34 14 om
900 473 45 21 bor-

195 515 41 21 gen
257 507 23 22 af
299 507 120 29 postförare,
440 507 19 29 ej
474 508 89 22 allenast
577 506 32 22 för
623 506 121 29 åtagandets
759 507 98 29 behöriga
872 506 73 29 fullgö-

195 541 71 27 rande,
288 544 52 20 utan
354 542 39 21 ock
408 542 32 22 för
455 542 52 22 visst
521 543 74 28 belopp
611 541 23 22 af
647 541 25 22 de
687 541 74 26 medel,
778 549 44 14 som
837 542 73 21 kunna
924 541 21 22 åt

196 576 122 28 häradspost
340 575 107 27 anförtros,
472 576 8 21 i
502 576 82 22 hvilket
599 575 37 22 fall
654 575 4 22 i
672 583 62 14 mom.
751 576 13 21 2
779 575 23 22 af
815 577 14 25 &
844 577 13 20 3
873 575 73 22 endast

196 609 100 23 behöfver
318 611 82 27 utsägas
418 612 31 20 att
463 610 117 28 spekulant,
596 611 45 20 mot
654 609 83 23 hvilket
751 609 86 29 uttryck
851 610 36 21 det
901 609 45 22 deri

196 643 172 22 förekommande
382 644 60 22 ordet
456 646 135 27 entreprenör
606 651 63 21 synes
683 644 50 21 böra
748 644 91 27 utbytas,
850 643 37 22 vid
896 643 50 22 auk-

196 677 149 23 tionstillfället
359 678 60 25 skall,
434 678 33 22 för
482 680 31 19 att
527 679 52 21 hans
595 678 69 21 anbud
679 678 35 21 mä
728 678 73 21 kunna
811 680 58 25 tagas
879 677 68 22 under

197 711 103 30 pröfning,
316 712 60 22 ställa
391 711 146 26 föreskrifven,
549 712 7 21 i
570 711 86 28 behörig
663 712 89 28 ordning
764 711 127 26 verificerad,
901 712 46 20 bor-

196 753 46 21 gen.
266 745 12 21 I
292 745 53 29 följd
360 744 23 22 af
395 746 35 21 det
445 746 35 21 vid
495 746 64 21 slutet
574 745 23 22 af
611 746 14 26 8
641 746 11 20 1
669 752 35 14 om
719 744 105 22 enskildes
839 744 107 23 lösväskor

196 779 117 29 föreslagna
327 780 73 28 tillägg
414 784 23 17 är
452 780 63 22 äfven
531 782 30 20 ett
574 779 154 29 förtydligande
743 779 7 21 i
761 779 79 22 samma
847 779 55 29 syfte
910 778 36 23 vid

198 814 14 26 8
227 814 14 22 2
255 813 79 29 nödigt.

254 847 40 27 Dä,
310 848 66 28 enligt
390 847 129 23 Ständernas
533 848 63 22 ofvan
605 847 93 23 uttalade
708 847 59 29 äsigt,
782 846 123 23 Guvernörs
915 849 31 20 ut-

198 882 44 27 slag
256 881 107 29 angående
378 882 138 29 postgängens
531 882 107 22 ordnande
652 882 38 22 bör
704 882 73 21 kunna
787 889 76 21 genom
873 882 74 22 besvär

199 916 73 28 dragas
293 916 67 22 under
382 916 121 29 Kejserliga
525 916 102 22 Senatens
650 915 103 29 pröfning,
770 916 39 22 och
824 915 123 23 Guvernörs

199 950 139 22 förordnande
353 950 79 22 säledes
447 950 47 22 icke
509 950 32 22 fär
550 950 27 29 gä
586 950 8 21 i
603 950 164 28 verkställighet,
779 950 64 21 innan
854 950 35 22 det
897 958 50 14 vun-

198 984 33 22 nit
252 985 46 27 laga
318 984 62 26 kraft,
403 985 57 25 eller,
483 984 8 22 i
512 984 99 22 händelse
630 984 24 22 af
665 985 80 25 besvär,
761 984 81 28 slutligt
857 985 90 28 utslag
934 980 16 37 i

199 1018 86 21 ärendet
306 1018 122 26 meddelats,
450 1023 22 16 &r
491 1018 79 29 jemväl
593 1025 26 14 en
634 1018 82 21 mindre
731 1018 88 29 ändring
833 1018 24 21 af
869 1019 14 26 $
898 1019 13 20 3
926 1018 24 22 af

199 1052 74 21 nöden.
291 1064 23 3 —
332 1052 72 21 Orden
421 1052 91 21 "mellan
527 1053 25 21 de
568 1051 95 22 enskilda
677 1051 127 22 stationerna
819 1052 57 21 inom
891 1052 56 22 kom-

198 1087 92 20 munen"
313 1085 64 22 hafva
398 1087 58 27 synts
471 1085 118 22 Ständerna
603 1086 50 21 böra
667 1085 50 29 utgå
731 1085 68 22 såsom
813 1086 52 22 både
881 1086 65 22 öfver-

199 1119 81 29 flödiga,
303 1119 26 22 då
346 1120 76 28 nödiga
436 1120 155 28 bestämningar
605 1120 7 21 i
627 1120 90 28 utslaget
731 1120 108 28 angående
853 1121 94 28 postgån-

199 1161 51 21 gens
272 1153 106 22 ordnande
399 1155 51 21 böra
471 1162 50 13 vara
535 1153 130 27 meddelade,
681 1154 38 21 och
734 1153 147 27 vilseledande,
897 1159 50 18 enär

199 1188 126 28 postväskan
339 1188 8 21 i
362 1188 26 22 de
402 1189 60 22 festa
475 1188 38 22 fall
527 1188 66 22 måste
608 1188 125 22 åtminstone
748 1188 33 22 till
796 1190 104 20 närmaste
908 1191 39 20 sta-

199 1222 45 22 tion
258 1222 8 22 i
280 1223 143 28 angränsande
438 1223 101 21 kommun
554 1222 111 22 befordras.

256 1256 58 21 Från
328 1256 65 21 andra
407 1264 62 13 mom.
486 1256 59 21 torde
560 1256 45 22 åter
619 1256 123 26 stadgandet
756 1262 35 14 om
801 1258 147 26 entreprenörs

200 1290 41 20 rätt
262 1291 31 19 att
310 1290 94 28 uppbära
417 1290 77 21 honom
509 1289 160 22 tillkommande
684 1289 115 28 ersättning
813 1290 50 21 böra
877 1290 70 28 flyttas

199 1322 33 22 till
247 1324 13 26 8
276 1323 19 26 5,
313 1331 45 14 som
372 1322 24 23 af
408 1323 119 22 Ständerna
541 1323 58 22 såväl
612 1322 33 23 till
659 1323 94 22 innehåll
763 1331 45 14 som
818 1324 129 28 ordalydelse

198 1356 103 29 godkänts
315 1357 7 21 i
338 1356 67 29 öfrigt,
421 1359 59 20 utom
494 1359 31 20 att
540 1358 41 21 den
595 1357 132 28 tvetydighet
736 1357 115 27 undvikits,
862 1358 86 23 hvartill

198 1391 190 29 bestämningarna,
410 1393 31 20 att
460 1393 135 27 entreprenör
610 1399 48 21 eger
672 1392 93 29 uppbära
780 1392 115 29 ersättning
910 1393 37 22 hos

200 1424 142 30 kronofogden
364 1425 38 22 och
423 1427 31 21 att
475 1426 68 22 denne
565 1426 54 22 skall
633 1425 159 24 tillhandahålla
806 1427 77 22 honom
899 1427 48 22 den-

200 1467 85 18 samma,
296 1460 72 22 kunde
382 1457 57 32 gifva
453 1460 122 29 anledning;
591 1461 39 21 och
645 1461 88 21 emedan
748 1461 117 22 Ständerna
879 1464 69 19 ansett

200 1493 35 23 det
250 1493 131 30 erforderligt
395 1496 31 21 att
440 1494 140 23 Guvernören
595 1495 46 22 icke
656 1495 53 22 blott
718 1495 23 22 af
746 1495 142 29 kronofogden
896 1499 51 20 utan
