1031 1703
279 148 31 22 U.
327 149 29 22 B.
374 161 34 4 —
425 150 78 27 Prop.
521 151 47 22 N:o
586 151 33 22 11.

345 455 179 28 Sammansatta
547 457 60 33 Lag-
627 458 45 27 och
692 459 125 27 Ekonomi-

275 490 137 26 utskottets
440 491 97 33 förslag
564 493 41 25 till
635 494 183 34 sammanjemk-

275 524 61 33 ning
355 526 28 24 af
398 525 30 25 de
451 526 79 26 delvis
554 527 150 34 skiljaktiga
728 529 89 33 beslut,

275 558 72 26 hvari
367 559 104 27 stånden
491 562 101 24 stannat
609 562 43 25 vid
673 563 145 27 behandlin-

274 600 48 25 gen
344 594 29 25 af
391 594 136 26 utskottets
551 596 156 26 betänkande
730 597 42 27 N:o
790 599 27 31 4,

274 628 9 24 i
311 628 134 33 anledning
475 630 29 25 af
532 630 78 26 Hans
639 630 179 35 Kejserliga

275 662 167 33 Majestäts
461 663 92 33 nädiga
571 666 155 31 proposition
744 666 73 33 angä-

277 696 61 25 ende
366 697 137 26 ordnandet
533 699 30 25 af
587 699 232 36 skjutshällningen

275 730 46 26 och
339 732 220 32 gästgifverierna.

138 797 32 25 Af
187 799 25 23 de
230 799 109 25 utskottet
355 800 86 30 jemlikt
459 801 14 33 $
493 803 30 22 67
543 803 26 23 L.
589 803 25 23 O.
634 803 116 25 tillställda
767 812 50 23 pro-

71 832 162 31 tokollsutdrag
251 833 7 24 i
277 834 60 24 detta
355 835 80 24 ärende
453 836 40 23 har
510 837 107 24 utskottet
641 837 119 31 inhemtat,
785 840 33 23 att

71 867 42 22 den
130 867 34 23 för
182 867 32 24 ett
233 868 160 25 ständerbeslut
409 870 143 31 erforderliga
569 871 113 30 pluralitet
700 872 47 24 icke
761 873 57 24 före-

71 899 69 26 finnes
159 901 7 23 i
184 902 165 24 nedannämnda
367 903 67 30 delar,
453 904 122 31 nemligen:

142 961 33 21 1:0
202 959 134 25 beträffande
359 959 15 34 $
393 960 30 27 1.

140 1015 185 35 Ridderskapet
344 1017 45 26 och
407 1017 77 26 Adeln

140 1063 40 23 har
198 1063 111 31 nemligen
328 1064 97 30 godkänt
443 1064 157 29 betänkandet;

140 1120 188 26 Presteständet

140 1167 169 24 äterremitterat
335 1167 89 24 ärendet
452 1167 33 24 för
511 1167 144 31 paragrafens
673 1167 143 24 affattande
802 1163 18 40 i

72 1203 79 24 sädant
177 1202 67 30 syfte,
267 1209 46 16 som
339 1200 122 25 innehälles
485 1202 7 23 i
509 1200 94 30 följande
621 1201 7 23 i
647 1201 87 24 ständet
752 1202 66 23 fram-

72 1236 82 25 ställda
171 1235 249 31 formuleringsförslag:

141 1270 54 24 ”Vid
213 1270 72 24 lands-
305 1270 40 24 och
363 1270 102 30 sjövägar
485 1270 62 24 skola
565 1269 79 31 nödiga
662 1269 155 31 gästgifverier

72 1305 78 29 finnas,
170 1306 38 23 der
224 1304 92 24 resande
335 1304 83 24 erhålla
435 1304 114 30 herberge,
568 1304 49 23 kost
635 1304 50 24 -och.
703 1304 70 30 skjuts
795 1312 21 16 e-

72 1340 45 22 mot
135 1339 68 23 sädan
221 1338 130 29 ersättning,
370 1345 46 16 som
435 1338 96 23 deremot
549 1337 100 30 skäligen
666 1345 75 16 svarar
759 1338 59 23 ochi

73 1373 71 24 denna
161 1372 127 30 förordning
306 1375 99 20 närmare
424 1371 152 24 bestämmes.”

142 1406 157 31 ”Gästgifveri-
309 1406 41 24 och
367 1405 200 32 skjutshållningen
585 1405 28 30 på
632 1405 74 24 landet
719 1405 100 31 upprätt-

72 1441 71 24 hålles
160 1440 130 25 tillsvidare:

144 1477 34 23 1:o
205 1475 24 24 af
245 1476 30 23 all
302 1475 7 24 i
331 1475 82 24 mantal
440 1475 44 24 satt
509 1475 55 29 jord,
592 1481 46 17 som
664 1474 48 25 icke
738 1482 79 24 genom

97 1528 73 24 Bihang
184 1527 28 19 till
224 1528 104 18 Sammans.
343 1527 50 24 Lag-
400 1533 16 11 o.
425 1526 185 19 Ekonomiutskottets
623 1525 111 19 betänkande
747 1525 38 19 N:o
799 1526 19 18 4.
