1034 1703
205 145 12 20 6
394 145 64 22 Ständ.
474 146 31 21 Sv.
522 159 23 2 —
563 146 54 27 Prop.
632 145 32 22 N:o
680 145 31 21 11.

242 206 11 21 I
271 206 93 27 enlighet
385 207 49 22 med
451 207 128 23 Ständernas
595 207 62 22 ofvan
670 207 124 22 framstälda
808 207 69 21 beslut
892 213 35 15 om

174 239 140 28 skjutslegans
336 240 83 28 belopp,
441 241 40 22 har
502 241 60 22 äfven
581 241 61 22 ordet
662 241 214 28 ,entreprenadlega*"
891 240 8 21 i
913 241 14 21 3

173 279 63 16 mom.
252 273 23 22 af
287 274 12 27 &
314 275 13 20 6
342 274 81 28 utbytts
438 277 45 20 mot
498 275 61 22 ordet
573 275 81 27 ,lega.*"

242 308 37 27 18
295 309 13 20 7
322 315 62 15 mom.
402 310 12 21 3
430 309 39 22 och
484 311 13 20 4
512 309 88 28 fordras,
616 309 65 22 bland
695 311 72 26 annat,
779 311 32 20 att
821 310 107 26 entrepre-

173 343 40 20 nör
227 342 55 24 skall
296 349 52 15 vara
362 343 23 21 af
397 344 42 27 god
453 343 60 28 frejd.
535 344 48 22 Den
598 344 189 27 omständigheten,
803 345 32 20 att
845 349 26 16 en
881 349 47 21 per-

172 382 40 16 son
226 376 68 22 blifvit
308 376 88 23 straffad
410 378 33 22 för
457 379 65 27 något
536 378 64 26 brott,
615 380 64 26 utgör
693 378 55 22 dock
762 378 46 22 icke
823 377 57 22 bevis
895 377 33 22 för

174 412 32 20 att
220 410 42 22 han
277 411 129 23 fortfarande
422 415 24 19 är
460 413 95 27 opälitlig
573 413 51 22 eller
639 412 86 28 oduglig
738 412 33 22 för
787 414 30 19 ett
831 412 97 27 uppdrag

173 444 23 22 af
215 445 159 27 ifrågavarande
395 446 154 26 beskaffenhet;
573 448 38 21 och
629 447 62 22 hafva
711 447 118 21 Ständerna
845 446 83 22 derföre

172 478 49 23 lätit
236 480 69 21 denna
319 480 133 28 bestämning
465 482 57 26 utgä,
538 482 23 21 sä
575 481 84 28 mycket
667 481 73 26 hellre,
751 487 46 15 som
807 481 122 21 densamma

173 513 71 22 kunde
265 514 47 22 frän
332 514 65 22 täflan
416 517 100 26 utstänga
532 516 91 27 mängen
636 515 33 21 för
683 514 145 28 befattningen
842 514 86 27 lämplig

172 554 84 21 person,
279 551 56 20 samt
357 549 135 22 Guvernören
507 551 7 20 i
529 550 42 22 alla
592 550 37 22 fall
651 550 84 21 komme
757 551 33 20 att
811 549 22 21 fä
854 548 74 28 pröfva

172 582 74 27 hvarje
260 583 122 27 spekulants
398 583 123 28 lämplighet
536 585 32 21 för
582 584 124 28 sysslandet.

240 617 96 22 Emedan
351 619 37 21 det
402 621 24 19 är
438 619 46 21 icke
493 619 56 22 blott
559 625 26 16 en
595 619 109 27 möjlighet
715 620 51 20 utan
777 618 60 22 äfven
847 618 80 27 ganska

172 651 110 28 antagligt,
298 654 32 19 att
349 655 137 25 entreprenör
500 654 161 27 mängenstädes
676 654 74 26 ätager
764 653 32 27 sig
809 652 119 22 bestridan-

172 685 37 22 det
224 685 22 21 af
259 686 118 28 skjutsning
398 688 52 20 utan
471 694 70 15 annan
560 687 115 27 ersättning
695 690 27 18 än
737 687 135 26 skjutslegan,
888 687 40 21 har

171 720 14 22 5
200 726 63 16 mom.
280 720 22 22 af
316 720 11 28 $
343 722 13 20 7
370 721 114 27 undergätt
498 728 27 15 en
540 722 81 22 mindre
636 721 105 27 ändring
731 716 10 37 i
753 722 58 20 detta
821 720 105 22 afseende.

241 754 49 22 Men
309 754 101 28 derjemte
428 756 62 21 hafva
504 756 124 26 Ständerna,
643 758 51 19 enär
709 756 26 21 de
750 755 35 21 vid
799 755 128 27 behandling

170 787 24 22 af
213 788 77 27 nädiga
310 789 164 27 propositionen,
494 790 107 27 angäende
621 790 74 26 tillägg
709 790 33 20 till
756 790 77 26 nädiga
847 788 80 22 förord-

170 822 78 27 ningen
272 828 34 16 om
328 822 275 29 kommunalförvaltningen
625 825 28 25 pä
674 824 79 26 landet,
773 823 70 27 gifven
859 824 40 20 den
914 824 13 20 6

172 856 103 22 Februari
291 857 61 26 1865,
368 857 78 28 inrymt
460 859 23 20 ät
497 857 152 23 kommunerna
664 859 43 20 rätt
722 859 31 20 att
768 857 115 22 verkställa
893 858 34 21 de-

170 890 92 27 bitering
280 891 40 21 och
340 891 97 27 uppbörd
456 892 23 21 af
499 892 79 22 sädana
599 892 75 25 medel,
697 898 46 15 som
761 891 8 21 i
790 892 59 21 detta
863 898 63 15 mom.

170 924 94 27 beröras,
294 924 59 28 gifvit
382 932 62 15 mom.
474 932 25 15 en
525 926 86 22 dermed
635 926 227 22 &fverensstämmande
887 926 41 21 för-

169 959 83 22 ändrad
275 959 86 28 lydelse,
384 960 64 22 likväl
470 962 30 26 sä,
521 962 32 20 att
575 960 124 26 Ständerna,
719 960 34 21 för
772 960 39 22 den
827 960 100 22 händelse

172 994 62 21 deras
252 993 71 23 beslut
337 994 8 22 i
360 994 112 28 anledning
491 994 22 22 af
530 1001 49 21 nyss
599 994 90 22 berörda
703 995 79 27 nädiga
795 994 132 28 proposition

169 1027 48 22 icke
234 1027 68 22 blefve
316 1028 24 21 af
352 1028 87 22 Eders
453 1029 154 26 Kejserliga
623 1029 127 26 Majestät
768 1028 8 21 i
790 1029 66 21 näder
871 1029 56 21 stad-

169 1061 88 28 fästadt,
280 1062 107 21 eventuelt
410 1063 104 27 godkänt;
532 1069 61 15 mom.
619 1063 48 21 med
692 1063 89 21 allenast
805 1062 62 22 ofvan
891 1063 35 21 be-

168 1095 82 23 skrifna
264 1096 83 21 mindre
362 1097 92 26 ändring.

240 1130 40 21 Till
305 1131 5 20 3
328 1137 62 15 mom.
410 1131 22 21 af
451 1131 11 27 $
478 1133 12 20 8
504 1131 63 22 hafva
582 1131 118 22 Ständerna
715 1131 56 27 gjort
786 1133 31 19 ett
831 1131 74 26 tillägg
919 1131 7 20 i

170 1165 38 22 det
230 1165 59 27 syfte,
312 1166 32 20 att
366 1165 131 27 skjutslängd
516 1165 40 22 bör
574 1165 68 22 finnas
661 1165 32 22 till
708 1165 105 27 päseende
825 1165 101 27 jemväl
912 1161 19 35 i

169 1200 147 26 socknestuga.

239 1234 69 22 Jemte
324 1234 36 22 det
374 1234 118 22 Ständerna
508 1234 104 27 samtyckt
626 1234 32 20 till
674 1234 41 21 den
733 1234 3 20 i
760 1235 5 20 3
780 1240 62 14 mom.
859 1234 42 26 af$
912 1235 12 19 9

168 1268 10 21 i
193 1268 40 21 den
248 1268 76 26 nädiga
338 1268 158 26 propositionen
510 1268 120 26 föreslagna
644 1268 89 26 ändring
748 1268 22 20 af
782 1268 75 26 Kongl.
869 1273 57 16 reso-

168 1302 95 21 lutionen
277 1303 28 26 pä
320 1302 116 26 allmogens
449 1302 82 26 besvär,
547 1300 68 29 gifven
631 1301 40 22 den
685 1302 26 21 21
729 1301 44 22 Juli
789 1302 60 26 1793,
864 1302 61 21 hvar-

167 1337 86 26 igenom
276 1337 40 21 den
335 1336 32 21 till
389 1336 111 27 hällskjuts
519 1336 94 27 skyldige
631 1336 105 27 allmogen
750 1336 114 22 förklarats
879 1336 46 22 icke

168 1377 52 15 vara
241 1370 74 27 pligtig
333 1371 32 20 att
382 1371 28 26 pä
428 1376 82 15 samma
528 1370 40 26 dag
583 1370 81 27 skjutsa
677 1370 51 22 flere
742 1370 62 21 hvarf
817 1371 48 20 med
879 1371 46 21 sina

169 1405 79 27 hästar,
271 1404 62 23 hafva
355 1405 119 22 Ständerna
496 1404 70 27 likväl,
581 1404 8 21 i
604 1405 25 21 de
645 1404 234 28 skjutsningsskyldiges
893 1405 31 21 in-

168 1441 74 25 tresse,
264 1439 88 27 vidtagit
377 1439 40 22 den
442 1439 89 27 ändring
558 1440 8 21 i
588 1445 62 15 mom.
674 1441 31 20 att
727 1439 146 28 skyldigheten
892 1441 32 20 att

165 1475 84 26 skjutsa
264 1475 66 20 andra
345 1475 82 26 gängen
442 1474 67 21 under
524 1480 80 15 samma
619 1474 55 27 dygn
689 1473 98 23 inträdde
802 1474 53 21 först
871 1474 53 22 efter
