1048 1700
254 135 27 21 14
444 134 29 19 U.
485 134 32 18 B.
532 144 20 4 —
566 135 81 23 Prop.
660 134 46 18 N:o
720 134 25 18 6.

221 199 123 21 tillförsäkra
364 199 147 22 sockneboerne
534 200 62 21 frihet
619 200 45 21 från
686 200 87 27 refning,
798 198 103 22 storskifte
926 199 39 21 och

222 235 155 27 skattläggning
395 235 54 21 samt
469 234 169 28 öfverloppsjords
662 234 115 28 afvittring,
801 234 37 21 har
858 234 108 22 Utskottet

221 270 44 21 icke
280 270 71 22 tvekat
367 270 30 21 att
412 270 102 27 tillstyrka
530 270 114 22 desammas
654 270 141 27 upphäfvande
811 270 7 21 i
833 270 58 21 dessa
902 270 64 21 delar,

222 306 58 20 Dock
297 306 38 21 har
349 305 112 27 Utskottet,
483 306 7 21 i
511 306 99 22 anseende
630 306 33 21 till
681 306 82 27 frågans
783 308 54 19 ännu
856 305 44 21 icke
919 305 48 21 fullt

223 340 86 22 utredda
324 341 61 25 skick,
401 341 52 21 trott
469 341 31 28 sig
515 342 50 21 böra
580 341 74 22 föreslä
670 342 30 20 att
713 341 34 21 vid
758 341 57 21 detta
825 340 142 28 upphäfvande

223 376 23 22 af
263 376 122 22 kontrakten
409 377 64 21 skulle
500 377 64 21 fästas
590 384 43 14 som
656 377 65 21 vilkor
744 377 39 26 att,
808 376 62 22 sedan
893 382 74 22 genom

225 412 113 28 Styrelsens
354 412 79 28 försorg
453 412 121 28 fullständig
596 412 109 28 utredning
728 412 112 22 inhemtats
863 411 104 28 angäende

223 448 94 21 markens
334 448 103 21 allmänna
452 448 139 22 beskaffenhet
606 448 6 21 i
629 448 57 21 dessa
701 448 92 26 socknar,
814 447 154 28 befolkningens

224 483 103 22 derstädes
352 483 136 28 hushållning,
515 483 127 27 lefnadssätt,
668 482 151 23 förvärfskällor
845 483 38 21 och
907 482 63 22 hehof

224 520 54 20 samt
295 518 63 22 andra
374 519 67 27 dylika
456 519 27 27 pä
498 519 83 27 frägans
602 519 110 27 afgörande
732 518 123 22 inverkande
876 519 91 21 omstän-

224 554 99 28 digheter,
341 554 113 22 Ständerna
469 554 78 22 tillätas
563 555 83 27 deltaga
660 555 8 21 i
681 554 155 22 bestämmande
847 554 23 22 af
883 554 18 28 ej
913 554 55 22 min-

224 591 35 21 dre
273 590 63 26 tiden,
358 593 37 18 när
414 590 24 21 de
457 590 121 27 ifrågasatta
594 590 129 21 sborskiftena
739 591 57 21 skola
814 590 83 28 vidtaga
913 591 54 20 samt

224 626 35 21 det
273 625 131 22 tunnlandtal
423 626 64 25 mark,
507 632 45 15 som
571 625 70 22 dervid
659 625 61 22 borde
736 625 146 28 lägenheterna
897 625 69 22 tillde-

223 661 36 26 las,
284 663 25 19 än
333 661 38 20 ock
390 661 100 21 huruvida
510 661 38 21 och
568 661 33 21 till
621 661 80 21 hvilken
722 661 141 27 utsträckning
882 661 85 21 sockne-

225 696 74 21 boerne
318 695 34 22 mä
371 695 59 22 äfven
454 696 50 21 efter
523 696 113 21 storskiftet
656 695 111 22 bibehållas
786 696 35 21 vid
843 696 124 27 rättigheten

224 732 38 24 till,
272 731 83 21 renbete
371 731 53 21 samt
437 731 52 28 jagt,
507 731 95 28 djurfäng
618 731 38 21 och
671 731 48 21 fiske
734 732 56 20 inom
801 731 25 22 de
842 731 125 28 öfverlopps-

222 767 56 27 jords
295 766 102 26 omräden,
419 773 44 15 som
479 767 31 20 för
525 767 87 21 kronans
628 767 86 27 räkning
732 766 86 22 sälunda
836 767 62 22 varda
917 767 50 21 defi-

224 803 62 21 nitivt
302 801 97 22 afrösade.

295 838 44 21 Den
356 837 75 28 nädiga
451 838 150 27 propositionen
622 838 53 21 afser
695 844 34 21 nu,
749 838 87 21 likasom
857 838 34 21 vid
911 839 56 21 1872

224 875 32 20 års
276 873 105 28 landtdag,
402 873 31 21 att
455 873 173 22 socknemännens
651 873 115 28 skyldighet
789 874 32 21 till
843 874 123 26 knektehäli,

224 910 63 21 sådan
303 909 118 21 densamma
437 909 92 26 gvarstär
545 909 65 27 enligt
626 909 151 28 ofvanantydda
790 915 70 16 senare
875 909 91 22 bestäm-

224 945 79 26 melser,
326 943 62 22 borde
407 944 42 21 tills
469 944 68 21 vidare
553 944 95 21 förblifva
663 944 34 21 vid
717 945 94 27 gällande
832 945 60 21 kraft.
924 945 43 21 Hos

224 979 153 22 Bondeständet
391 979 38 21 har
443 979 34 21 vid
497 979 163 28 propositionens
679 979 145 29 föredragning
845 980 122 21 framhällits

225 1016 31 21 att
270 1015 128 26 kontrakten,
416 1021 33 14 om
466 1014 72 29 ätgärd
554 1015 7 21 i
576 1015 131 22 förevarande
723 1015 53 28 syfte
792 1022 47 15 vore
858 1015 23 22 af
894 1015 72 27 nöden,

223 1051 63 22 borde
302 1049 113 29 upphäfvas
430 1050 33 21 till
479 1051 40 20 alla
537 1050 61 27 delar,
619 1051 23 21 sä
661 1051 30 21 att
710 1051 172 22 socknemännens
902 1051 64 22 samt-

224 1087 43 28 liga
282 1085 138 29 skyldigheter
435 1086 96 21 bortfölle
548 1086 65 27 jemte
633 1086 121 26 fördelarna,
777 1087 48 21 eller
845 1087 99 21 ändrades
960 1087 7 22 i

225 1129 78 15 samma
319 1121 132 22 förhällande.
483 1122 30 21 Ur
528 1121 114 28 principiell
662 1122 101 28 synpunkt
783 1122 39 22 kan
839 1123 56 21 emot
911 1123 55 21 detta

223 1157 166 23 betraktelsesätt
412 1157 131 27 naturligtvis
566 1157 17 27 ej
605 1164 49 14 vara
669 1158 63 27 något
753 1159 32 21 att
804 1158 94 22 invända.
935 1158 32 22 Då

225 1192 113 22 emellertid
361 1192 38 21 den
423 1192 76 28 åtagna
521 1192 274 29 knektehållsskyldigheten,
823 1194 66 21 såsom
912 1194 55 22 förut

224 1228 89 28 antydts,
331 1227 51 22 efter
396 1227 56 21 hand
467 1228 68 20 blifvit
550 1228 23 21 så
582 1228 82 27 mycket
674 1229 115 26 reducerad,
807 1230 30 20 att
848 1230 119 21 densamma

223 1269 85 15 numera
327 1262 31 21 för
373 1262 106 21 Kuusamo
499 1262 37 21 och
552 1262 118 27 Kuolajärvi
690 1264 85 20 socknar
795 1266 22 18 är
837 1264 8 20 i
865 1264 34 21 det
918 1266 48 20 när-

224 1298 65 22 maste
305 1297 101 21 illusorisk
422 1297 37 21 och
483 1299 22 19 för
517 1297 117 21 Kemiträsk
650 1298 46 21 vida
711 1298 110 28 lindrigare
839 1302 25 18 än
880 1299 31 21 uti
927 1300 40 21 alla

224 1334 66 28 öfriga
305 1332 56 22 delar
377 1332 22 22 af
415 1332 76 26 landet,
511 1333 47 21 med
578 1333 104 28 undantag
702 1334 22 21 af
737 1335 148 27 Lappmarken,
906 1334 60 23 hvars

223 1370 118 28 inbyggare,
356 1368 81 28 jemlikt
448 1368 75 28 Kongl.
540 1369 135 28 reglementet
686 1370 37 20 den
736 1372 28 20 24
775 1371 115 22 November
902 1372 63 26 1749,

225 1408 34 19 äro
275 1404 83 22 alldeles
374 1404 105 21 frikallade
495 1404 44 22 från
555 1404 146 29 utskrifningar
715 1407 38 21 och
763 1407 128 27 soldatehåll,
908 1414 58 21 synes

223 1441 106 22 Utskottet
350 1440 37 26 att,
411 1440 47 21 med
481 1440 94 22 afseende
596 1440 12 21 å
626 1441 24 21 de
671 1442 104 28 betydliga
795 1443 94 27 fördelar,
914 1450 50 20 som,

224 1477 63 22 ehuru
302 1476 121 22 kontrakten
439 1476 8 20 i
463 1476 149 22 ofvannämnde
628 1476 56 22 delar
693 1478 119 28 upphäfdes,
828 1479 62 21 likväl
901 1479 65 28 enligt

289 1522 128 19 Sammansatta
429 1522 46 24 Lag-
488 1522 29 18 och
530 1523 172 18 Ekenomiutskottets
715 1525 105 19 betänkande
833 1526 35 18 N:o
882 1526 18 19 5.
