1039 1700
277 137 30 25 U,
321 137 30 23 B.
362 148 26 5 —
406 136 73 28 Prop.
494 136 47 22 N:o
553 137 30 21 11.
747 135 28 20 43

60 200 74 21 uttalat
153 200 32 27 sig
200 200 7 20 i
223 200 56 21 detta
294 201 63 26 syfte,
374 200 39 21 och
429 200 127 27 riktigheten
573 201 24 20 af
609 202 78 25 salsen,
705 203 30 19 att
750 204 55 20 trafi-

60 234 42 21 ken
125 234 40 22 bör
187 233 127 22 underhälla
335 234 33 27 sig
390 234 55 27 sjelf,
469 235 44 20 kan
531 233 107 28 svärligen
654 241 26 14 ur
694 236 112 28 principiel

59 268 111 27 synpunkt
184 268 108 21 förnekas.
323 268 42 21 Det
379 267 102 22 förhåller
496 269 31 26 sig
542 268 66 20 likväl
623 268 51 21 med
689 269 72 21 denna
773 271 32 21 sä-

60 308 45 15 som
121 302 51 21 med
187 301 23 21 sä
227 301 79 27 mänga
321 302 68 21 andra
405 303 33 20 för
453 308 68 14 sanna
536 302 97 20 erkända
647 304 74 25 satser,
732 304 27 21 de
768 305 39 21 der

59 336 49 21 icke
130 336 71 21 under
222 336 43 20 alla
287 334 148 23 förhållanden
451 336 54 20 visat
519 336 32 27 sig
567 336 132 28 tillämpliga.
732 338 76 23 Skulle

60 370 90 21 trafiken
165 370 70 21 under
249 370 127 21 nuvarande
390 369 149 22 förhällanden
555 370 6 20 i
577 369 46 21 värt
635 370 51 21 land
693 372 113 22 öfverlem-

59 411 39 14 nas
114 406 29 19 att
158 404 61 22 sköta
233 404 32 27 sig
281 404 54 27 sjelf,
353 404 40 21 och
409 404 41 21 den
466 404 93 21 resande
575 404 84 22 säledes
675 406 32 20 för
715 406 34 21 sitt
757 408 48 20 fort-

59 438 216 27 skaffande
181 434 9 36 *
199 438 76 27 nödgas
298 438 70 21 betala
391 438 56 21 hvad
463 440 168 25 entreprenören
647 439 108 27 fordrade,
772 442 34 21 vid

60 472 42 22 den
118 479 42 15 ena
175 473 104 21 stationen
295 479 68 20 mera,
380 472 35 21 vid
432 472 41 22 den
491 472 67 21 andra
574 473 91 27 mindre,
682 480 50 15 men
741 475 66 22 likväl

60 507 97 21 öfverallt
176 507 67 27 högre
259 507 49 27 lega
323 509 27 19 än
367 506 124 22 ändamålet
505 507 50 21 med
571 507 54 21 hans
640 514 49 14 resa
704 509 7 19 i
727 509 28 21 de
770 510 36 21 fle-

60 544 32 18 sta
111 541 37 21 fall
170 541 74 21 kunde
259 541 61 27 bära,
337 541 71 21 blefve
423 541 64 21 häraf
500 548 26 14 en
542 541 72 28 gifven
629 541 59 28 följd,
706 544 30 20 att
751 550 55 14 sam-

59 575 94 22 färdseln
177 574 135 23 försvårades
335 575 30 21 till
384 575 41 22 den
442 576 61 27 grad,
521 577 28 20 att
564 575 74 22 landet
653 577 65 21 deraf
729 577 35 22 led
781 585 27 14 en

59 610 76 26 skada,
160 610 86 21 hvilken
269 610 50 20 vida
337 610 107 27 öfversteg
459 610 42 21 den
517 610 98 27 kostnad,
633 617 46 15 som
695 618 27 14 en
738 613 68 26 regel-

59 644 88 21 bunden
168 643 166 28 skjutshällning
349 644 90 21 medför.
471 645 41 20 Det
527 651 65 19 synes
607 645 45 27 mig
667 645 62 21 alltså
743 647 63 26 klart,

60 680 29 19 att
109 678 36 21 det
160 678 109 21 allmänna
284 679 61 20 bästa
361 678 90 27 fordrar,
469 679 32 20 det
516 679 91 20 trafiken
623 679 40 21 tills
679 680 74 21 vidare
768 688 37 13 un-

60 713 119 21 derstödes.
210 711 71 28 Fråga
303 713 42 20 kan
365 711 93 28 således,
477 713 66 27 enligt
558 713 43 20 min
617 714 96 27 mening,
731 715 77 27 uppstå

61 747 76 21 endast
151 753 35 15 om
202 747 64 20 hvem
281 753 46 15 som
343 747 55 20 skall
412 747 73 21 lemna
501 747 36 21 det
551 747 80 27 nödiga
646 748 145 22 understödet.

128 787 118 21 Historiska
269 785 148 23 förhällanden
441 787 64 20 hafva
520 785 71 28 vällat,
609 789 29 19 att
653 787 37 21 det
705 788 103 22 härintills

61 822 78 21 tillhört
158 821 43 22 den
216 821 177 27 oprivilegierade
407 821 77 27 jorden
501 821 40 20 och
557 821 66 28 enligt
638 822 101 21 flertalets
754 823 7 20 i
777 825 31 18 ut-

60 857 78 20 skottet
159 856 89 27 mening
270 855 68 21 borde
360 855 35 21 det
411 856 63 20 äfven
490 855 36 21 allt
541 856 106 27 framgent
662 855 25 22 sä
702 857 105 21 förblifva.

60 891 43 21 För
117 891 44 20 min
178 890 35 21 del
228 890 66 27 hyser
305 891 40 26 jag
361 896 26 15 en
403 897 72 14 annan
492 889 61 28 äsigt.

129 925 157 20 Samfärdselns
304 925 150 26 befrämjande
469 925 43 20 kan
528 931 92 14 numera
635 925 49 21 icke
699 926 109 21 betraktas

61 959 134 22 annorlunda
211 961 26 18 än
255 957 70 22 såsom
341 965 27 14 en
383 959 80 20 allmän
472 959 269 28 samhällsangelägenhet.
759 961 48 20 Den

60 993 147 28 föreställning
228 993 69 28 ligger
319 993 86 21 derföre
423 995 60 25 nära,
501 995 30 19 att
546 995 68 20 staten
631 994 67 21 borde
713 995 95 21 omedel-

60 1028 96 27 barligen
173 1027 102 26 tillskjuta
291 1027 28 21 de
333 1027 79 27 medel,
429 1034 47 15 som
488 1029 32 20 för
534 1028 49 21 dess
591 1028 104 27 behöriga
703 1029 105 21 vidmakt-

60 1061 101 22 hållande
184 1062 39 21 och
246 1061 124 27 utveckling
390 1061 114 21 erfordras.
535 1062 50 21 Men
602 1064 58 19 utom
676 1063 43 26 det,
736 1065 29 19 att
781 1070 27 14 en

60 1097 23 20 af
103 1098 69 19 staten
192 1095 140 22 underhällen
349 1096 191 27 skjutsinrättning,
558 1097 23 19 af
593 1097 38 20 lätt
645 1097 92 20 insedda
751 1098 55 26 skäl,

60 1129 69 23 mäste
151 1130 66 22 blifva
239 1131 60 21 öfver
313 1130 79 22 höfvan
409 1129 48 27 dyr,
474 1131 75 20 kunna
563 1130 77 27 skilda,
658 1131 24 21 af
694 1131 57 21 olika
766 1132 42 21 för-

61 1166 34 20 del
118 1165 117 26 beroende,
259 1164 164 22 lokalintressen
446 1165 49 21 icke
517 1165 75 21 härvid
607 1165 84 21 lemnas
707 1167 50 19 utan
773 1166 37 21 allt

61 1199 110 21 afseende.
202 1198 101 28 Tillgång
319 1198 30 21 till
363 1201 43 25 väg
421 1201 24 18 är
460 1205 27 15 en
503 1198 92 27 förmån,
612 1205 47 15 som
674 1200 53 21 ökas
738 1200 7 20 i
753 1200 55 21 sam-

60 1240 35 14 ma
118 1233 61 28 grad,
199 1240 47 14 som
260 1232 96 22 rörelsen
371 1234 74 26 stiger.
475 1233 72 27 Billigt
561 1235 26 19 är
601 1233 94 27 derföre,
712 1236 30 18 att
757 1234 50 26 den,

60 1262 46 27 som
122 1269 25 19 är
161 1267 7 21 i
183 1266 127 28 åtnjutande
325 1267 23 21 af
361 1266 72 22 denna
448 1266 91 27 förmån,
557 1267 81 21 skattar
652 1268 8 20 i
674 1266 136 23 förhållande

61 1302 29 20 till
112 1301 135 21 densamma.
277 1301 43 21 Det
341 1301 88 21 rättvisa
444 1301 46 20 häri
506 1302 108 20 erkännes
630 1302 40 20 och
685 1301 124 21 framhälles

61 1337 70 24 äfven,
149 1334 28 22 då
192 1336 36 19 det
243 1336 68 26 gäller
325 1336 30 19 att
369 1336 96 20 försvara
481 1336 41 20 den
535 1336 57 20 olika
601 1336 206 26 skjutsningstunga,

60 1376 46 14 som
129 1370 6 19 i
157 1369 70 20 skilda
246 1368 61 21 delar
322 1369 23 20 af
357 1368 74 21 landet
445 1369 69 20 hvilar
529 1367 28 28 på
569 1368 86 27 jorden.
687 1369 50 20 Men
753 1369 56 20 trafi-

60 1404 55 20 kens
130 1404 68 20 större
213 1402 53 21 eller
281 1402 84 21 mindre
380 1402 89 27 liflighet
484 1403 64 21 berör
562 1402 49 20 icke
625 1402 130 27 jordegaren
773 1410 38 12 en-

61 1444 54 15 sam.
147 1438 43 20 Det
209 1437 68 26 gifves
293 1438 91 20 tvärtom
399 1436 107 28 knappast
521 1436 65 28 något
601 1435 136 23 förhållande
752 1437 59 21 inom

131 1482 138 18 Sammansatta
282 1482 49 22 Lag-
343 1482 32 20 och
389 1481 182 18 Ekonomiutskottets
583 1482 114 18 betänkande
709 1481 36 18 N:o
760 1480 19 19 4.
