1031 1709
308 141 109 21 Ständ.'Sv.
434 152 25 4 —
475 140 54 28 Prop.
543 140 32 22 N:o
591 140 31 22 49,
796 140 13 21 9

257 206 122 24 pastoratet
399 204 106 28 utgående
527 204 204 28 aflöningsbeloppet
747 204 91 20 emellan

260 238 47 20 dem
329 238 56 26 efter
405 239 66 28 sagde
492 239 96 27 grunder
602 238 38 21 och
653 238 32 27 på
699 240 44 19 sätt
759 238 81 26 beträf-

259 272 68 24 fande
343 273 133 27 regleringen
491 272 68 28 deraf
570 273 41 21 här
626 272 70 22 nedan
711 272 94 28 stadgas.

319 306 250 29 Stadsförsamlingarne
583 308 35 20 må
633 307 47 20 med
695 307 48 21 sina
755 308 86 26 prester

261 340 180 27 öfverenskomma
457 342 92 20 rörande
564 342 68 21 desses
647 342 61 20 såväl
722 341 61 21 löner
795 347 44 14 som

262 375 109 21 boställen.

323 409 10 20 I
339 409 46 26 fall
401 409 73 22 lands-
489 410 38 21 och
541 409 192 28 stadsförsamling
749 409 90 21 tillsam-

263 451 60 14 mans
345 446 76 25 utgöra
440 447 29 18 ett
483 445 94 28 kyrkligt
592 444 110 27 samhälle,
719 444 37 21 bör
770 443 70 22 stads-

256 477 163 30 församlingen
444 479 86 28 deltaga
545 480 8 20 i
561 479 130 27 aflönandet
706 478 29 28 af
746 477 94 22 samhäl-

262 513 39 20 lets
318 513 138 27 presterskap
475 514 34 21 till
524 514 24 21 så
563 516 54 19 stort
633 514 81 27 belopp,
736 519 52 20 som,
804 512 37 21 vid

256 546 131 29 fördelning
410 547 28 28 af
450 549 41 20 den
501 548 57 27 från
573 548 48 21 hela
631 547 163 28 församlingen
808 549 34 18 ut-

262 582 81 27 gående
359 583 123 27 aflöningen
497 583 13 20 å
526 583 46 20 dess
588 583 137 20 medlemmar
733 581 54 28 efter
791 588 50 21 per-

262 617 98 26 sontalet,
376 617 83 26 belöper
472 617 34 28 sig
517 618 32 25 på
564 617 35 21 det
608 616 235 29 församlingen
773 612 10 37 i
792 612 54 37 stad

263 650 130 21 tillhörande
404 651 118 27 persontal.

527 725 15 27 $
556 726 21 21 2

321 764 106 28 Afgifter,
449 772 44 14 som
515 765 29 27 af
560 772 25 14 en
595 764 136 28 församling
747 764 35 21 till
793 771 50 20 pre-

264 799 118 27 sterskapet
396 801 95 26 utgöras,
507 801 34 20 mä
557 800 21 27 ej
593 799 35 22 till
643 799 114 28 aflönande
773 798 28 27 af
805 805 39 14 an-

264 841 44 13 nan
326 833 145 30 församlings
488 837 60 25 prest
563 833 117 22 användas.
710 833 135 21 Församlin-

264 876 48 20 gar,
335 869 72 21 hvilka
431 870 143 21 tillsammans
597 871 77 26 utgöra
696 871 29 18 ett
736 871 107 25 pastorat,

266 903 88 28 bidrage
370 904 34 21 till
419 904 40 21 den
473 911 156 21 gemensamma
638 903 157 28 kyrkoherdens
809 902 36 27 af-

265 938 93 21 lönande
372 939 8 19 i
390 938 143 27 förhållande
549 939 34 20 till
599 939 34 20 det
648 937 161 22 embetsbiträde
820 937 26 20 de

266 971 28 28 af
306 972 77 21 honom
398 973 67 26 hafva
481 975 32 18 att
524 972 110 28 päräkna,
650 972 108 21 hvaremot
773 971 73 27 kapel-

266 1007 44 26 lan,
333 1007 118 27 predikant
474 1007 37 21 och
526 1006 171 27 sockneadjunkt
712 1007 83 26 aflönas
811 1012 34 15 en-

266 1041 49 21 dast
337 1041 30 27 af
384 1042 40 21 den
447 1042 52 21 eller
513 1042 25 20 de
548 1041 169 27 församlingar,
732 1040 73 21 hvilka
821 1041 24 20 de

267 1076 90 28 detjena.

530 1129 15 26 $
560 1130 19 20 3.

324 1168 175 27 Presterskapets
516 1169 59 20 löner
597 1167 103 22 beräknas
715 1166 132 27 hufvudsak-

267 1203 57 27 ligen
341 1203 6 20 i
361 1202 100 27 spanmäl
478 1202 37 21 och
527 1203 124 26 penningar
665 1204 62 24 samt,
736 1201 37 21 der
783 1200 66 27 förut

267 1237 25 20 sä
307 1237 60 27 öfligt
382 1237 62 26 varit,
461 1235 63 28 äfven
540 1237 7 20 i
562 1235 73 28 hafra,
650 1237 57 19 smör
722 1235 37 20 och
771 1234 50 28 fisk.

325 1273 39 19 Att
374 1271 90 20 emellan
475 1271 138 27 löntayarene
629 1269 37 21 och
678 1270 57 27 uppä
751 1269 25 20 de
793 1269 55 20 beta-

269 1306 64 21 lande
343 1305 85 27 föreslå
438 1305 131 28 fördelning
583 1304 29 27 af
624 1305 25 20 de
657 1303 93 28 afgifter
760 1303 33 21 till
804 1309 44 21 pre-

267 1340 124 25 sterskapet,
413 1346 45 13 som
475 1339 59 26 från
545 1339 193 26 församlingarna
755 1337 34 20 till
805 1337 43 20 det-

268 1379 83 15 samma
373 1373 58 26 utgå,
455 1372 140 27 öfverlemnas
618 1373 23 19 åt
665 1371 25 20 de
711 1371 6 20 i
732 1371 15 27 $
762 1371 29 20 14
806 1377 43 14 om-

269 1407 96 22 nämnda
381 1406 224 29 reyleringskomitéer,
621 1405 78 27 hvilka,
715 1405 39 20 der
765 1406 84 19 manta-

270 1443 28 21 let
323 1441 77 27 blifver
419 1442 97 28 grunden
526 1441 41 28 för
583 1440 132 28 afgifternas
731 1439 119 28 utgörande

264 1477 58 27 från
341 1476 212 28 jordlägenheterna,
569 1476 52 20 böra
630 1474 42 27 för
687 1474 104 28 lägenhet,
806 1480 46 14 som
