1048 1706
236 134 13 20 D
425 132 29 18 U.
467 132 31 18 B.
511 141 22 3 —
546 132 82 22 Prop.
640 131 46 18 N:o
699 130 25 18 6.

205 197 69 21 dervid
289 197 72 21 vunnit
371 203 25 15 en
406 197 117 27 mängsidig
534 197 114 27 utredning,
665 196 81 21 hvilken
757 195 106 22 Utskottet
877 194 67 22 mäste

204 232 110 22 förutsätta
329 232 66 22 säsom
413 232 113 22 Ständerna
542 232 80 26 bekant,
644 232 53 21 samt
712 230 196 22 hufvudmomenten
925 230 23 21 af

205 268 82 28 frågans
307 268 79 27 förlopp
402 268 78 27 jemväl
500 268 65 21 finnas
585 268 31 20 uti
639 267 38 21 den
700 267 75 27 nådiga
795 266 151 28 propositionen

207 304 88 28 angifna,
313 310 58 15 anser
387 304 31 27 sig
432 304 63 20 likväl
505 303 106 22 Utskottet
626 303 55 26 böra,
698 302 31 22 för
745 303 31 21 att
791 302 56 28 gifva
863 308 24 14 en
897 301 49 21 full-

206 340 82 27 ständig
303 339 43 21 bild
362 339 23 21 af
397 339 71 21 sakens
487 339 61 28 gäng,
568 339 123 21 förutskicka
707 345 25 15 en
748 338 63 28 nägot
827 337 120 23 omständli-

208 382 47 21 gare
271 375 86 22 relation
373 375 22 21 af
408 375 121 21 hithörande
545 374 144 22 förhällanden.

278 411 33 21 Dä
326 410 130 22 storskiftena
471 411 34 21 vid
526 410 76 22 medlet
623 410 22 21 af
660 410 119 22 1700-talet
794 410 82 27 vidtogo
892 410 56 20 inom

208 443 136 29 Österbotten,
367 446 69 27 afsägo
458 446 104 21 desamma
582 446 33 21 till
634 452 24 14 en
678 446 71 27 början
770 446 83 27 delning
869 445 22 21 af
908 445 41 21 alla

209 488 48 22 egor
272 482 55 21 inom
344 481 188 28 samfälligheterna
547 481 86 22 emellan
649 482 128 26 hemmanen,
799 481 49 21 utan
865 481 31 21 att
911 480 38 22 nä-

209 524 40 22 gon
270 518 40 21 viss
331 517 86 28 egovidd
437 517 32 21 för
489 517 100 21 mantalet
609 517 68 21 blifvit
697 516 99 22 bestämd.
828 517 49 20 Men
893 516 57 21 snart

209 553 88 21 infördes
313 553 104 27 principen
433 559 34 15 om
482 553 88 21 kronans
588 552 42 21 rätt
645 552 32 21 till
693 552 26 22 fri
739 552 119 28 disposition
875 552 22 21 af
911 552 38 20 den

208 589 50 27 skog
274 588 38 22 och
327 588 88 26 utmark,
437 594 43 15 som
502 588 101 27 öfversteg
623 588 133 21 hemmanens
777 588 69 25 behof;
868 588 81 20 hvilken

209 624 84 27 princip,
310 623 152 22 framträdande
477 624 8 20 i
495 624 75 27 Kongl.
588 623 143 28 förordningen
743 624 38 21 den
793 624 27 21 27
832 623 49 21 Juni
893 623 56 21 1775

210 660 37 21 och
261 660 76 27 Kongl.
355 659 136 27 förklaringen
508 659 39 21 den
564 659 26 21 25
602 659 59 27 April
677 660 62 26 1777,
757 662 93 18 närmare
866 658 84 22 utveck-

208 695 56 21 lades
279 695 31 21 uti
326 695 30 21 ett
373 695 33 21 till
423 694 193 28 landshöfdingarne
635 695 7 21 i
658 695 87 21 Finland
764 695 38 21 den
820 696 26 20 10
862 694 89 28 Augusti

209 730 90 28 påföljda
322 730 22 21 är
367 730 104 21 utfärdadt
492 730 138 21 cirkulärbref.
667 730 175 28 Hufvudsakligen
865 730 32 21 för
920 730 31 21 att

209 766 69 28 undgå
293 765 113 28 utgifterna
421 765 31 21 för
473 765 103 21 storskifte
596 765 37 21 och
648 765 154 28 skattläggning
818 765 87 21 förband
920 765 31 28 sig

210 802 101 27 allmogen
328 801 7 21 i
350 800 105 22 Kuusamo
472 800 36 21 och
525 800 117 22 Kemiträsk
657 801 90 26 socknar,
764 801 33 21 till
811 801 81 21 hvilken
903 801 48 21 sist-

210 836 90 22 nämnda
315 836 119 28 Kuolajärvi
449 836 107 27 lappmark
572 836 25 21 dä
612 836 67 26 hörde,
700 843 74 21 genom
789 836 161 28 ifrägavarande,

211 873 38 21 den
266 873 27 20 27
309 872 60 28 April
386 872 56 21 1790
458 872 124 21 stadfästade
592 872 176 27 knektekontrakt,
786 873 31 21 att
833 872 55 22 emot
898 872 54 22 vissa

211 908 126 21 förbehällna
352 907 65 21 vilkor
432 908 103 26 uppställa
554 907 88 21 soldater
663 908 36 20 och
712 908 72 28 jägare
801 908 48 21 eller
865 908 86 21 enrolle-

210 943 155 28 ringsmanskap
380 942 33 21 till
428 942 35 21 det
482 943 56 21 antal
556 943 7 21 i
579 942 39 22 den
637 942 74 28 nädiga
730 944 150 27 propositionen
899 950 52 20 upp-

212 979 69 28 gifves.
313 978 96 22 Vilkoren
425 978 7 20 i
452 978 57 21 dessa
528 978 101 26 kontrakt,
650 978 69 22 hvilka
735 979 16 27 ej
772 986 56 14 mera
843 979 109 21 förefinnas

211 1014 7 21 i
234 1014 91 28 original,
343 1016 41 24 äro,
401 1014 65 27 enligt
482 1020 24 15 en
523 1014 38 21 den
577 1015 14 19 4
606 1014 42 27 Maj
667 1015 53 21 1791
738 1015 62 27 tagen
817 1015 38 21 och
869 1015 8 21 i
892 1021 59 15 sven-

211 1050 35 21 ska
261 1050 120 21 riksarkivet
396 1049 94 21 förvarad
505 1049 79 21 afskrift
596 1050 22 20 af
626 1050 169 27 landshöfdingen
810 1051 67 20 Johan
888 1050 64 21 Fred-

211 1085 30 20 rik
263 1084 109 27 Carpelans
392 1084 140 27 underdäniga
550 1084 123 21 hemställan
694 1085 7 20 i
722 1085 89 27 ärendet,
828 1098 27 3 —
871 1085 82 22 hvilken

212 1119 80 22 afskrift
312 1119 30 22 uti
365 1119 141 28 ifrägakomna
530 1119 93 22 afseende
643 1120 7 20 i
671 1120 34 21 det
725 1122 104 20 närmaste
850 1121 103 21 öfverens-

212 1155 99 21 stämmer
326 1154 48 22 med
389 1154 34 21 det
441 1155 107 26 protokoll,
571 1161 43 14 som
630 1155 51 22 förts
697 1155 33 22 vid
747 1156 24 21 de
787 1157 166 21 sammanträden

212 1191 93 21 bemälde
320 1190 144 27 landshöfding
479 1190 60 21 hållit
554 1190 47 21 med
618 1191 101 28 allmogen
729 1191 7 21 i
747 1192 118 21 Kemiträsk
881 1193 72 20 socken

212 1226 38 21 den
268 1227 10 20 1
297 1225 37 22 och
351 1226 12 21 2
379 1225 90 28 Augusti
487 1226 55 21 samt
560 1225 48 22 med
626 1226 105 22 Kuusamo
747 1227 122 22 socknemän
885 1227 38 22 den
941 1229 12 21 8

211 1261 7 20 i
233 1267 80 14 samma
328 1260 75 21 mänad
419 1260 22 20 är
458 1261 62 25 1789,
539 1273 27 2 —
584 1261 22 20 af
619 1261 88 26 följande
726 1262 85 27 lydelse:

283 1297 21 24 a)
320 1295 31 21 för
366 1295 105 21 Kuusamo
489 1295 81 21 socken:

285 1332 46 20 *1:o
351 1329 29 22 At
402 1336 49 15 vara
477 1329 92 22 frikände
595 1330 56 22 såväl
671 1331 32 22 för
724 1331 83 23 Soldate
831 1333 60 28 legan
917 1333 37 22 och

212 1367 88 26 stedsell,
317 1365 62 22 sedan
396 1365 119 22 Soldaterne
531 1365 67 22 blifvit
615 1366 102 23 föresedde
734 1368 47 21 med
792 1369 59 27 Torp,
868 1375 45 15 som
923 1369 32 22 för

212 1403 87 27 refning,
317 1401 113 24 Storskifte,
448 1401 160 29 Skattläggning
622 1403 37 20 och
669 1403 87 28 Rägäng
767 1404 112 22 kostnaden
891 1405 63 22 emel-

212 1439 35 21 lan
264 1437 83 28 Sverige
367 1437 37 21 och
423 1436 101 28 Ryssland
542 1437 38 22 och
600 1438 21 21 at
636 1438 63 22 blifva
717 1439 31 22 för
763 1440 120 29 Everdeligo
901 1441 54 22 tider

212 1474 92 22 förskont
319 1473 32 21 för
366 1472 116 27 förhöjning
497 1473 39 21 och
554 1473 110 28 tillökning
679 1475 22 20 af
714 1481 67 16 annan
797 1476 55 21 skatt
868 1477 37 21 och
920 1477 35 21 ut-

276 1520 128 18 Sammansatta
417 1519 46 22 Lag-
476 1519 29 18 och
518 1519 172 20 Ekonomiutskottets
702 1521 106 20 betänkande
820 1523 37 18 N:o
870 1523 19 18 5.
