1020 1709
260 141 26 18 U.
304 142 26 17 B.
347 151 26 4 —
389 142 82 23 Prop.
487 142 46 19 N:o
547 142 36 19 19.

356 412 186 33 Lagutskottets
556 412 156 26 betänkande
727 413 42 25 N:o
781 413 12 25 5

289 452 8 25 i
322 451 131 35 anledning
476 453 26 26 af
518 453 74 26 Hans
619 453 177 34 Kejserliga

290 493 156 34 Majestäts
465 493 89 34 nädiga
572 494 166 34 proposition,
750 503 42 16 an-

289 533 95 33 gäende
403 533 174 34 förändringar
595 534 8 25 i
622 534 84 33 lagens
726 534 67 25 stad-

289 573 95 33 ganden
402 581 39 18 om
459 574 76 25 oäkta
552 575 73 24 barns
644 575 111 24 arfsrätt.

121 653 43 21 Vid
189 653 54 21 1872
266 653 35 21 ärs
327 653 104 27 landtdag
450 655 88 21 väcktes
557 655 58 20 inom
634 654 162 21 Bondeständet

54 687 82 27 förslag
150 687 34 21 till
200 693 25 15 en
241 687 135 27 underdänig
391 688 92 26 petition
498 695 34 14 om
548 688 92 27 ändring
655 683 34 36 af7
701 688 12 27 $
726 689 8 20 8
747 688 48 27 kap.

53 716 148 27 Ärfdabalken
221 722 8 20 i
248 721 36 21 det
299 721 62 28 syfte,
378 723 33 20 att
425 722 54 21 barn
494 721 69 22 aflade
578 723 7 20 i
600 722 131 27 lönskaläge,
747 723 49 20 hor-

55 755 49 21 dom
119 755 39 21 och
173 755 116 28 förbjudna
307 756 68 26 leder,
396 756 70 21 skulle
481 756 22 21 fä
518 757 60 21 ärfva
593 757 48 20 sina
655 756 86 21 mödrar
757 757 40 20 och

54 789 195 22 mödernefränder.
284 790 114 27 Förslaget
417 790 137 22 framstäldes
574 791 48 20 med
641 790 118 22 anförande
775 790 24 21 af

55 823 40 22 den
118 823 62 28 äsigt,
201 826 32 19 att
251 824 37 21 det
310 831 51 15 vore
379 825 146 27 naturvidrigt
543 825 39 21 och
603 825 91 26 obilligt,
714 826 33 20 att
765 826 32 20 ett

54 859 110 27 oskyldigt
184 859 55 21 barn
257 859 69 22 mäste
345 859 45 21 lida
408 859 33 21 för
456 860 47 21 sina
518 860 118 21 föräldrars
652 860 58 21 brott
726 859 23 22 sä
765 861 32 20 att

55 893 42 27 det,
120 893 91 27 mängen
233 893 57 27 gäng
312 893 33 21 till
369 893 83 22 förmän
471 894 35 21 för
527 893 96 28 aflägsna
637 893 159 27 anförvandter,

54 934 51 15 vore
126 928 127 26 utestängdt
273 927 48 22 frän
341 927 35 22 arf
389 927 19 27 ej
424 928 56 21 blott
494 928 56 22 efter
565 929 33 20 sin
613 927 68 26 fader,
696 929 52 20 utan
764 927 34 21 till

55 961 40 21 och
109 962 48 20 med
166 961 55 21 efter
228 962 34 21 sin
270 962 74 21 moder
354 962 40 21 och
402 961 80 22 hennes
491 963 63 26 slägt,
564 963 55 20 samt
627 963 32 20 att
667 963 76 20 barnet
751 962 47 21 der-

55 996 85 26 igenom
156 995 45 21 ofta
216 995 129 22 beröfvades
360 995 70 22 medel
445 996 34 21 till
495 996 154 25 undervisning
664 996 39 21 och
719 1002 25 15 en
758 996 40 21 bil-

56 1029 70 21 dande
148 1029 128 26 uppfostran
298 1031 56 19 samt
375 1029 51 22 fölle
449 1030 224 27 fattieförsörjningen
695 1030 33 21 till
749 1030 48 21 last.

56 1063 67 21 Detta
144 1063 82 27 förslag
248 1063 46 22 blef
315 1064 23 21 af
358 1064 38 21 det
415 1063 133 23 hedervärda
568 1064 91 21 Ständet
673 1064 126 27 hänskjutet

56 1097 33 22 till
112 1098 153 26 Lagutskottet
287 1098 35 21 vid
342 1104 80 15 samma
436 1099 104 26 landtdag
555 1099 49 20 med
620 1098 36 21 det
671 1098 23 22 af
708 1099 91 20 Ständet

56 1132 116 27 godkända
191 1132 90 27 tillägg:
296 1133 33 20 att
344 1132 65 21 oäkta
423 1133 54 21 barn
492 1133 67 21 borde
574 1132 21 22 fä
611 1132 60 21 ärfva
687 1132 63 21 äfven
766 1132 33 21 sin

57 1166 68 27 fader,
140 1173 34 15 om
190 1167 43 21 han
248 1166 101 27 frivilligt
364 1167 77 21 erkänt
456 1167 34 27 sig
505 1173 53 16 vara
572 1167 88 21 barnets
676 1167 60 21 fader
747 1166 53 21 eller

57 1200 23 21 af
95 1200 92 21 domstol
203 1206 76 21 genom
293 1200 51 27 laga
358 1200 59 21 kraft
432 1202 80 20 vunnet
526 1201 72 26 utslag
612 1206 51 16 vore
673 1201 71 20 derom
755 1200 45 21 för-

59 1240 75 16 vunen.

125 1269 12 21 I
155 1269 39 21 sitt
208 1269 8 20 i
231 1269 67 21 saken
313 1268 82 27 afgifna
410 1269 136 21 betänkande
561 1269 95 26 antydde
671 1269 129 27 Lagutskot-

59 1305 32 20 tet
114 1303 36 21 det
165 1303 119 26 grannlaga
299 1303 32 20 uti
351 1303 40 21 den
410 1303 78 21 väckta
504 1303 83 26 frägan,
607 1303 36 21 vid
663 1303 63 21 hvars
742 1303 59 27 afgö-

58 1337 67 20 rande
144 1338 37 20 det
202 1337 63 26 gälde
285 1339 33 18 att
338 1337 33 20 till
387 1337 55 25 godo
458 1343 23 14 se
496 1337 48 20 icke
559 1337 57 20 blott
632 1337 26 20 de
674 1337 64 20 oäkta
752 1338 49 19 bar-

59 1376 53 15 nens
132 1372 49 23 rätt,
204 1371 52 20 utan
277 1370 63 21 äfven
356 1369 67 22 andra
438 1369 90 27 sedliga,
543 1369 35 21 för
593 1369 112 22 samhället
720 1370 82 26 vigtiga

59 1404 114 21 intressen.
205 1403 174 27 Framhällande,
399 1404 32 20 att
450 1403 54 21 1734
524 1403 34 21 års
581 1403 35 27 lag
634 1403 78 27 intagit
727 1409 26 16 en
769 1403 33 21 för

61 1439 33 21 sin
109 1438 32 21 tid
156 1438 146 22 framstäende
318 1438 134 27 ständpunkt
467 1438 7 20 i
489 1438 57 21 hvad
566 1444 45 15 som
627 1438 91 27 anginge
729 1440 74 18 natur-

60 1473 45 27 liga
119 1473 66 21 barns
203 1472 137 27 rättigheter,
362 1472 66 26 ansäg
443 1472 113 22 Utskottet
572 1472 36 21 det
623 1472 66 21 likväl
704 1472 23 21 sä
747 1478 56 21 myc-

129 1518 126 22 Lagutskottets
268 1517 111 18 Betänkande
391 1516 34 18 N:o
437 1517 16 17 5.
