1045 1706
252 140 26 20 10

444 138 25 18 U.
481 140 28 17 B.
521 148 22 3 —
555 138 77 23 Prop.
644 138 43 18 N:o
698 138 18 18 7.

371 208 69 25 derna,
462 207 65 21 hvilka
547 208 8 19 i
574 206 157 26 underdänighet
747 206 82 21 anhålla
842 212 33 15 om
889 206 59 26 nådig

373 242 123 25 proposition
515 241 28 20 till
559 240 161 21 nästkommande
738 240 93 26 landtdag
845 240 103 26 angående

374 280 24 16 en
422 274 64 21 sådan
506 275 39 25 lag,
567 280 43 14 som
628 274 159 26 fullständigare,
803 275 28 19 än
844 274 33 20 det
891 274 59 26 enligt

373 308 99 26 grundlag
484 309 28 25 på
527 308 146 20 administraliv
688 309 39 25 väg
742 309 25 19 är
781 308 82 26 möjligt,
873 308 76 20 komme

370 344 30 19 att
412 342 49 26 fylla
474 342 97 21 luckorna
583 342 29 20 uti
626 342 75 20 landets
713 342 106 20 allmänna
827 341 122 27 lagstiftning

369 383 32 15 om
422 377 101 27 byggande
544 376 23 26 af
585 377 94 25 jernväg,
695 376 107 21 emellertid
815 376 42 21 icke
870 376 79 21 undan-

375 412 64 25 draga
457 412 30 25 sig
505 412 30 19 att
551 410 62 21 redan
628 416 28 15 nu
670 410 106 21 medverka
790 410 29 21 till
831 416 25 15 en
871 410 32 26 lag
918 416 31 14 om

371 446 94 26 hypolhek
487 447 30 19 uti
534 446 94 25 jernväg,
653 446 54 19 samt
725 444 124 27 fördenskull
864 444 34 27 för
918 445 30 20 sin

370 481 31 20 del
414 481 77 25 antagit
504 486 25 14 en
543 480 24 20 så
581 479 93 26 lydande:

340 569 149 28 Förordning
504 575 38 17 om
555 569 137 28 inteckning
706 570 8 21 i
726 569 105 28 jernväg.

565 627 11 26 8
594 627 17 20 1.

427 663 28 25 Är
473 667 116 21 koncession
606 668 13 19 &
631 667 221 26 jernvägsanläggning
865 667 87 26 beviljad

372 701 103 26 menighet,
491 701 57 26 bolag
562 701 46 20 eller
624 701 74 21 enskild
708 706 82 21 person,
804 701 47 21 eller
865 701 35 21 vill
909 707 41 15 me-

376 734 72 26 nighet,
464 734 57 26 bolag
541 734 46 21 eller
602 734 74 21 enskild
687 739 76 21 person
778 735 44 20 med
837 734 59 26 laglig
910 735 43 20 rätt

370 769 13 19 å
401 774 50 20 egen
472 768 57 21 mark
545 768 87 26 anlägga
644 769 95 26 jernväg,
753 773 50 16 vare
817 768 113 26 inteckning
944 769 7 19 i

369 802 64 21 sådan
455 802 121 26 anläggning
597 801 65 21 under
682 802 148 21 nedanstående
843 802 62 21 vilkor
920 802 30 21 til-

370 836 53 20 låten
445 835 29 20 till
494 836 93 21 säkerhet
606 835 35 27 för
655 836 87 26 fordran
756 837 7 20 i
775 837 114 25 penningar
904 835 47 22 eller

374 875 63 15 varor
453 869 28 21 till
494 871 50 19 visst
557 869 73 27 belopp,
647 870 64 21 hvilka
723 870 121 26 försträckts
852 870 47 21 eller
906 870 44 26 för-

371 904 91 20 sträckas
476 904 125 25 jernvägens
620 909 60 20 egare
698 904 29 20 till
740 905 75 24 vägens
827 904 123 27 fullbordan-

371 937 30 26 de,
416 937 105 21 underhåll
535 937 49 21 eller
598 937 134 27 begagnande,
747 939 24 19 så
785 939 35 20 ock
833 938 34 27 för
881 945 70 15 annan

370 971 51 21 hans
438 971 51 26 gäld,
505 977 42 15 som
568 971 22 26 af
604 972 114 26 jernvägen
736 971 121 22 omedelbart
869 973 81 21 härrör.

372 1005 37 20 Om
428 1006 112 25 inteckning
562 1007 6 19 i
580 1007 94 25 jernväg,
690 1011 42 15 som
749 1006 64 21 redan
825 1007 124 27 fullbordats,

374 1045 50 15 vare
438 1040 33 25 lag
485 1045 84 15 samma.

433 1073 115 25 Inteckning
561 1074 7 19 i
582 1074 86 25 iernväg
682 1073 77 26 medför
774 1074 105 21 enahanda
890 1077 61 24 pant-

371 1106 37 21 och
426 1106 135 26 förmånsrätt
575 1107 7 19 i
593 1107 192 25 jernvägsområdet
798 1107 44 21 med
855 1107 49 22 derå
918 1108 32 21 be-

369 1139 78 26 fintliga
467 1139 113 27 byggnader
604 1139 36 21 och
662 1139 66 27 öfriga
743 1141 56 25 fasta
813 1141 137 27 inrättningar

373 1174 104 26 äfvensom
491 1173 24 21 de
529 1174 29 20 till
568 1175 114 24 jernvägen
697 1174 88 21 hörande
800 1175 103 21 lokomotiv
914 1177 36 20 och

370 1213 79 20 vagnar
470 1209 52 18 samt
543 1213 69 14 annan
622 1208 35 25 för
672 1208 84 25 trafiken
770 1209 105 26 anskaffad
889 1211 62 26 rörlig

369 1241 94 25 måteriel,
485 1247 42 14 som
551 1241 110 25 inteckning
684 1242 7 19 i
710 1244 44 23 fast
775 1243 94 24 egendom
891 1244 61 25 enligt

368 1274 76 21 allmän
458 1274 38 25 lag.

424 1307 89 26 Jernväg
526 1307 45 22 med
583 1307 52 21 hvad
648 1307 65 22 dertill
726 1308 59 22 hörer
799 1311 33 20 må
847 1311 21 26 ej
882 1311 66 28 delvis,

369 1343 49 19 utan
433 1341 70 21 endast
516 1343 7 19 i
537 1342 44 21 dess
595 1341 64 22 helhet
671 1343 108 21 intecknas.

557 1393 12 27 8
584 1393 18 21 2.

425 1432 115 27 Inteckning
561 1435 7 20 i
584 1435 87 26 jernväg
685 1435 56 20 sökes
755 1435 34 21 vid
802 1436 147 21 underdomstol

369 1467 7 19 i
390 1466 37 21 den
442 1468 38 25 ort,
495 1467 36 21 der
543 1469 125 26 jernvägens
675 1469 147 26 hufvudstation
832 1472 25 19 är
865 1470 81 27 belägen

292 1505 71 23 Bihang
374 1505 28 18 till
414 1505 139 23 Lagutskottets
565 1507 116 20 betänkande
693 1509 33 18 N:o
739 1510 16 18 2.
