<?xml version="1.0" encoding="UTF-8"?>
<alto xmlns="http://www.loc.gov/standards/alto/ns-v3#" xmlns:xlink="http://www.w3.org/1999/xlink" xmlns:xsi="http://www.w3.org/2001/XMLSchema-instance" xsi:schemaLocation="http://www.loc.gov/standards/alto/ns-v3# http://www.loc.gov/alto/v3/alto-3-0.xsd">
	<Description>
		<MeasurementUnit>pixel</MeasurementUnit>
		<sourceImageInformation>
			<fileName>/tmp/tess_yrhj80l3_input.PNG</fileName>
		</sourceImageInformation>
		<OCRProcessing ID="OCR_0">
			<ocrProcessingStep>
				<processingSoftware>
					<softwareName>tesseract 5.3.4</softwareName>
				</processingSoftware>
			</ocrProcessingStep>
		</OCRProcessing>
	</Description>
	<Layout>
		<Page WIDTH="1031" HEIGHT="1706" PHYSICAL_IMG_NR="0" ID="page_0">
			<PrintSpace HPOS="0" VPOS="0" WIDTH="1031" HEIGHT="1706">
				<ComposedBlock ID="cblock_0" HPOS="244" VPOS="146" WIDTH="27" HEIGHT="22">
					<TextBlock ID="block_0" HPOS="244" VPOS="146" WIDTH="27" HEIGHT="22">
						<TextLine ID="line_0" HPOS="244" VPOS="146" WIDTH="27" HEIGHT="22">
							<String ID="string_0" HPOS="244" VPOS="146" WIDTH="27" HEIGHT="22" WC="0.96" CONTENT="18"/>
						</TextLine>
					</TextBlock>
				</ComposedBlock>
				<ComposedBlock ID="cblock_1" HPOS="432" VPOS="143" WIDTH="315" HEIGHT="28">
					<TextBlock ID="block_1" HPOS="432" VPOS="143" WIDTH="315" HEIGHT="28">
						<TextLine ID="line_1" HPOS="432" VPOS="143" WIDTH="315" HEIGHT="28">
							<String ID="string_1" HPOS="432" VPOS="144" WIDTH="62" HEIGHT="22" WC="0.89" CONTENT="Ständ."/><SP WIDTH="15" VPOS="144" HPOS="494"/>
							<String ID="string_2" HPOS="509" VPOS="144" WIDTH="31" HEIGHT="22" WC="0.82" CONTENT="Sv."/><SP WIDTH="17" VPOS="144" HPOS="540"/>
							<String ID="string_3" HPOS="557" VPOS="156" WIDTH="26" HEIGHT="4" WC="0.91" CONTENT="—"/><SP WIDTH="15" VPOS="156" HPOS="583"/>
							<String ID="string_4" HPOS="598" VPOS="144" WIDTH="55" HEIGHT="27" WC="0.93" CONTENT="Prop."/><SP WIDTH="14" VPOS="144" HPOS="653"/>
							<String ID="string_5" HPOS="667" VPOS="143" WIDTH="33" HEIGHT="21" WC="0.96" CONTENT="N:o"/><SP WIDTH="16" VPOS="143" HPOS="700"/>
							<String ID="string_6" HPOS="716" VPOS="143" WIDTH="31" HEIGHT="21" WC="0.94" CONTENT="11."/>
						</TextLine>
					</TextBlock>
				</ComposedBlock>
				<ComposedBlock ID="cblock_2" HPOS="381" VPOS="205" WIDTH="589" HEIGHT="133">
					<TextBlock ID="block_2" HPOS="381" VPOS="205" WIDTH="589" HEIGHT="133">
						<TextLine ID="line_2" HPOS="381" VPOS="205" WIDTH="589" HEIGHT="29">
							<String ID="string_7" HPOS="381" VPOS="207" WIDTH="134" HEIGHT="27" WC="0.92" CONTENT="skjutslaget,"/><SP WIDTH="22" VPOS="207" HPOS="515"/>
							<String ID="string_8" HPOS="537" VPOS="213" WIDTH="45" HEIGHT="15" WC="0.96" CONTENT="som"/><SP WIDTH="18" VPOS="213" HPOS="582"/>
							<String ID="string_9" HPOS="600" VPOS="206" WIDTH="8" HEIGHT="20" WC="0.93" CONTENT="i"/><SP WIDTH="14" VPOS="206" HPOS="608"/>
							<String ID="string_10" HPOS="622" VPOS="205" WIDTH="229" HEIGHT="29" WC="0.90" CONTENT="skjutsningsbesväret"/><SP WIDTH="22" VPOS="205" HPOS="851"/>
							<String ID="string_11" HPOS="873" VPOS="205" WIDTH="97" HEIGHT="29" WC="0.96" CONTENT="deltaga,"/>
						</TextLine>
						<TextLine ID="line_3" HPOS="381" VPOS="239" WIDTH="589" HEIGHT="28">
							<String ID="string_12" HPOS="381" VPOS="243" WIDTH="33" HEIGHT="19" WC="0.95" CONTENT="att"/><SP WIDTH="20" VPOS="243" HPOS="414"/>
							<String ID="string_13" HPOS="434" VPOS="241" WIDTH="8" HEIGHT="20" WC="0.93" CONTENT="i"/><SP WIDTH="20" VPOS="241" HPOS="442"/>
							<String ID="string_14" HPOS="462" VPOS="240" WIDTH="113" HEIGHT="22" WC="0.91" CONTENT="enahanda"/><SP WIDTH="17" VPOS="240" HPOS="575"/>
							<String ID="string_15" HPOS="592" VPOS="239" WIDTH="152" HEIGHT="28" WC="0.89" CONTENT="förhällande,"/><SP WIDTH="21" VPOS="239" HPOS="744"/>
							<String ID="string_16" HPOS="765" VPOS="246" WIDTH="45" HEIGHT="15" WC="0.95" CONTENT="som"/><SP WIDTH="23" VPOS="246" HPOS="810"/>
							<String ID="string_17" HPOS="833" VPOS="239" WIDTH="58" HEIGHT="22" WC="0.95" CONTENT="detta"/><SP WIDTH="22" VPOS="239" HPOS="891"/>
							<String ID="string_18" HPOS="913" VPOS="240" WIDTH="57" HEIGHT="27" WC="0.96" CONTENT="sker,"/>
						</TextLine>
						<TextLine ID="line_4" HPOS="382" VPOS="274" WIDTH="587" HEIGHT="28">
							<String ID="string_19" HPOS="382" VPOS="276" WIDTH="70" HEIGHT="20" WC="0.95" CONTENT="lemna"/><SP WIDTH="23" VPOS="276" HPOS="452"/>
							<String ID="string_20" HPOS="475" VPOS="274" WIDTH="76" HEIGHT="28" WC="0.54" CONTENT="bidrag"/><SP WIDTH="19" VPOS="274" HPOS="551"/>
							<String ID="string_21" HPOS="570" VPOS="274" WIDTH="35" HEIGHT="22" WC="0.93" CONTENT="till"/><SP WIDTH="18" VPOS="274" HPOS="605"/>
							<String ID="string_22" HPOS="623" VPOS="274" WIDTH="99" HEIGHT="21" WC="0.96" CONTENT="markens"/><SP WIDTH="18" VPOS="274" HPOS="722"/>
							<String ID="string_23" HPOS="740" VPOS="274" WIDTH="82" HEIGHT="21" WC="0.96" CONTENT="inlösen"/><SP WIDTH="17" VPOS="274" HPOS="822"/>
							<String ID="string_24" HPOS="839" VPOS="277" WIDTH="56" HEIGHT="19" WC="0.93" CONTENT="samt"/><SP WIDTH="15" VPOS="277" HPOS="895"/>
							<String ID="string_25" HPOS="910" VPOS="276" WIDTH="59" HEIGHT="26" WC="0.84" CONTENT="gäst-"/>
						</TextLine>
						<TextLine ID="line_5" HPOS="381" VPOS="308" WIDTH="426" HEIGHT="30">
							<String ID="string_26" HPOS="381" VPOS="308" WIDTH="109" HEIGHT="30" WC="0.92" CONTENT="gifveriets"/><SP WIDTH="16" VPOS="308" HPOS="490"/>
							<String ID="string_27" HPOS="506" VPOS="308" WIDTH="110" HEIGHT="29" WC="0.95" CONTENT="byggande"/><SP WIDTH="16" VPOS="308" HPOS="616"/>
							<String ID="string_28" HPOS="632" VPOS="308" WIDTH="38" HEIGHT="21" WC="0.96" CONTENT="och"/><SP WIDTH="15" VPOS="308" HPOS="670"/>
							<String ID="string_29" HPOS="685" VPOS="308" WIDTH="122" HEIGHT="22" WC="0.96" CONTENT="underhåll."/>
						</TextLine>
					</TextBlock>
				</ComposedBlock>
				<ComposedBlock ID="cblock_3" HPOS="379" VPOS="373" WIDTH="593" HEIGHT="272">
					<TextBlock ID="block_3" HPOS="640" VPOS="373" WIDTH="65" HEIGHT="24">
						<TextLine ID="line_6" HPOS="640" VPOS="373" WIDTH="65" HEIGHT="24">
							<String ID="string_30" HPOS="640" VPOS="373" WIDTH="16" HEIGHT="24" WC="0.90" CONTENT="$"/><SP WIDTH="15" VPOS="373" HPOS="656"/>
							<String ID="string_31" HPOS="671" VPOS="373" WIDTH="34" HEIGHT="20" WC="0.96" CONTENT="10."/>
						</TextLine>
					</TextBlock>
					<TextBlock ID="block_4" HPOS="379" VPOS="410" WIDTH="593" HEIGHT="235">
						<TextLine ID="line_7" HPOS="442" VPOS="410" WIDTH="528" HEIGHT="30">
							<String ID="string_32" HPOS="442" VPOS="412" WIDTH="44" HEIGHT="21" WC="0.92" CONTENT="Vill"/><SP WIDTH="22" VPOS="412" HPOS="486"/>
							<String ID="string_33" HPOS="508" VPOS="418" WIDTH="62" HEIGHT="22" WC="0.91" CONTENT="egare"/><SP WIDTH="22" VPOS="418" HPOS="570"/>
							<String ID="string_34" HPOS="592" VPOS="412" WIDTH="52" HEIGHT="20" WC="0.93" CONTENT="eller"/><SP WIDTH="18" VPOS="412" HPOS="644"/>
							<String ID="string_35" HPOS="662" VPOS="410" WIDTH="141" HEIGHT="28" WC="0.90" CONTENT="innehafvare"/><SP WIDTH="15" VPOS="410" HPOS="803"/>
							<String ID="string_36" HPOS="818" VPOS="410" WIDTH="29" HEIGHT="28" WC="0.96" CONTENT="af"/><SP WIDTH="7" VPOS="410" HPOS="847"/>
							<String ID="string_37" HPOS="854" VPOS="412" WIDTH="62" HEIGHT="27" WC="0.95" CONTENT="jord,"/><SP WIDTH="15" VPOS="412" HPOS="916"/>
							<String ID="string_38" HPOS="931" VPOS="412" WIDTH="39" HEIGHT="21" WC="0.96" CONTENT="der"/>
						</TextLine>
						<TextLine ID="line_8" HPOS="381" VPOS="445" WIDTH="590" HEIGHT="30">
							<String ID="string_39" HPOS="381" VPOS="446" WIDTH="129" HEIGHT="29" WC="0.89" CONTENT="gästgifveri"/><SP WIDTH="15" VPOS="446" HPOS="510"/>
							<String ID="string_40" HPOS="525" VPOS="447" WIDTH="99" HEIGHT="25" WC="0.95" CONTENT="inrättas,"/><SP WIDTH="16" VPOS="447" HPOS="624"/>
							<String ID="string_41" HPOS="640" VPOS="445" WIDTH="21" HEIGHT="28" WC="0.96" CONTENT="ej"/><SP WIDTH="15" VPOS="445" HPOS="661"/>
							<String ID="string_42" HPOS="676" VPOS="445" WIDTH="139" HEIGHT="21" WC="0.96" CONTENT="annorlunda"/><SP WIDTH="15" VPOS="445" HPOS="815"/>
							<String ID="string_43" HPOS="830" VPOS="447" WIDTH="29" HEIGHT="19" WC="0.96" CONTENT="än"/><SP WIDTH="14" VPOS="447" HPOS="859"/>
							<String ID="string_44" HPOS="873" VPOS="449" WIDTH="55" HEIGHT="18" WC="0.90" CONTENT="emot"/><SP WIDTH="9" VPOS="449" HPOS="928"/>
							<String ID="string_45" HPOS="937" VPOS="453" WIDTH="34" HEIGHT="14" WC="0.90" CONTENT="er-"/>
						</TextLine>
						<TextLine ID="line_9" HPOS="381" VPOS="479" WIDTH="588" HEIGHT="29">
							<String ID="string_46" HPOS="381" VPOS="481" WIDTH="97" HEIGHT="27" WC="0.96" CONTENT="sättning"/><SP WIDTH="22" VPOS="481" HPOS="478"/>
							<String ID="string_47" HPOS="500" VPOS="481" WIDTH="49" HEIGHT="20" WC="0.96" CONTENT="sina"/><SP WIDTH="19" VPOS="481" HPOS="549"/>
							<String ID="string_48" HPOS="568" VPOS="479" WIDTH="39" HEIGHT="22" WC="0.96" CONTENT="hus"/><SP WIDTH="19" VPOS="479" HPOS="607"/>
							<String ID="string_49" HPOS="626" VPOS="480" WIDTH="35" HEIGHT="21" WC="0.93" CONTENT="till"/><SP WIDTH="13" VPOS="480" HPOS="661"/>
							<String ID="string_50" HPOS="674" VPOS="479" WIDTH="129" HEIGHT="28" WC="0.91" CONTENT="gästgifveri"/><SP WIDTH="14" VPOS="479" HPOS="803"/>
							<String ID="string_51" HPOS="817" VPOS="480" WIDTH="98" HEIGHT="27" WC="0.96" CONTENT="upplåta,"/><SP WIDTH="17" VPOS="480" HPOS="915"/>
							<String ID="string_52" HPOS="932" VPOS="480" WIDTH="37" HEIGHT="21" WC="0.96" CONTENT="bör"/>
						</TextLine>
						<TextLine ID="line_10" HPOS="381" VPOS="513" WIDTH="589" HEIGHT="30">
							<String ID="string_53" HPOS="381" VPOS="515" WIDTH="129" HEIGHT="28" WC="0.92" CONTENT="skjutslaget"/><SP WIDTH="22" VPOS="515" HPOS="510"/>
							<String ID="string_54" HPOS="532" VPOS="515" WIDTH="102" HEIGHT="27" WC="0.96" CONTENT="antingen"/><SP WIDTH="19" VPOS="515" HPOS="634"/>
							<String ID="string_55" HPOS="653" VPOS="515" WIDTH="47" HEIGHT="20" WC="0.96" CONTENT="med"/><SP WIDTH="17" VPOS="515" HPOS="700"/>
							<String ID="string_56" HPOS="717" VPOS="514" WIDTH="77" HEIGHT="21" WC="0.95" CONTENT="honom"/><SP WIDTH="15" VPOS="514" HPOS="794"/>
							<String ID="string_57" HPOS="809" VPOS="513" WIDTH="76" HEIGHT="22" WC="0.92" CONTENT="härom"/><SP WIDTH="15" VPOS="513" HPOS="885"/>
							<String ID="string_58" HPOS="900" VPOS="514" WIDTH="70" HEIGHT="27" WC="0.92" CONTENT="öfver-"/>
						</TextLine>
						<TextLine ID="line_11" HPOS="382" VPOS="547" WIDTH="590" HEIGHT="29">
							<String ID="string_59" HPOS="382" VPOS="549" WIDTH="121" HEIGHT="22" WC="0.92" CONTENT="enskomma"/><SP WIDTH="23" VPOS="549" HPOS="503"/>
							<String ID="string_60" HPOS="526" VPOS="549" WIDTH="51" HEIGHT="20" WC="0.93" CONTENT="eller"/><SP WIDTH="22" VPOS="549" HPOS="577"/>
							<String ID="string_61" HPOS="599" VPOS="548" WIDTH="38" HEIGHT="21" WC="0.96" CONTENT="ock"/><SP WIDTH="20" VPOS="548" HPOS="637"/>
							<String ID="string_62" HPOS="657" VPOS="555" WIDTH="93" HEIGHT="14" WC="0.96" CONTENT="ansvara"/><SP WIDTH="10" VPOS="555" HPOS="750"/>
							<String ID="string_63" HPOS="760" VPOS="547" WIDTH="41" HEIGHT="28" WC="0.93" CONTENT="för"/><SP WIDTH="15" VPOS="547" HPOS="801"/>
							<String ID="string_64" HPOS="816" VPOS="549" WIDTH="80" HEIGHT="27" WC="0.93" CONTENT="nödiga"/><SP WIDTH="14" VPOS="549" HPOS="896"/>
							<String ID="string_65" HPOS="910" VPOS="551" WIDTH="62" HEIGHT="25" WC="0.81" CONTENT="gäst-"/>
						</TextLine>
						<TextLine ID="line_12" HPOS="381" VPOS="582" WIDTH="591" HEIGHT="29">
							<String ID="string_66" HPOS="381" VPOS="582" WIDTH="213" HEIGHT="29" WC="0.79" CONTENT="gifveribyggnaders"/><SP WIDTH="10" VPOS="582" HPOS="594"/>
							<String ID="string_67" HPOS="604" VPOS="582" WIDTH="138" HEIGHT="27" WC="0.95" CONTENT="uppförande"/><SP WIDTH="8" VPOS="582" HPOS="742"/>
							<String ID="string_68" HPOS="750" VPOS="582" WIDTH="38" HEIGHT="21" WC="0.93" CONTENT="och"/><SP WIDTH="10" VPOS="582" HPOS="788"/>
							<String ID="string_69" HPOS="798" VPOS="582" WIDTH="174" HEIGHT="21" WC="0.95" CONTENT="underhållande"/>
						</TextLine>
						<TextLine ID="line_13" HPOS="379" VPOS="617" WIDTH="296" HEIGHT="28">
							<String ID="string_70" HPOS="379" VPOS="619" WIDTH="32" HEIGHT="26" WC="0.95" CONTENT="pä"/><SP WIDTH="15" VPOS="619" HPOS="411"/>
							<String ID="string_71" HPOS="426" VPOS="619" WIDTH="44" HEIGHT="19" WC="0.95" CONTENT="sätt"/><SP WIDTH="14" VPOS="619" HPOS="470"/>
							<String ID="string_72" HPOS="484" VPOS="618" WIDTH="9" HEIGHT="19" WC="0.92" CONTENT="i"/><SP WIDTH="14" VPOS="618" HPOS="493"/>
							<String ID="string_73" HPOS="507" VPOS="617" WIDTH="15" HEIGHT="27" WC="0.90" CONTENT="$"/><SP WIDTH="14" VPOS="617" HPOS="522"/>
							<String ID="string_74" HPOS="536" VPOS="617" WIDTH="14" HEIGHT="20" WC="0.92" CONTENT="9"/><SP WIDTH="15" VPOS="617" HPOS="550"/>
							<String ID="string_75" HPOS="565" VPOS="617" WIDTH="64" HEIGHT="28" WC="0.92" CONTENT="sagdt"/><SP WIDTH="15" VPOS="617" HPOS="629"/>
							<String ID="string_76" HPOS="644" VPOS="619" WIDTH="31" HEIGHT="18" WC="0.96" CONTENT="är."/>
						</TextLine>
					</TextBlock>
				</ComposedBlock>
				<ComposedBlock ID="cblock_4" HPOS="378" VPOS="681" WIDTH="596" HEIGHT="606">
					<TextBlock ID="block_5" HPOS="641" VPOS="681" WIDTH="65" HEIGHT="24">
						<TextLine ID="line_14" HPOS="641" VPOS="681" WIDTH="65" HEIGHT="24">
							<String ID="string_77" HPOS="641" VPOS="681" WIDTH="16" HEIGHT="24" WC="0.92" CONTENT="$"/><SP WIDTH="16" VPOS="681" HPOS="657"/>
							<String ID="string_78" HPOS="673" VPOS="681" WIDTH="33" HEIGHT="19" WC="0.93" CONTENT="11."/>
						</TextLine>
					</TextBlock>
					<TextBlock ID="block_6" HPOS="378" VPOS="719" WIDTH="596" HEIGHT="474">
						<TextLine ID="line_15" HPOS="439" VPOS="719" WIDTH="534" HEIGHT="29">
							<String ID="string_79" HPOS="439" VPOS="719" WIDTH="50" HEIGHT="22" WC="0.93" CONTENT="Den"/><SP WIDTH="23" VPOS="719" HPOS="489"/>
							<String ID="string_80" HPOS="512" VPOS="719" WIDTH="103" HEIGHT="29" WC="0.90" CONTENT="lägenhet,"/><SP WIDTH="23" VPOS="719" HPOS="615"/>
							<String ID="string_81" HPOS="638" VPOS="720" WIDTH="51" HEIGHT="21" WC="0.93" CONTENT="eller"/><SP WIDTH="22" VPOS="720" HPOS="689"/>
							<String ID="string_82" HPOS="711" VPOS="719" WIDTH="95" HEIGHT="28" WC="0.92" CONTENT="lagligen"/><SP WIDTH="15" VPOS="719" HPOS="806"/>
							<String ID="string_83" HPOS="821" VPOS="719" WIDTH="100" HEIGHT="22" WC="0.89" CONTENT="utbrutne"/><SP WIDTH="15" VPOS="719" HPOS="921"/>
							<String ID="string_84" HPOS="936" VPOS="719" WIDTH="37" HEIGHT="22" WC="0.94" CONTENT="del"/>
						</TextLine>
						<TextLine ID="line_16" HPOS="383" VPOS="753" WIDTH="587" HEIGHT="29">
							<String ID="string_85" HPOS="383" VPOS="754" WIDTH="70" HEIGHT="27" WC="0.92" CONTENT="deraf,"/><SP WIDTH="16" VPOS="754" HPOS="453"/>
							<String ID="string_86" HPOS="469" VPOS="755" WIDTH="13" HEIGHT="20" WC="0.92" CONTENT="&amp;"/><SP WIDTH="16" VPOS="755" HPOS="482"/>
							<String ID="string_87" HPOS="498" VPOS="755" WIDTH="63" HEIGHT="20" WC="0.96" CONTENT="hvars"/><SP WIDTH="22" VPOS="755" HPOS="561"/>
							<String ID="string_88" HPOS="583" VPOS="754" WIDTH="62" HEIGHT="21" WC="0.92" CONTENT="mark"/><SP WIDTH="21" VPOS="754" HPOS="645"/>
							<String ID="string_89" HPOS="666" VPOS="754" WIDTH="129" HEIGHT="28" WC="0.73" CONTENT="gästgifveri"/><SP WIDTH="22" VPOS="754" HPOS="795"/>
							<String ID="string_90" HPOS="817" VPOS="756" WIDTH="26" HEIGHT="19" WC="0.92" CONTENT="är"/><SP WIDTH="17" VPOS="756" HPOS="843"/>
							<String ID="string_91" HPOS="860" VPOS="753" WIDTH="110" HEIGHT="29" WC="0.90" CONTENT="förlagdt,"/>
						</TextLine>
						<TextLine ID="line_17" HPOS="383" VPOS="787" WIDTH="589" HEIGHT="29">
							<String ID="string_92" HPOS="383" VPOS="789" WIDTH="63" HEIGHT="26" WC="0.93" CONTENT="skall,"/><SP WIDTH="16" VPOS="789" HPOS="446"/>
							<String ID="string_93" HPOS="462" VPOS="789" WIDTH="69" HEIGHT="21" WC="0.92" CONTENT="derest"/><SP WIDTH="14" VPOS="789" HPOS="531"/>
							<String ID="string_94" HPOS="545" VPOS="789" WIDTH="80" HEIGHT="27" WC="0.96" CONTENT="nödiga"/><SP WIDTH="17" VPOS="789" HPOS="625"/>
							<String ID="string_95" HPOS="642" VPOS="788" WIDTH="123" HEIGHT="28" WC="0.96" CONTENT="byggnader"/><SP WIDTH="6" VPOS="788" HPOS="765"/>
							<String ID="string_96" HPOS="771" VPOS="787" WIDTH="42" HEIGHT="28" WC="0.93" CONTENT="för"/><SP WIDTH="8" VPOS="787" HPOS="813"/>
							<String ID="string_97" HPOS="821" VPOS="788" WIDTH="151" HEIGHT="28" WC="0.46" CONTENT="gästyifveriet"/>
						</TextLine>
						<TextLine ID="line_18" HPOS="382" VPOS="822" WIDTH="592" HEIGHT="28">
							<String ID="string_98" HPOS="382" VPOS="825" WIDTH="54" HEIGHT="18" WC="0.96" CONTENT="utan"/><SP WIDTH="20" VPOS="825" HPOS="436"/>
							<String ID="string_99" HPOS="456" VPOS="824" WIDTH="120" HEIGHT="26" WC="0.92" CONTENT="ersättning"/><SP WIDTH="18" VPOS="824" HPOS="576"/>
							<String ID="string_100" HPOS="594" VPOS="823" WIDTH="113" HEIGHT="26" WC="0.93" CONTENT="upplåtits,"/><SP WIDTH="15" VPOS="823" HPOS="707"/>
							<String ID="string_101" HPOS="722" VPOS="822" WIDTH="91" HEIGHT="21" WC="0.88" CONTENT="ehvad"/><SP WIDTH="-9" VPOS="822" HPOS="813"/>
							<String ID="string_102" HPOS="804" VPOS="822" WIDTH="170" HEIGHT="28" WC="0.58" CONTENT="gästyifvarebe-"/>
						</TextLine>
						<TextLine ID="line_19" HPOS="378" VPOS="855" WIDTH="594" HEIGHT="34">
							<String ID="string_103" HPOS="378" VPOS="857" WIDTH="135" HEIGHT="32" WC="0.95" CONTENT="fattningen"/><SP WIDTH="5" VPOS="857" HPOS="513"/>
							<String ID="string_104" HPOS="518" VPOS="857" WIDTH="28" HEIGHT="27" WC="0.87" CONTENT="af"/><SP WIDTH="5" VPOS="857" HPOS="546"/>
							<String ID="string_105" HPOS="551" VPOS="856" WIDTH="134" HEIGHT="29" WC="0.96" CONTENT="lägenhetens"/><SP WIDTH="8" VPOS="856" HPOS="685"/>
							<String ID="string_106" HPOS="693" VPOS="855" WIDTH="142" HEIGHT="28" WC="0.90" CONTENT="innehafvare"/><SP WIDTH="6" VPOS="855" HPOS="835"/>
							<String ID="string_107" HPOS="841" VPOS="856" WIDTH="57" HEIGHT="28" WC="0.91" CONTENT="sjelf"/><SP WIDTH="4" VPOS="856" HPOS="898"/>
							<String ID="string_108" HPOS="902" VPOS="856" WIDTH="70" HEIGHT="21" WC="0.90" CONTENT="hand-"/>
						</TextLine>
						<TextLine ID="line_20" HPOS="383" VPOS="884" WIDTH="589" HEIGHT="34">
							<String ID="string_109" HPOS="383" VPOS="890" WIDTH="74" HEIGHT="28" WC="0.90" CONTENT="hafves"/><SP WIDTH="23" VPOS="890" HPOS="457"/>
							<String ID="string_110" HPOS="480" VPOS="884" WIDTH="50" HEIGHT="28" WC="0.96" CONTENT="eller"/><SP WIDTH="19" VPOS="884" HPOS="530"/>
							<String ID="string_111" HPOS="549" VPOS="890" WIDTH="72" HEIGHT="28" WC="0.96" CONTENT="blifvit"/><SP WIDTH="19" VPOS="890" HPOS="621"/>
							<String ID="string_112" HPOS="640" VPOS="891" WIDTH="23" HEIGHT="20" WC="0.96" CONTENT="åt"/><SP WIDTH="18" VPOS="891" HPOS="663"/>
							<String ID="string_113" HPOS="681" VPOS="897" WIDTH="75" HEIGHT="15" WC="0.93" CONTENT="annan"/><SP WIDTH="15" VPOS="897" HPOS="756"/>
							<String ID="string_114" HPOS="771" VPOS="891" WIDTH="152" HEIGHT="27" WC="0.91" CONTENT="öfverlemnad,"/><SP WIDTH="15" VPOS="891" HPOS="923"/>
							<String ID="string_115" HPOS="938" VPOS="891" WIDTH="34" HEIGHT="21" WC="0.89" CONTENT="ät-"/>
						</TextLine>
						<TextLine ID="line_21" HPOS="383" VPOS="925" WIDTH="589" HEIGHT="28">
							<String ID="string_116" HPOS="383" VPOS="926" WIDTH="64" HEIGHT="27" WC="0.90" CONTENT="njuta"/><SP WIDTH="13" VPOS="926" HPOS="447"/>
							<String ID="string_117" HPOS="460" VPOS="925" WIDTH="72" HEIGHT="28" WC="0.78" CONTENT="frihet"/><SP WIDTH="12" VPOS="925" HPOS="532"/>
							<String ID="string_118" HPOS="544" VPOS="925" WIDTH="58" HEIGHT="28" WC="0.92" CONTENT="frän"/><SP WIDTH="15" VPOS="925" HPOS="602"/>
							<String ID="string_119" HPOS="617" VPOS="926" WIDTH="148" HEIGHT="27" WC="0.92" CONTENT="ingvartering"/><SP WIDTH="16" VPOS="926" HPOS="765"/>
							<String ID="string_120" HPOS="781" VPOS="925" WIDTH="37" HEIGHT="21" WC="0.93" CONTENT="och"/><SP WIDTH="15" VPOS="925" HPOS="818"/>
							<String ID="string_121" HPOS="833" VPOS="925" WIDTH="139" HEIGHT="28" WC="0.91" CONTENT="kronoskjuts"/>
						</TextLine>
						<TextLine ID="line_22" HPOS="384" VPOS="959" WIDTH="588" HEIGHT="28">
							<String ID="string_122" HPOS="384" VPOS="960" WIDTH="109" HEIGHT="27" WC="0.96" CONTENT="äfvensom"/><SP WIDTH="10" VPOS="960" HPOS="493"/>
							<String ID="string_123" HPOS="503" VPOS="959" WIDTH="58" HEIGHT="28" WC="0.93" CONTENT="från"/><SP WIDTH="14" VPOS="959" HPOS="561"/>
							<String ID="string_124" HPOS="575" VPOS="960" WIDTH="102" HEIGHT="27" WC="0.92" CONTENT="rotering,"/><SP WIDTH="11" VPOS="960" HPOS="677"/>
							<String ID="string_125" HPOS="688" VPOS="960" WIDTH="38" HEIGHT="21" WC="0.96" CONTENT="der"/><SP WIDTH="9" VPOS="960" HPOS="726"/>
							<String ID="string_126" HPOS="735" VPOS="960" WIDTH="71" HEIGHT="21" WC="0.92" CONTENT="denna"/><SP WIDTH="12" VPOS="960" HPOS="806"/>
							<String ID="string_127" HPOS="818" VPOS="959" WIDTH="85" HEIGHT="22" WC="0.91" CONTENT="förmon"/><SP WIDTH="9" VPOS="959" HPOS="903"/>
							<String ID="string_128" HPOS="912" VPOS="961" WIDTH="60" HEIGHT="26" WC="0.92" CONTENT="gäst-"/>
						</TextLine>
						<TextLine ID="line_23" HPOS="383" VPOS="993" WIDTH="588" HEIGHT="29">
							<String ID="string_129" HPOS="383" VPOS="993" WIDTH="99" HEIGHT="29" WC="0.92" CONTENT="gifveriet"/><SP WIDTH="8" VPOS="993" HPOS="482"/>
							<String ID="string_130" HPOS="490" VPOS="993" WIDTH="67" HEIGHT="28" WC="0.88" CONTENT="förut"/><SP WIDTH="15" VPOS="993" HPOS="557"/>
							<String ID="string_131" HPOS="572" VPOS="994" WIDTH="79" HEIGHT="28" WC="0.88" CONTENT="tillagd"/><SP WIDTH="15" VPOS="994" HPOS="651"/>
							<String ID="string_132" HPOS="666" VPOS="996" WIDTH="37" HEIGHT="23" WC="0.92" CONTENT="är;"/><SP WIDTH="11" VPOS="996" HPOS="703"/>
							<String ID="string_133" HPOS="714" VPOS="994" WIDTH="111" HEIGHT="21" WC="0.92" CONTENT="hvarutom"/><SP WIDTH="11" VPOS="994" HPOS="825"/>
							<String ID="string_134" HPOS="836" VPOS="993" WIDTH="135" HEIGHT="29" WC="0.91" CONTENT="lägenhetens"/>
						</TextLine>
						<TextLine ID="line_24" HPOS="383" VPOS="1027" WIDTH="591" HEIGHT="29">
							<String ID="string_135" HPOS="383" VPOS="1027" WIDTH="147" HEIGHT="28" WC="0.88" CONTENT="innehafvare,"/><SP WIDTH="23" VPOS="1027" HPOS="530"/>
							<String ID="string_136" HPOS="553" VPOS="1028" WIDTH="62" HEIGHT="27" WC="0.96" CONTENT="äfven"/><SP WIDTH="24" VPOS="1028" HPOS="615"/>
							<String ID="string_137" HPOS="639" VPOS="1035" WIDTH="32" HEIGHT="14" WC="0.93" CONTENT="om"/><SP WIDTH="20" VPOS="1035" HPOS="671"/>
							<String ID="string_138" HPOS="691" VPOS="1028" WIDTH="197" HEIGHT="28" WC="0.50" CONTENT="hällskjutsningen"/><SP WIDTH="15" VPOS="1028" HPOS="888"/>
							<String ID="string_139" HPOS="903" VPOS="1027" WIDTH="71" HEIGHT="22" WC="0.91" CONTENT="hand-"/>
						</TextLine>
						<TextLine ID="line_25" HPOS="383" VPOS="1062" WIDTH="588" HEIGHT="29">
							<String ID="string_140" HPOS="383" VPOS="1063" WIDTH="75" HEIGHT="26" WC="0.85" CONTENT="hafves"/><SP WIDTH="22" VPOS="1063" HPOS="458"/>
							<String ID="string_141" HPOS="480" VPOS="1062" WIDTH="29" HEIGHT="27" WC="0.93" CONTENT="af"/><SP WIDTH="19" VPOS="1062" HPOS="509"/>
							<String ID="string_142" HPOS="528" VPOS="1064" WIDTH="143" HEIGHT="27" WC="0.95" CONTENT="entreprenör,"/><SP WIDTH="25" VPOS="1064" HPOS="671"/>
							<String ID="string_143" HPOS="696" VPOS="1069" WIDTH="48" HEIGHT="21" WC="0.96" CONTENT="eger"/><SP WIDTH="23" VPOS="1069" HPOS="744"/>
							<String ID="string_144" HPOS="767" VPOS="1063" WIDTH="34" HEIGHT="27" WC="0.91" CONTENT="sig"/><SP WIDTH="26" VPOS="1063" HPOS="801"/>
							<String ID="string_145" HPOS="827" VPOS="1062" WIDTH="144" HEIGHT="28" WC="0.93" CONTENT="tillgodogöra"/>
						</TextLine>
						<TextLine ID="line_26" HPOS="383" VPOS="1097" WIDTH="589" HEIGHT="28">
							<String ID="string_146" HPOS="383" VPOS="1098" WIDTH="133" HEIGHT="27" WC="0.91" CONTENT="spillningen"/><SP WIDTH="20" VPOS="1098" HPOS="516"/>
							<String ID="string_147" HPOS="536" VPOS="1097" WIDTH="54" HEIGHT="26" WC="0.93" CONTENT="efter"/><SP WIDTH="20" VPOS="1097" HPOS="590"/>
							<String ID="string_148" HPOS="610" VPOS="1099" WIDTH="173" HEIGHT="25" WC="0.92" CONTENT="entreprenörens"/><SP WIDTH="20" VPOS="1099" HPOS="783"/>
							<String ID="string_149" HPOS="803" VPOS="1097" WIDTH="80" HEIGHT="26" WC="0.92" CONTENT="hästar,"/><SP WIDTH="16" VPOS="1097" HPOS="883"/>
							<String ID="string_150" HPOS="899" VPOS="1097" WIDTH="73" HEIGHT="20" WC="0.91" CONTENT="derom"/>
						</TextLine>
						<TextLine ID="line_27" HPOS="384" VPOS="1130" WIDTH="588" HEIGHT="50">
							<String ID="string_151" HPOS="384" VPOS="1131" WIDTH="156" HEIGHT="22" WC="0.93" CONTENT="vederbörande"/><SP WIDTH="10" VPOS="1131" HPOS="540"/>
							<String ID="string_152" HPOS="550" VPOS="1131" WIDTH="82" HEIGHT="27" WC="0.91" CONTENT="jemväl"/><SP WIDTH="16" VPOS="1131" HPOS="632"/>
							<String ID="string_153" HPOS="648" VPOS="1130" WIDTH="51" HEIGHT="21" WC="0.96" CONTENT="böra"/><SP WIDTH="16" VPOS="1130" HPOS="699"/>
							<String ID="string_154" HPOS="715" VPOS="1131" WIDTH="35" HEIGHT="20" WC="0.96" CONTENT="vid"/><SP WIDTH="14" VPOS="1131" HPOS="750"/>
							<String ID="string_155" HPOS="764" VPOS="1131" WIDTH="160" HEIGHT="49" WC="0.71" CONTENT="skjutsningens"/><SP WIDTH="14" VPOS="1131" HPOS="924"/>
							<String ID="string_156" HPOS="938" VPOS="1133" WIDTH="34" HEIGHT="18" WC="0.81" CONTENT="ut-"/>
						</TextLine>
						<TextLine ID="line_28" HPOS="385" VPOS="1165" WIDTH="402" HEIGHT="28">
							<String ID="string_157" HPOS="385" VPOS="1165" WIDTH="108" HEIGHT="28" WC="0.91" CONTENT="bjudande"/><SP WIDTH="16" VPOS="1165" HPOS="493"/>
							<String ID="string_158" HPOS="509" VPOS="1166" WIDTH="13" HEIGHT="20" WC="0.72" CONTENT="å"/><SP WIDTH="15" VPOS="1166" HPOS="522"/>
							<String ID="string_159" HPOS="537" VPOS="1165" WIDTH="89" HEIGHT="21" WC="0.96" CONTENT="auktion"/><SP WIDTH="15" VPOS="1165" HPOS="626"/>
							<String ID="string_160" HPOS="641" VPOS="1165" WIDTH="146" HEIGHT="21" WC="0.96" CONTENT="underrättas."/>
						</TextLine>
					</TextBlock>
					<TextBlock ID="block_7" HPOS="385" VPOS="1178" WIDTH="588" HEIGHT="109">
						<TextLine ID="line_29" HPOS="442" VPOS="1178" WIDTH="530" HEIGHT="49">
							<String ID="string_161" HPOS="442" VPOS="1199" WIDTH="83" HEIGHT="28" WC="0.92" CONTENT="Nödigt"/><SP WIDTH="15" VPOS="1199" HPOS="525"/>
							<String ID="string_162" HPOS="540" VPOS="1199" WIDTH="84" HEIGHT="20" WC="0.96" CONTENT="bränsle"/><SP WIDTH="16" VPOS="1199" HPOS="624"/>
							<String ID="string_163" HPOS="640" VPOS="1199" WIDTH="35" HEIGHT="20" WC="0.96" CONTENT="till"/><SP WIDTH="10" VPOS="1199" HPOS="675"/>
							<String ID="string_164" HPOS="685" VPOS="1199" WIDTH="88" HEIGHT="28" WC="0.96" CONTENT="eldning"/><SP WIDTH="10" VPOS="1199" HPOS="773"/>
							<String ID="string_165" HPOS="783" VPOS="1199" WIDTH="38" HEIGHT="20" WC="0.96" CONTENT="och"/><SP WIDTH="11" VPOS="1199" HPOS="821"/>
							<String ID="string_166" HPOS="832" VPOS="1178" WIDTH="140" HEIGHT="49" WC="0.82" CONTENT="matkokning"/>
						</TextLine>
						<TextLine ID="line_30" HPOS="385" VPOS="1232" WIDTH="588" HEIGHT="28">
							<String ID="string_167" HPOS="385" VPOS="1233" WIDTH="38" HEIGHT="21" WC="0.96" CONTENT="bör"/><SP WIDTH="15" VPOS="1233" HPOS="423"/>
							<String ID="string_168" HPOS="438" VPOS="1233" WIDTH="29" HEIGHT="26" WC="0.93" CONTENT="af"/><SP WIDTH="10" VPOS="1233" HPOS="467"/>
							<String ID="string_169" HPOS="477" VPOS="1232" WIDTH="149" HEIGHT="28" WC="0.92" CONTENT="gästgifvaren"/><SP WIDTH="15" VPOS="1232" HPOS="626"/>
							<String ID="string_170" HPOS="641" VPOS="1233" WIDTH="26" HEIGHT="20" WC="0.92" CONTENT="de"/><SP WIDTH="14" VPOS="1233" HPOS="667"/>
							<String ID="string_171" HPOS="681" VPOS="1233" WIDTH="126" HEIGHT="26" WC="0.91" CONTENT="skjutsande"/><SP WIDTH="11" VPOS="1233" HPOS="807"/>
							<String ID="string_172" HPOS="818" VPOS="1232" WIDTH="155" HEIGHT="27" WC="0.96" CONTENT="kostnadsfritt"/>
						</TextLine>
						<TextLine ID="line_31" HPOS="385" VPOS="1266" WIDTH="187" HEIGHT="21">
							<String ID="string_173" HPOS="385" VPOS="1266" WIDTH="187" HEIGHT="21" WC="0.95" CONTENT="tillhandahållas."/>
						</TextLine>
					</TextBlock>
				</ComposedBlock>
				<ComposedBlock ID="cblock_5" HPOS="380" VPOS="1329" WIDTH="594" HEIGHT="170">
					<TextBlock ID="block_8" HPOS="648" VPOS="1329" WIDTH="64" HEIGHT="26">
						<TextLine ID="line_32" HPOS="648" VPOS="1329" WIDTH="64" HEIGHT="26">
							<String ID="string_174" HPOS="648" VPOS="1329" WIDTH="15" HEIGHT="26" WC="0.92" CONTENT="$"/><SP WIDTH="16" VPOS="1329" HPOS="663"/>
							<String ID="string_175" HPOS="679" VPOS="1329" WIDTH="33" HEIGHT="21" WC="0.94" CONTENT="12."/>
						</TextLine>
					</TextBlock>
					<TextBlock ID="block_9" HPOS="380" VPOS="1368" WIDTH="594" HEIGHT="131">
						<TextLine ID="line_33" HPOS="444" VPOS="1368" WIDTH="529" HEIGHT="29">
							<String ID="string_176" HPOS="444" VPOS="1368" WIDTH="152" HEIGHT="29" WC="0.96" CONTENT="Skyldigheten"/><SP WIDTH="14" VPOS="1368" HPOS="596"/>
							<String ID="string_177" HPOS="610" VPOS="1371" WIDTH="33" HEIGHT="18" WC="0.96" CONTENT="att"/><SP WIDTH="14" VPOS="1371" HPOS="643"/>
							<String ID="string_178" HPOS="657" VPOS="1368" WIDTH="130" HEIGHT="21" WC="0.93" CONTENT="underhålla"/><SP WIDTH="12" VPOS="1368" HPOS="787"/>
							<String ID="string_179" HPOS="799" VPOS="1369" WIDTH="124" HEIGHT="28" WC="0.91" CONTENT="skjutsning"/><SP WIDTH="11" VPOS="1369" HPOS="923"/>
							<String ID="string_180" HPOS="934" VPOS="1368" WIDTH="39" HEIGHT="22" WC="0.95" CONTENT="och"/>
						</TextLine>
						<TextLine ID="line_34" HPOS="385" VPOS="1403" WIDTH="587" HEIGHT="28">
							<String ID="string_181" HPOS="385" VPOS="1403" WIDTH="128" HEIGHT="28" WC="0.91" CONTENT="gästgifveri"/><SP WIDTH="15" VPOS="1403" HPOS="513"/>
							<String ID="string_182" HPOS="528" VPOS="1403" WIDTH="8" HEIGHT="20" WC="0.96" CONTENT="i"/><SP WIDTH="14" VPOS="1403" HPOS="536"/>
							<String ID="string_183" HPOS="550" VPOS="1403" WIDTH="50" HEIGHT="21" WC="0.95" CONTENT="stad"/><SP WIDTH="14" VPOS="1403" HPOS="600"/>
							<String ID="string_184" HPOS="614" VPOS="1403" WIDTH="90" HEIGHT="27" WC="0.93" CONTENT="åligger,"/><SP WIDTH="10" VPOS="1403" HPOS="704"/>
							<String ID="string_185" HPOS="714" VPOS="1403" WIDTH="89" HEIGHT="27" WC="0.92" CONTENT="jemlikt"/><SP WIDTH="15" VPOS="1403" HPOS="803"/>
							<String ID="string_186" HPOS="818" VPOS="1405" WIDTH="14" HEIGHT="19" WC="0.96" CONTENT="7"/><SP WIDTH="14" VPOS="1405" HPOS="832"/>
							<String ID="string_187" HPOS="846" VPOS="1403" WIDTH="33" HEIGHT="27" WC="0.89" CONTENT="$i"/><SP WIDTH="11" VPOS="1403" HPOS="879"/>
							<String ID="string_188" HPOS="890" VPOS="1403" WIDTH="82" HEIGHT="28" WC="0.96" CONTENT="nådiga"/>
						</TextLine>
						<TextLine ID="line_35" HPOS="380" VPOS="1437" WIDTH="592" HEIGHT="28">
							<String ID="string_189" HPOS="380" VPOS="1437" WIDTH="162" HEIGHT="28" WC="0.94" CONTENT="förordningen"/><SP WIDTH="18" VPOS="1437" HPOS="542"/>
							<String ID="string_190" HPOS="560" VPOS="1437" WIDTH="111" HEIGHT="28" WC="0.93" CONTENT="angående"/><SP WIDTH="15" VPOS="1437" HPOS="671"/>
							<String ID="string_191" HPOS="686" VPOS="1437" WIDTH="286" HEIGHT="28" WC="0.91" CONTENT="kommunalförvaltningen"/>
						</TextLine>
						<TextLine ID="line_36" HPOS="385" VPOS="1471" WIDTH="589" HEIGHT="28">
							<String ID="string_192" HPOS="385" VPOS="1473" WIDTH="9" HEIGHT="20" WC="0.94" CONTENT="i"/><SP WIDTH="14" VPOS="1473" HPOS="394"/>
							<String ID="string_193" HPOS="408" VPOS="1472" WIDTH="50" HEIGHT="21" WC="0.95" CONTENT="stad"/><SP WIDTH="14" VPOS="1472" HPOS="458"/>
							<String ID="string_194" HPOS="472" VPOS="1471" WIDTH="29" HEIGHT="28" WC="0.96" CONTENT="af"/><SP WIDTH="12" VPOS="1471" HPOS="501"/>
							<String ID="string_195" HPOS="513" VPOS="1471" WIDTH="40" HEIGHT="22" WC="0.96" CONTENT="den"/><SP WIDTH="15" VPOS="1471" HPOS="553"/>
							<String ID="string_196" HPOS="568" VPOS="1473" WIDTH="14" HEIGHT="20" WC="0.95" CONTENT="8"/><SP WIDTH="15" VPOS="1473" HPOS="582"/>
							<String ID="string_197" HPOS="597" VPOS="1471" WIDTH="114" HEIGHT="21" WC="0.95" CONTENT="December"/><SP WIDTH="15" VPOS="1471" HPOS="711"/>
							<String ID="string_198" HPOS="726" VPOS="1473" WIDTH="65" HEIGHT="25" WC="0.96" CONTENT="1873,"/><SP WIDTH="15" VPOS="1473" HPOS="791"/>
							<String ID="string_199" HPOS="806" VPOS="1472" WIDTH="25" HEIGHT="21" WC="0.93" CONTENT="de"/><SP WIDTH="10" VPOS="1472" HPOS="831"/>
							<String ID="string_200" HPOS="841" VPOS="1472" WIDTH="133" HEIGHT="27" WC="0.90" CONTENT="gårdsegare"/>
						</TextLine>
					</TextBlock>
				</ComposedBlock>
			</PrintSpace>
		</Page>
	</Layout>
</alto>
