1039 1706
257 168 28 20 34
445 169 30 21 U.
489 170 27 20 B.
533 180 26 4 —
573 169 72 25 Prop.
661 166 90 24 N:o-11.

227 231 36 20 det
284 230 98 28 lämpligt
401 232 30 20 att
445 231 133 21 öfverlemna
593 231 128 27 pröfoingen
737 230 24 20 af
772 230 95 21 berörda
881 231 91 19 omstän-

227 266 73 25 dighet
322 264 21 21 &t
365 264 50 27 den,
439 271 47 15 som
509 266 38 20 har
567 265 36 21 allt
617 265 90 20 intresse
723 264 24 20 af
759 266 30 18 att
804 264 58 20 finna
877 262 96 28 tyngden

227 300 39 20 och
286 300 133 27 hastigheten
436 300 63 20 hafva
515 299 136 22 öfverskridit
665 298 96 21 nämnda
777 297 58 28 mått,
853 300 55 19 enär
922 297 52 21 den-

226 340 28 14 ne
277 333 28 21 då
323 334 80 26 kunde,
421 334 70 20 under
505 334 125 26 förklaring,
648 334 31 20 att
693 334 42 19 han
751 339 66 15 anser
831 331 144 22 förhällandet

226 375 51 14 vara
300 368 83 26 sädant,
408 370 67 24 vägra
497 370 29 19 att
547 368 73 21 lemna
641 368 62 20 äfven
724 374 27 14 en
767 367 101 27 oskyldig
881 366 93 21 resande

225 403 66 26 nödig
313 402 58 27 hjelp
392 402 40 22 och
448 402 112 27 dymedels
575 402 101 27 begagna
690 402 32 26 sig
737 402 24 20 af
773 402 83 20 dennes
871 402 101 25 belägen-

226 437 36 20 het
284 437 39 21 och
339 437 66 22 behof
419 438 33 20 för
467 439 29 18 att
511 437 69 21 skaffa
595 437 33 26 sig
643 436 83 28 oskälig
741 436 125 27 ersättning.
898 436 30 20 Af
940 433 32 23 sä-

225 471 42 20 dan
291 471 124 28 anledning,
440 472 40 20 och
495 471 28 21 då
537 471 75 27 frågan
629 471 106 20 huruvida
750 470 93 21 resande
858 469 50 27 sjelf
920 469 54 20 varit

225 504 100 22 vållande
340 505 30 21 till
386 505 193 27 olyckshändelsen
595 505 40 20 bör
650 505 116 21 ankomma
781 503 13 22 &
807 504 102 21 domstols
916 503 56 27 pröf-

224 539 59 27 ning,
301 540 40 21 har
355 540 101 21 utskottet
471 541 68 20 ansett
555 539 41 21 den
613 539 171 26 mellanmening
799 539 6 20 i
820 539 12 24 $
841 539 35 26 25,
886 544 47 15 som
940 538 31 19 in-

225 572 97 22 nehåller
337 573 35 22 det
388 574 113 21 anmärkta
518 574 96 26 vilkoret,
632 575 53 20 böra
701 573 58 27 utgå.

293 601 29 26 Åt
337 613 75 15 senare
423 609 116 20 momentet
554 606 23 22 af
590 607 11 28 $
617 607 35 25 29,
668 613 45 15 som
727 606 106 22 utskottet
848 605 32 22 till
892 606 38 21 sitt
940 606 32 21 in-

225 640 71 23 nehåll
311 641 100 28 godkänt;
426 641 40 22 har
480 642 104 21 utskottet
598 640 75 23 tillåtit
687 641 32 29 sig
734 641 57 28 gifva
802 647 33 19 en,
849 641 69 21 större
926 639 46 29 tyd-

224 675 67 28 lighet
305 675 111 29 åsyftande
430 675 117 22 förändrad
562 675 139 29 ordalydelse.

291 710 11 21 I
317 711 12 27 8
344 711 25 20 31
387 710 39 21 har
444 710 105 22 utskottet
569 709 46 22 åter
635 711 71 20 ansett
729 710 31 21 ett
781 709 75 28 tillägg
877 716 52 15 vara
950 709 24 22 af

223 744 70 22 nöden
315 745 7 20 i
344 744 37 22 det
402 744 61 28 syfte,
483 746 32 20 att
533 744 102 22 särskildt
655 751 77 15 ansvar
747 744 69 21 skulle
830 745 94 20 utsättas
938 743 34 22 för

223 777 136 28 båtroddare,
379 785 45 14 som
443 780 25 19 är
483 779 101 21 drucken.
613 778 82 22 Genom
710 785 27 15 en
752 777 68 23 sådan
833 778 101 21 förseelse
950 778 24 21 af

222 812 92 22 roddare
336 812 43 22 kan
400 813 106 27 nemligen
528 812 90 23 resande
639 813 92 21 utsättas
752 811 55 23 bäde
821 812 35 21 för
870 810 102 29 uppehäll

223 847 40 20 och
280 846 35 22 för
331 846 59 27 fara;
413 847 39 21 och
475 853 34 15 om
531 845 90 24 resande
643 846 68 22 skulle
734 847 68 27 draga
824 847 8 20 i
854 845 117 23 betänkan-

222 880 70 22 kande
314 882 33 20 att
369 880 96 22 anförtro
484 881 32 28 sig
535 880 24 23 åt
573 888 26 14 en
615 880 141 28 dryckesrörd
771 875 117 38 bätförare,
901 875 71 38 skulle

224 915 68 21 denne
312 915 47 22 icke
377 915 74 22 kunna
465 914 87 23 ädömas
567 914 66 29 nägot
647 922 77 15 ansvar
738 915 34 21 för
787 914 126 22 förorsakad
928 914 43 22 för-

222 949 119 26 summelse,
357 949 88 22 emedan
460 949 107 22 roddaren
582 949 42 22 kan
639 949 68 28 skylla
721 948 29 28 pä
765 950 33 20 att
809 949 106 21 resanden
923 949 51 27 sjelf

221 983 20 27 ej
257 983 56 22 velat
327 982 67 23 inläta
409 983 32 28 sig
455 983 28 28 pä
497 983 84 26 färden,
599 985 52 20 utan
670 983 116 28 undslippa
804 983 48 22 med
872 984 100 21 ansvaret

220 1017 34 21 för
269 1017 76 28 fylleri.

288 1050 31 22 På
334 1051 37 22 det
385 1052 31 21 att
431 1051 23 21 af
467 1051 70 22 denna
551 1053 12 27 &
578 1051 66 22 måtte
660 1051 77 28 tydligt
750 1050 90 29 framgå,
855 1051 56 22 hvad
923 1051 47 22 der-

220 1085 48 21 med
283 1085 8 21 i
305 1085 66 28 öfrigt
382 1085 119 26 förafsetts,
516 1085 106 28 nemligen
637 1086 38 24 att,
690 1092 35 15 om
739 1085 79 22 förlust
832 1092 75 21 genom
922 1085 48 22 bäts

219 1119 154 28 bristfällighet
394 1119 137 28 tillskyndats
553 1118 98 27 resande,
673 1119 48 26 den,
743 1125 47 15 som
810 1117 64 23 båten
892 1119 77 21 under-

219 1152 58 22 hålla
292 1153 55 26 bort,
363 1154 24 20 är
401 1153 76 28 pligtig
493 1155 32 20 att
539 1154 82 21 ersätta
635 1153 112 26 förlusten,
762 1159 49 15 men
825 1160 35 14 om
875 1153 95 21 deremot

219 1186 70 29 nägon
305 1187 63 22 deraf
381 1186 34 22 fär
429 1187 136 28 kroppskada
581 1187 52 22 eller
648 1187 75 26 döden,
739 1187 42 22 den
792 1187 68 28 enligt
871 1187 99 28 gällande

219 1221 162 28 straffrättsliga
395 1221 93 28 grunder
503 1221 71 22 dertill
589 1221 102 28 skyldige,
707 1234 27 3 —
750 1228 35 15 om
800 1221 62 22 skuld
877 1221 43 22 kan
932 1221 38 22 nä-

219 1261 40 20 gon
280 1255 112 21 tillräknas
408 1267 25 3 —
450 1256 25 19 är
489 1255 100 27 ansvarig
605 1255 66 27 enligt
685 1255 42 28 lag,
742 1255 40 21 har
797 1255 105 21 utskottet
914 1255 55 27 jem-

219 1288 34 21 väl
268 1288 7 20 i
290 1288 65 27 öfrigt
369 1287 142 22 underkastat
526 1288 69 21 denna
610 1289 11 27 &
637 1295 27 14 en
679 1288 162 28 omredigering.

286 1321 31 22 Pä
331 1321 69 29 grund
416 1322 23 21 af
451 1322 55 21 hvad
521 1322 105 23 utskottet
640 1323 8 20 i
663 1322 37 22 det
713 1321 129 30 föregäende
854 1322 47 22 haft
916 1324 52 21 äran

220 1356 81 26 anföra,
317 1355 33 23 fär
364 1356 106 22 utskottet
483 1357 64 22 alltsä
561 1357 109 22 vördsamt
684 1357 124 22 hemställa:

354 1395 29 18 att
406 1391 80 22 landets
507 1392 111 29 höglofliga
639 1392 92 21 Ständer
747 1393 62 21 måtte
820 1392 104 28 förklara
940 1397 29 18 att

320 1427 25 21 de
363 1426 42 22 icke
421 1427 144 27 oförändradt
581 1427 78 21 kunnat
674 1431 78 25 antaga
767 1427 41 22 den
823 1429 79 28 nådiga
916 1437 52 20 pro-

315 1461 123 29 positionen
454 1465 50 18 utan
515 1463 42 26 för
573 1463 33 20 sin
621 1462 34 21 del
669 1462 80 21 beslutit
764 1463 32 20 till
811 1470 23 13 en
847 1463 24 20 så
880 1463 88 28 lydande

283 1507 137 18 Sammansatta
434 1507 48 23 Lag-
497 1508 31 17 och
542 1508 185 18 Ekonomiutskottets
743 1509 114 17 betänkande
872 1509 28 17 N:
914 1508 31 19 o4.
