1036 1706
221 147 25 20 10
504 146 52 22 N:o
572 146 47 22 11.

190 214 146 26 förklaringen
352 214 22 21 af
388 214 41 21 den
446 214 23 20 11
487 214 118 21 December
622 215 54 20 1766
692 214 39 21 och
740 214 79 28 nådiga
826 214 115 26 kungörel-

190 254 38 16 sen
246 248 41 21 den
303 249 12 20 3
330 248 90 21 Januari
436 248 62 26 1872,
513 248 48 21 med
576 247 53 23 flera
643 247 103 22 utkomna
760 248 79 27 påbud,
856 248 23 21 så
895 248 45 22 vidt

190 282 26 22 de
235 282 19 27 ej
274 288 76 20 genom
368 282 70 22 denna
455 282 128 27 författning
597 282 103 27 förnyats,
717 283 77 21 varder
809 282 34 21 för
857 282 83 22 framti-

190 317 40 21 den
247 316 101 27 stadgadt
362 316 28 28 på
406 318 44 19 sätt
465 322 45 16 som
525 317 72 27 följer:

541 363 11 27 8
570 363 18 20 1.

262 402 154 27 Skyldigheten
430 404 32 19 att
478 402 95 22 bestrida
588 402 167 27 hällskjutsning
767 402 39 22 och
814 402 126 22 underhälla

192 437 124 27 gästgifveri
333 437 12 21 å
360 437 72 22 landet
448 437 90 26 åligger:

262 472 42 27 1:0)
320 471 28 21 all
364 471 7 21 i
386 472 80 21 manta!
482 473 44 20 satt
541 471 56 28 jord,
613 471 23 21 af
650 471 55 21 hvad
720 473 65 19 natur
800 471 39 22 och
855 471 84 21 beskaf-

189 505 75 22 fenhet
279 506 40 21 den
335 511 51 15 vara
401 506 41 26 mä,
458 506 50 21 med
522 506 162 21 nedannämnde
699 505 119 27 undantag;
834 505 40 22 och

260 541 44 26 2:0)
328 540 122 27 skattlagda
465 541 49 26 torp
530 541 38 20 och
584 539 104 27 utjordar,
704 539 62 27 bruk,
782 539 102 27 fabriker,
905 539 33 22 sä-

189 581 45 20 gar,
258 575 190 27 tullmjölgvarnar,
472 575 147 27 ölbryggerier
642 575 39 20 och
704 575 234 21 bränvinsbrännerier.

260 609 100 22 Befriade
379 609 49 21 frän
443 609 90 22 nämnde
550 609 123 28 skyldighet
689 611 37 19 äro
742 609 142 21 lotshemman
900 609 39 21 och

189 644 26 21 de
232 644 107 21 ordinarie
354 643 260 27 sjöpostförarehemman,
630 643 73 21 hvilka
718 644 36 21 det
768 643 82 27 äligger
860 645 33 20 att
902 643 37 21 be-

188 678 74 21 fordra
278 680 76 25 posten
370 677 59 22 öfver
445 679 26 20 de
490 672 111 27 Äländska
616 678 111 27 sjöpassen
744 678 39 21 och
798 672 81 27 Älands
896 677 42 26 haf,

190 713 106 26 sistsagde
318 713 98 21 hemman
439 712 66 21 likväl
527 713 76 21 endast
627 712 24 21 sä
668 713 62 26 länge
746 712 91 21 nämnde
853 712 85 27 postbe-

188 747 98 26 fordring
302 747 22 20 af
338 747 47 21 dem
401 747 137 26 ombesörjes.

541 793 12 27 $
569 794 19 20 2.

259 832 43 21 För
317 833 41 21 den
374 832 22 21 af
410 833 90 22 säterier
516 835 55 19 samt
586 833 33 21 rä-
631 833 38 21 och
677 833 147 21 rörshemman
833 833 106 21 härförin-

189 874 42 15 nan
250 867 99 27 ätnjutna
367 867 99 22 befrielse
481 868 47 21 frän
536 867 168 28 hällskjutsning
712 867 40 22 och
760 867 179 27 gästgifverihäll-

189 902 57 27 ning,
267 901 131 22 tillkommer
413 902 138 21 innehafvare
567 901 23 22 af
604 902 63 21 dessa
681 901 125 27 lägenheter
820 903 120 26 ersättning

188 942 26 15 en
236 936 56 27 gäng
315 936 33 21 för
371 936 42 21 alla
428 937 7 20 i
450 937 125 26 penningar,
598 936 28 27 pä
645 938 42 19 sätt
706 936 74 21 derom
796 937 102 20 särskildt
915 939 23 18 är

188 971 108 26 stadgadt.

259 1004 129 21 Nuvarande
407 1004 138 22 innehafvare
561 1005 23 20 af
598 1005 107 21 boställen
720 1006 100 25 ersättas,
837 1005 24 20 sä
876 1005 62 26 länge

188 1039 63 21 deras
266 1039 175 26 besittningsrätt
456 1039 84 26 fortfar,
555 1039 34 21 för
600 1039 144 26 skjutsnings-
755 1039 39 21 och
802 1039 136 27 gästgifveri-

186 1073 236 27 hällningskostnaden,
438 1073 48 21 utaf
500 1073 87 22 Kronan
602 1073 35 21 för
652 1073 112 26 boställen,
781 1079 45 16 som
842 1073 95 22 innehaf-

185 1114 39 14 vas
240 1107 24 21 af
277 1107 60 22 civile
353 1107 38 21 och
407 1107 93 21 militäre
519 1108 134 26 tjenstemän,
670 1107 38 22 och
725 1107 22 21 af
760 1107 130 22 kommunen
905 1107 33 21 för

186 1141 173 28 prestboställen.

258 1177 48 20 Den
321 1176 92 21 kostnad
429 1177 236 26 skjutsningsbesväret
680 1176 84 21 medför
773 1176 34 21 för
817 1176 120 27 kungsgär-

186 1211 45 26 dar,
248 1211 202 26 kungsladugärdar
469 1212 55 20 samt
538 1211 108 21 boställen
661 1211 81 20 indelta
757 1211 28 26 pä
801 1211 64 25 civil-,
881 1211 55 20 mili-

186 1245 40 20 tie-
248 1245 52 20 eller
315 1244 189 26 ecklesiastikstat,
519 1245 73 20 hvilka
607 1245 33 20 för
655 1245 133 20 närvarande
805 1247 36 18 äro
857 1244 28 27 pä
903 1250 33 14 ar-

186 1278 66 20 rende
267 1277 23 22 ät
305 1277 97 22 enskilda
419 1283 104 21 personer
538 1277 109 27 upplätna,
663 1279 93 20 ersättes
772 1277 26 22 de
813 1278 124 21 nuvarande

185 1311 178 22 arrendatorerne
386 1311 23 22 af
429 1312 94 27 Kronan,
543 1312 102 27 antingen
660 1312 7 21 i
682 1312 92 21 kontant
793 1312 53 22 eller
860 1319 76 20 genom

186 1345 76 28 afdrag
277 1347 12 20 &
305 1347 106 21 arrendet.
631 1357 2 2 ;

537 1376 46 27 83

258 1415 102 22 Grunden
386 1415 33 22 för
446 1416 128 27 deltagande
593 1416 7 21 i
619 1415 41 22 den
682 1417 33 20 uti
733 1417 11 27 $
765 1418 9 19 1
796 1417 141 21 omförmälda

186 1449 149 28 skyldigheten
350 1450 13 21 &
378 1450 73 21 landet
473 1452 64 25 utgör
561 1451 113 26 mantalet;
691 1451 39 21 och
745 1451 56 21 skall
816 1451 57 28 förty
889 1452 47 26 den,

179 1484 89 27 jemlikt
283 1486 27 20 56
326 1485 11 27 $
352 1485 8 21 i
375 1485 79 27 nädiga
473 1485 153 27 förordningen
644 1485 110 27 angäende
770 1486 167 22 kommunalför-
