<?xml version="1.0" encoding="UTF-8"?>
<alto xmlns="http://www.loc.gov/standards/alto/ns-v3#" xmlns:xlink="http://www.w3.org/1999/xlink" xmlns:xsi="http://www.w3.org/2001/XMLSchema-instance" xsi:schemaLocation="http://www.loc.gov/standards/alto/ns-v3# http://www.loc.gov/alto/v3/alto-3-0.xsd">
	<Description>
		<MeasurementUnit>pixel</MeasurementUnit>
		<sourceImageInformation>
			<fileName>/tmp/tess_7n7v84xt_input.PNG</fileName>
		</sourceImageInformation>
		<OCRProcessing ID="OCR_0">
			<ocrProcessingStep>
				<processingSoftware>
					<softwareName>tesseract 5.3.4</softwareName>
				</processingSoftware>
			</ocrProcessingStep>
		</OCRProcessing>
	</Description>
	<Layout>
		<Page WIDTH="1048" HEIGHT="1703" PHYSICAL_IMG_NR="0" ID="page_0">
			<PrintSpace HPOS="0" VPOS="0" WIDTH="1048" HEIGHT="1703">
				<ComposedBlock ID="cblock_0" HPOS="240" VPOS="130" WIDTH="490" HEIGHT="24">
					<TextBlock ID="block_0" HPOS="240" VPOS="130" WIDTH="490" HEIGHT="24">
						<TextLine ID="line_0" HPOS="240" VPOS="130" WIDTH="490" HEIGHT="24">
							<String ID="string_0" HPOS="240" VPOS="133" WIDTH="13" HEIGHT="20" WC="0.96" CONTENT="4"/><SP WIDTH="177" VPOS="133" HPOS="253"/>
							<String ID="string_1" HPOS="430" VPOS="131" WIDTH="28" HEIGHT="19" WC="0.93" CONTENT="U."/><SP WIDTH="13" VPOS="131" HPOS="458"/>
							<String ID="string_2" HPOS="471" VPOS="131" WIDTH="31" HEIGHT="18" WC="0.91" CONTENT="B."/><SP WIDTH="14" VPOS="131" HPOS="502"/>
							<String ID="string_3" HPOS="516" VPOS="141" WIDTH="22" HEIGHT="3" WC="0.90" CONTENT="—"/><SP WIDTH="13" VPOS="141" HPOS="538"/>
							<String ID="string_4" HPOS="551" VPOS="131" WIDTH="81" HEIGHT="23" WC="0.95" CONTENT="Prop."/><SP WIDTH="14" VPOS="131" HPOS="632"/>
							<String ID="string_5" HPOS="646" VPOS="131" WIDTH="46" HEIGHT="18" WC="0.91" CONTENT="N:o"/><SP WIDTH="13" VPOS="131" HPOS="692"/>
							<String ID="string_6" HPOS="705" VPOS="130" WIDTH="25" HEIGHT="18" WC="0.96" CONTENT="6."/>
						</TextLine>
					</TextBlock>
				</ComposedBlock>
				<ComposedBlock ID="cblock_1" HPOS="186" VPOS="194" WIDTH="771" HEIGHT="1305">
					<TextBlock ID="block_1" HPOS="209" VPOS="194" WIDTH="742" HEIGHT="66">
						<TextLine ID="line_1" HPOS="209" VPOS="194" WIDTH="742" HEIGHT="31">
							<String ID="string_7" HPOS="209" VPOS="197" WIDTH="55" HEIGHT="27" WC="0.93" CONTENT="ning,"/><SP WIDTH="18" VPOS="197" HPOS="264"/>
							<String ID="string_8" HPOS="282" VPOS="196" WIDTH="114" HEIGHT="27" WC="0.92" CONTENT="Storskifte,"/><SP WIDTH="18" VPOS="196" HPOS="396"/>
							<String ID="string_9" HPOS="414" VPOS="196" WIDTH="159" HEIGHT="29" WC="0.89" CONTENT="Skattläggning"/><SP WIDTH="16" VPOS="196" HPOS="573"/>
							<String ID="string_10" HPOS="589" VPOS="196" WIDTH="38" HEIGHT="21" WC="0.95" CONTENT="och"/><SP WIDTH="11" VPOS="196" HPOS="627"/>
							<String ID="string_11" HPOS="638" VPOS="196" WIDTH="27" HEIGHT="21" WC="0.96" CONTENT="all"/><SP WIDTH="10" VPOS="196" HPOS="665"/>
							<String ID="string_12" HPOS="675" VPOS="195" WIDTH="54" HEIGHT="28" WC="0.93" CONTENT="slags"/><SP WIDTH="10" VPOS="195" HPOS="729"/>
							<String ID="string_13" HPOS="739" VPOS="194" WIDTH="124" HEIGHT="29" WC="0.92" CONTENT="förhögning"/><SP WIDTH="14" VPOS="194" HPOS="863"/>
							<String ID="string_14" HPOS="877" VPOS="195" WIDTH="8" HEIGHT="21" WC="0.96" CONTENT="i"/><SP WIDTH="11" VPOS="195" HPOS="885"/>
							<String ID="string_15" HPOS="896" VPOS="194" WIDTH="55" HEIGHT="21" WC="0.96" CONTENT="skatt"/>
						</TextLine>
						<TextLine ID="line_2" HPOS="210" VPOS="229" WIDTH="741" HEIGHT="31">
							<String ID="string_16" HPOS="210" VPOS="232" WIDTH="37" HEIGHT="21" WC="0.96" CONTENT="och"/><SP WIDTH="16" VPOS="232" HPOS="247"/>
							<String ID="string_17" HPOS="263" VPOS="232" WIDTH="61" HEIGHT="21" WC="0.96" CONTENT="andre"/><SP WIDTH="15" VPOS="232" HPOS="324"/>
							<String ID="string_18" HPOS="339" VPOS="231" WIDTH="86" HEIGHT="29" WC="0.96" CONTENT="utgifter"/><SP WIDTH="16" VPOS="231" HPOS="425"/>
							<String ID="string_19" HPOS="441" VPOS="234" WIDTH="25" HEIGHT="19" WC="0.96" CONTENT="än"/><SP WIDTH="17" VPOS="234" HPOS="466"/>
							<String ID="string_20" HPOS="483" VPOS="232" WIDTH="37" HEIGHT="21" WC="0.96" CONTENT="den"/><SP WIDTH="16" VPOS="232" HPOS="520"/>
							<String ID="string_21" HPOS="536" VPOS="231" WIDTH="81" HEIGHT="28" WC="0.96" CONTENT="vanlige"/><SP WIDTH="16" VPOS="231" HPOS="617"/>
							<String ID="string_22" HPOS="633" VPOS="231" WIDTH="23" HEIGHT="21" WC="0.96" CONTENT="af"/><SP WIDTH="13" VPOS="231" HPOS="656"/>
							<String ID="string_23" HPOS="669" VPOS="231" WIDTH="53" HEIGHT="21" WC="0.96" CONTENT="hvad"/><SP WIDTH="15" VPOS="231" HPOS="722"/>
							<String ID="string_24" HPOS="737" VPOS="237" WIDTH="63" HEIGHT="14" WC="0.96" CONTENT="namn"/><SP WIDTH="11" VPOS="237" HPOS="800"/>
							<String ID="string_25" HPOS="811" VPOS="230" WIDTH="24" HEIGHT="21" WC="0.96" CONTENT="de"/><SP WIDTH="16" VPOS="230" HPOS="835"/>
							<String ID="string_26" HPOS="851" VPOS="236" WIDTH="48" HEIGHT="15" WC="0.96" CONTENT="vara"/><SP WIDTH="10" VPOS="236" HPOS="899"/>
							<String ID="string_27" HPOS="909" VPOS="229" WIDTH="42" HEIGHT="21" WC="0.96" CONTENT="må."/>
						</TextLine>
					</TextBlock>
					<TextBlock ID="block_2" HPOS="210" VPOS="265" WIDTH="743" HEIGHT="349">
						<TextLine ID="line_3" HPOS="281" VPOS="265" WIDTH="671" HEIGHT="30">
							<String ID="string_28" HPOS="281" VPOS="267" WIDTH="47" HEIGHT="22" WC="0.92" CONTENT="2:do"/><SP WIDTH="15" VPOS="267" HPOS="328"/>
							<String ID="string_29" HPOS="343" VPOS="267" WIDTH="140" HEIGHT="22" WC="0.90" CONTENT="Hvarförutan"/><SP WIDTH="16" VPOS="267" HPOS="483"/>
							<String ID="string_30" HPOS="499" VPOS="267" WIDTH="110" HEIGHT="28" WC="0.96" CONTENT="Allmogen"/><SP WIDTH="15" VPOS="267" HPOS="609"/>
							<String ID="string_31" HPOS="624" VPOS="267" WIDTH="8" HEIGHT="21" WC="0.93" CONTENT="i"/><SP WIDTH="10" VPOS="267" HPOS="632"/>
							<String ID="string_32" HPOS="642" VPOS="266" WIDTH="118" HEIGHT="21" WC="0.92" CONTENT="Kemiträsk"/><SP WIDTH="16" VPOS="266" HPOS="760"/>
							<String ID="string_33" HPOS="776" VPOS="266" WIDTH="37" HEIGHT="21" WC="0.93" CONTENT="och"/><SP WIDTH="11" VPOS="266" HPOS="813"/>
							<String ID="string_34" HPOS="824" VPOS="265" WIDTH="128" HEIGHT="28" WC="0.92" CONTENT="Kuolajärfvi"/>
						</TextLine>
						<TextLine ID="line_4" HPOS="211" VPOS="300" WIDTH="741" HEIGHT="24">
							<String ID="string_35" HPOS="211" VPOS="302" WIDTH="117" HEIGHT="22" WC="0.91" CONTENT="förbehållit"/><SP WIDTH="15" VPOS="302" HPOS="328"/>
							<String ID="string_36" HPOS="343" VPOS="302" WIDTH="42" HEIGHT="22" WC="0.96" CONTENT="lika"/><SP WIDTH="15" VPOS="302" HPOS="385"/>
							<String ID="string_37" HPOS="400" VPOS="302" WIDTH="37" HEIGHT="21" WC="0.96" CONTENT="och"/><SP WIDTH="16" VPOS="302" HPOS="437"/>
							<String ID="string_38" HPOS="453" VPOS="303" WIDTH="107" HEIGHT="21" WC="0.96" CONTENT="enahanda"/><SP WIDTH="15" VPOS="303" HPOS="560"/>
							<String ID="string_39" HPOS="575" VPOS="302" WIDTH="64" HEIGHT="22" WC="0.96" CONTENT="vilkor"/><SP WIDTH="16" VPOS="302" HPOS="639"/>
							<String ID="string_40" HPOS="655" VPOS="302" WIDTH="47" HEIGHT="21" WC="0.93" CONTENT="med"/><SP WIDTH="10" VPOS="302" HPOS="702"/>
							<String ID="string_41" HPOS="712" VPOS="301" WIDTH="91" HEIGHT="22" WC="0.92" CONTENT="Kusamo"/><SP WIDTH="12" VPOS="301" HPOS="803"/>
							<String ID="string_42" HPOS="815" VPOS="300" WIDTH="77" HEIGHT="22" WC="0.91" CONTENT="Sockne"/><SP WIDTH="11" VPOS="300" HPOS="892"/>
							<String ID="string_43" HPOS="903" VPOS="301" WIDTH="49" HEIGHT="21" WC="0.96" CONTENT="boer"/>
						</TextLine>
						<TextLine ID="line_5" HPOS="210" VPOS="337" WIDTH="742" HEIGHT="27">
							<String ID="string_44" HPOS="210" VPOS="344" WIDTH="44" HEIGHT="14" WC="0.96" CONTENT="som"/><SP WIDTH="15" VPOS="344" HPOS="254"/>
							<String ID="string_45" HPOS="269" VPOS="338" WIDTH="31" HEIGHT="20" WC="0.96" CONTENT="uti"/><SP WIDTH="15" VPOS="338" HPOS="300"/>
							<String ID="string_46" HPOS="315" VPOS="338" WIDTH="37" HEIGHT="21" WC="0.96" CONTENT="här"/><SP WIDTH="16" VPOS="338" HPOS="352"/>
							<String ID="string_47" HPOS="368" VPOS="337" WIDTH="61" HEIGHT="21" WC="0.96" CONTENT="ofvan"/><SP WIDTH="16" VPOS="337" HPOS="429"/>
							<String ID="string_48" HPOS="445" VPOS="338" WIDTH="83" HEIGHT="21" WC="0.95" CONTENT="anförde"/><SP WIDTH="16" VPOS="338" HPOS="528"/>
							<String ID="string_49" HPOS="544" VPOS="339" WIDTH="19" HEIGHT="25" WC="0.95" CONTENT="2,"/><SP WIDTH="17" VPOS="339" HPOS="563"/>
							<String ID="string_50" HPOS="580" VPOS="338" WIDTH="20" HEIGHT="26" WC="0.96" CONTENT="3,"/><SP WIDTH="17" VPOS="338" HPOS="600"/>
							<String ID="string_51" HPOS="617" VPOS="339" WIDTH="19" HEIGHT="24" WC="0.96" CONTENT="4,"/><SP WIDTH="19" VPOS="339" HPOS="636"/>
							<String ID="string_52" HPOS="655" VPOS="338" WIDTH="18" HEIGHT="24" WC="0.96" CONTENT="5,"/><SP WIDTH="18" VPOS="338" HPOS="673"/>
							<String ID="string_53" HPOS="691" VPOS="339" WIDTH="12" HEIGHT="19" WC="0.96" CONTENT="6"/><SP WIDTH="17" VPOS="339" HPOS="703"/>
							<String ID="string_54" HPOS="720" VPOS="337" WIDTH="37" HEIGHT="21" WC="0.96" CONTENT="och"/><SP WIDTH="19" VPOS="337" HPOS="757"/>
							<String ID="string_55" HPOS="776" VPOS="338" WIDTH="11" HEIGHT="20" WC="0.92" CONTENT="7"/><SP WIDTH="15" VPOS="338" HPOS="787"/>
							<String ID="string_56" HPOS="802" VPOS="337" WIDTH="89" HEIGHT="27" WC="0.92" CONTENT="puncten"/><SP WIDTH="16" VPOS="337" HPOS="891"/>
							<String ID="string_57" HPOS="907" VPOS="342" WIDTH="45" HEIGHT="15" WC="0.93" CONTENT="om-"/>
						</TextLine>
						<TextLine ID="line_6" HPOS="210" VPOS="371" WIDTH="742" HEIGHT="29">
							<String ID="string_58" HPOS="210" VPOS="373" WIDTH="101" HEIGHT="21" WC="0.89" CONTENT="förmäles."/><SP WIDTH="32" VPOS="373" HPOS="311"/>
							<String ID="string_59" HPOS="343" VPOS="372" WIDTH="94" HEIGHT="22" WC="0.89" CONTENT="Hvarhos"/><SP WIDTH="16" VPOS="372" HPOS="437"/>
							<String ID="string_60" HPOS="453" VPOS="372" WIDTH="117" HEIGHT="22" WC="0.91" CONTENT="Kemiträsk"/><SP WIDTH="15" VPOS="372" HPOS="570"/>
							<String ID="string_61" HPOS="585" VPOS="373" WIDTH="74" HEIGHT="21" WC="0.91" CONTENT="boerne"/><SP WIDTH="16" VPOS="373" HPOS="659"/>
							<String ID="string_62" HPOS="675" VPOS="372" WIDTH="77" HEIGHT="28" WC="0.96" CONTENT="begärt,"/><SP WIDTH="18" VPOS="372" HPOS="752"/>
							<String ID="string_63" HPOS="770" VPOS="373" WIDTH="21" HEIGHT="20" WC="0.96" CONTENT="at"/><SP WIDTH="16" VPOS="373" HPOS="791"/>
							<String ID="string_64" HPOS="807" VPOS="372" WIDTH="24" HEIGHT="21" WC="0.93" CONTENT="de"/><SP WIDTH="16" VPOS="372" HPOS="831"/>
							<String ID="string_65" HPOS="847" VPOS="372" WIDTH="42" HEIGHT="26" WC="0.67" CONTENT="31/,"/><SP WIDTH="17" VPOS="372" HPOS="889"/>
							<String ID="string_66" HPOS="906" VPOS="371" WIDTH="46" HEIGHT="22" WC="0.92" CONTENT="Sol-"/>
						</TextLine>
						<TextLine ID="line_7" HPOS="211" VPOS="406" WIDTH="741" HEIGHT="30">
							<String ID="string_67" HPOS="211" VPOS="408" WIDTH="46" HEIGHT="22" WC="0.93" CONTENT="date"/><SP WIDTH="16" VPOS="408" HPOS="257"/>
							<String ID="string_68" HPOS="273" VPOS="408" WIDTH="70" HEIGHT="26" WC="0.92" CONTENT="Rotor,"/><SP WIDTH="22" VPOS="408" HPOS="343"/>
							<String ID="string_69" HPOS="365" VPOS="414" WIDTH="44" HEIGHT="16" WC="0.96" CONTENT="som"/><SP WIDTH="20" VPOS="414" HPOS="409"/>
							<String ID="string_70" HPOS="429" VPOS="408" WIDTH="24" HEIGHT="21" WC="0.93" CONTENT="de"/><SP WIDTH="20" VPOS="408" HPOS="453"/>
							<String ID="string_71" HPOS="473" VPOS="408" WIDTH="74" HEIGHT="22" WC="0.92" CONTENT="hittills"/><SP WIDTH="20" VPOS="408" HPOS="547"/>
							<String ID="string_72" HPOS="567" VPOS="408" WIDTH="79" HEIGHT="28" WC="0.92" CONTENT="utgjort"/><SP WIDTH="20" VPOS="408" HPOS="646"/>
							<String ID="string_73" HPOS="666" VPOS="408" WIDTH="63" HEIGHT="21" WC="0.96" CONTENT="under"/><SP WIDTH="20" VPOS="408" HPOS="729"/>
							<String ID="string_74" HPOS="749" VPOS="408" WIDTH="62" HEIGHT="20" WC="0.96" CONTENT="Kemi"/><SP WIDTH="16" VPOS="408" HPOS="811"/>
							<String ID="string_75" HPOS="827" VPOS="406" WIDTH="125" HEIGHT="28" WC="0.96" CONTENT="Compagnie"/>
						</TextLine>
						<TextLine ID="line_8" HPOS="212" VPOS="440" WIDTH="741" HEIGHT="31">
							<String ID="string_76" HPOS="212" VPOS="444" WIDTH="23" HEIGHT="21" WC="0.96" CONTENT="af"/><SP WIDTH="13" VPOS="444" HPOS="235"/>
							<String ID="string_77" HPOS="248" VPOS="440" WIDTH="141" HEIGHT="26" WC="0.93" CONTENT="Österbottens"/><SP WIDTH="15" VPOS="440" HPOS="389"/>
							<String ID="string_78" HPOS="404" VPOS="445" WIDTH="124" HEIGHT="26" WC="0.96" CONTENT="regemente,"/><SP WIDTH="19" VPOS="445" HPOS="528"/>
							<String ID="string_79" HPOS="547" VPOS="444" WIDTH="64" HEIGHT="21" WC="0.93" CONTENT="skulle"/><SP WIDTH="18" VPOS="444" HPOS="611"/>
							<String ID="string_80" HPOS="629" VPOS="443" WIDTH="115" HEIGHT="28" WC="0.86" CONTENT="bortflyttas"/><SP WIDTH="15" VPOS="443" HPOS="744"/>
							<String ID="string_81" HPOS="759" VPOS="444" WIDTH="33" HEIGHT="20" WC="0.96" CONTENT="till"/><SP WIDTH="16" VPOS="444" HPOS="792"/>
							<String ID="string_82" HPOS="808" VPOS="442" WIDTH="63" HEIGHT="22" WC="0.93" CONTENT="andra"/><SP WIDTH="18" VPOS="442" HPOS="871"/>
							<String ID="string_83" HPOS="889" VPOS="442" WIDTH="64" HEIGHT="22" WC="0.93" CONTENT="Sock-"/>
						</TextLine>
						<TextLine ID="line_9" HPOS="211" VPOS="478" WIDTH="742" HEIGHT="28">
							<String ID="string_84" HPOS="211" VPOS="486" WIDTH="42" HEIGHT="20" WC="0.91" CONTENT="nar,"/><SP WIDTH="18" VPOS="486" HPOS="253"/>
							<String ID="string_85" HPOS="271" VPOS="480" WIDTH="38" HEIGHT="21" WC="0.96" CONTENT="och"/><SP WIDTH="15" VPOS="480" HPOS="309"/>
							<String ID="string_86" HPOS="324" VPOS="480" WIDTH="21" HEIGHT="21" WC="0.96" CONTENT="at"/><SP WIDTH="16" VPOS="480" HPOS="345"/>
							<String ID="string_87" HPOS="361" VPOS="479" WIDTH="24" HEIGHT="21" WC="0.93" CONTENT="de"/><SP WIDTH="16" VPOS="479" HPOS="385"/>
							<String ID="string_88" HPOS="401" VPOS="479" WIDTH="76" HEIGHT="21" WC="0.92" CONTENT="säledes"/><SP WIDTH="16" VPOS="479" HPOS="477"/>
							<String ID="string_89" HPOS="493" VPOS="480" WIDTH="66" HEIGHT="21" WC="0.92" CONTENT="mätte"/><SP WIDTH="16" VPOS="480" HPOS="559"/>
							<String ID="string_90" HPOS="575" VPOS="479" WIDTH="63" HEIGHT="22" WC="0.91" CONTENT="blifva"/><SP WIDTH="15" VPOS="479" HPOS="638"/>
							<String ID="string_91" HPOS="653" VPOS="478" WIDTH="89" HEIGHT="22" WC="0.92" CONTENT="befriade"/><SP WIDTH="16" VPOS="478" HPOS="742"/>
							<String ID="string_92" HPOS="758" VPOS="478" WIDTH="45" HEIGHT="22" WC="0.93" CONTENT="frän"/><SP WIDTH="16" VPOS="478" HPOS="803"/>
							<String ID="string_93" HPOS="819" VPOS="478" WIDTH="28" HEIGHT="22" WC="0.93" CONTENT="all"/><SP WIDTH="15" VPOS="478" HPOS="847"/>
							<String ID="string_94" HPOS="862" VPOS="478" WIDTH="91" HEIGHT="28" WC="0.93" CONTENT="rotering"/>
						</TextLine>
						<TextLine ID="line_10" HPOS="214" VPOS="514" WIDTH="739" HEIGHT="29">
							<String ID="string_95" HPOS="214" VPOS="516" WIDTH="61" HEIGHT="21" WC="0.93" CONTENT="under"/><SP WIDTH="21" VPOS="516" HPOS="275"/>
							<String ID="string_96" HPOS="296" VPOS="515" WIDTH="62" HEIGHT="28" WC="0.90" CONTENT="sagde"/><SP WIDTH="20" VPOS="515" HPOS="358"/>
							<String ID="string_97" HPOS="378" VPOS="515" WIDTH="127" HEIGHT="28" WC="0.96" CONTENT="regemente:"/><SP WIDTH="22" VPOS="515" HPOS="505"/>
							<String ID="string_98" HPOS="527" VPOS="515" WIDTH="104" HEIGHT="21" WC="0.93" CONTENT="äfvensom"/><SP WIDTH="20" VPOS="515" HPOS="631"/>
							<String ID="string_99" HPOS="651" VPOS="514" WIDTH="128" HEIGHT="28" WC="0.88" CONTENT="Kuolajärfvi"/><SP WIDTH="18" VPOS="514" HPOS="779"/>
							<String ID="string_100" HPOS="797" VPOS="515" WIDTH="44" HEIGHT="27" WC="0.93" CONTENT="Lap"/><SP WIDTH="15" VPOS="515" HPOS="841"/>
							<String ID="string_101" HPOS="856" VPOS="514" WIDTH="97" HEIGHT="28" WC="0.96" CONTENT="Allmoge"/>
						</TextLine>
						<TextLine ID="line_11" HPOS="211" VPOS="550" WIDTH="741" HEIGHT="28">
							<String ID="string_102" HPOS="211" VPOS="550" WIDTH="116" HEIGHT="22" WC="0.90" CONTENT="förbehållit"/><SP WIDTH="15" VPOS="550" HPOS="327"/>
							<String ID="string_103" HPOS="342" VPOS="550" WIDTH="31" HEIGHT="28" WC="0.95" CONTENT="sig"/><SP WIDTH="16" VPOS="550" HPOS="373"/>
							<String ID="string_104" HPOS="389" VPOS="550" WIDTH="92" HEIGHT="22" WC="0.96" CONTENT="befrielse"/><SP WIDTH="15" VPOS="550" HPOS="481"/>
							<String ID="string_105" HPOS="496" VPOS="551" WIDTH="32" HEIGHT="21" WC="0.96" CONTENT="för"/><SP WIDTH="16" VPOS="551" HPOS="528"/>
							<String ID="string_106" HPOS="544" VPOS="550" WIDTH="38" HEIGHT="22" WC="0.93" CONTENT="den"/><SP WIDTH="10" VPOS="550" HPOS="582"/>
							<String ID="string_107" HPOS="592" VPOS="550" WIDTH="72" HEIGHT="22" WC="0.90" CONTENT="härtils"/><SP WIDTH="11" VPOS="550" HPOS="664"/>
							<String ID="string_108" HPOS="675" VPOS="550" WIDTH="93" HEIGHT="28" WC="0.93" CONTENT="utgjorde"/><SP WIDTH="11" VPOS="550" HPOS="768"/>
							<String ID="string_109" HPOS="779" VPOS="550" WIDTH="90" HEIGHT="22" WC="0.92" CONTENT="skattens"/><SP WIDTH="16" VPOS="550" HPOS="869"/>
							<String ID="string_110" HPOS="885" VPOS="550" WIDTH="67" HEIGHT="28" WC="0.92" CONTENT="erläg-"/>
						</TextLine>
						<TextLine ID="line_12" HPOS="212" VPOS="586" WIDTH="308" HEIGHT="28">
							<String ID="string_111" HPOS="212" VPOS="586" WIDTH="65" HEIGHT="28" WC="0.96" CONTENT="gande"/><SP WIDTH="15" VPOS="586" HPOS="277"/>
							<String ID="string_112" HPOS="292" VPOS="586" WIDTH="33" HEIGHT="21" WC="0.96" CONTENT="till"/><SP WIDTH="16" VPOS="586" HPOS="325"/>
							<String ID="string_113" HPOS="341" VPOS="586" WIDTH="68" HEIGHT="27" WC="0.96" CONTENT="Ryska"/><SP WIDTH="15" VPOS="586" HPOS="409"/>
							<String ID="string_114" HPOS="424" VPOS="586" WIDTH="96" HEIGHT="21" WC="0.82" CONTENT="kronan.&quot;"/>
						</TextLine>
					</TextBlock>
					<TextBlock ID="block_3" HPOS="210" VPOS="621" WIDTH="743" HEIGHT="453">
						<TextLine ID="line_13" HPOS="282" VPOS="621" WIDTH="671" HEIGHT="28">
							<String ID="string_115" HPOS="282" VPOS="622" WIDTH="37" HEIGHT="21" WC="0.95" CONTENT="Uti"/><SP WIDTH="20" VPOS="622" HPOS="319"/>
							<String ID="string_116" HPOS="339" VPOS="621" WIDTH="34" HEIGHT="21" WC="0.96" CONTENT="det"/><SP WIDTH="19" VPOS="621" HPOS="373"/>
							<String ID="string_117" HPOS="392" VPOS="621" WIDTH="85" HEIGHT="22" WC="0.96" CONTENT="sålunda"/><SP WIDTH="20" VPOS="621" HPOS="477"/>
							<String ID="string_118" HPOS="497" VPOS="621" WIDTH="64" HEIGHT="21" WC="0.96" CONTENT="under"/><SP WIDTH="20" VPOS="621" HPOS="561"/>
							<String ID="string_119" HPOS="581" VPOS="621" WIDTH="109" HEIGHT="28" WC="0.96" CONTENT="påstående"/><SP WIDTH="15" VPOS="621" HPOS="690"/>
							<String ID="string_120" HPOS="705" VPOS="621" WIDTH="46" HEIGHT="28" WC="0.96" CONTENT="krig"/><SP WIDTH="16" VPOS="621" HPOS="751"/>
							<String ID="string_121" HPOS="767" VPOS="621" WIDTH="86" HEIGHT="22" WC="0.96" CONTENT="emellan"/><SP WIDTH="17" VPOS="621" HPOS="853"/>
							<String ID="string_122" HPOS="870" VPOS="621" WIDTH="83" HEIGHT="28" WC="0.87" CONTENT="Sverige"/>
						</TextLine>
						<TextLine ID="line_14" HPOS="212" VPOS="656" WIDTH="739" HEIGHT="28">
							<String ID="string_123" HPOS="212" VPOS="657" WIDTH="37" HEIGHT="22" WC="0.96" CONTENT="och"/><SP WIDTH="16" VPOS="657" HPOS="249"/>
							<String ID="string_124" HPOS="265" VPOS="656" WIDTH="101" HEIGHT="28" WC="0.93" CONTENT="Ryssland"/><SP WIDTH="16" VPOS="656" HPOS="366"/>
							<String ID="string_125" HPOS="382" VPOS="656" WIDTH="75" HEIGHT="28" WC="0.92" CONTENT="åtagna"/><SP WIDTH="15" VPOS="656" HPOS="457"/>
							<String ID="string_126" HPOS="472" VPOS="657" WIDTH="117" HEIGHT="21" WC="0.90" CONTENT="knektehåll"/><SP WIDTH="16" VPOS="657" HPOS="589"/>
							<String ID="string_127" HPOS="605" VPOS="656" WIDTH="110" HEIGHT="21" WC="0.96" CONTENT="utverkade"/><SP WIDTH="11" VPOS="656" HPOS="715"/>
							<String ID="string_128" HPOS="726" VPOS="657" WIDTH="31" HEIGHT="27" WC="0.95" CONTENT="sig"/><SP WIDTH="10" VPOS="657" HPOS="757"/>
							<String ID="string_129" HPOS="767" VPOS="657" WIDTH="62" HEIGHT="21" WC="0.95" CONTENT="likväl"/><SP WIDTH="11" VPOS="657" HPOS="829"/>
							<String ID="string_130" HPOS="840" VPOS="657" WIDTH="111" HEIGHT="25" WC="0.96" CONTENT="Kuusamo,"/>
						</TextLine>
						<TextLine ID="line_15" HPOS="210" VPOS="691" WIDTH="743" HEIGHT="28">
							<String ID="string_131" HPOS="210" VPOS="692" WIDTH="119" HEIGHT="21" WC="0.91" CONTENT="Kemiträsk"/><SP WIDTH="15" VPOS="692" HPOS="329"/>
							<String ID="string_132" HPOS="344" VPOS="691" WIDTH="37" HEIGHT="21" WC="0.93" CONTENT="och"/><SP WIDTH="16" VPOS="691" HPOS="381"/>
							<String ID="string_133" HPOS="397" VPOS="691" WIDTH="119" HEIGHT="28" WC="0.92" CONTENT="Kuolajärvi"/><SP WIDTH="16" VPOS="691" HPOS="516"/>
							<String ID="string_134" HPOS="532" VPOS="692" WIDTH="121" HEIGHT="21" WC="0.91" CONTENT="socknemän"/><SP WIDTH="17" VPOS="692" HPOS="653"/>
							<String ID="string_135" HPOS="670" VPOS="691" WIDTH="50" HEIGHT="21" WC="0.93" CONTENT="efter"/><SP WIDTH="15" VPOS="691" HPOS="720"/>
							<String ID="string_136" HPOS="735" VPOS="691" WIDTH="82" HEIGHT="21" WC="0.92" CONTENT="inträdd"/><SP WIDTH="16" VPOS="691" HPOS="817"/>
							<String ID="string_137" HPOS="833" VPOS="692" WIDTH="44" HEIGHT="20" WC="0.96" CONTENT="fred"/><SP WIDTH="13" VPOS="692" HPOS="877"/>
							<String ID="string_138" HPOS="890" VPOS="692" WIDTH="63" HEIGHT="21" WC="0.95" CONTENT="sådan"/>
						</TextLine>
						<TextLine ID="line_16" HPOS="210" VPOS="726" WIDTH="742" HEIGHT="29">
							<String ID="string_139" HPOS="210" VPOS="727" WIDTH="97" HEIGHT="28" WC="0.96" CONTENT="lindring,"/><SP WIDTH="19" VPOS="727" HPOS="307"/>
							<String ID="string_140" HPOS="326" VPOS="733" WIDTH="45" HEIGHT="15" WC="0.96" CONTENT="som"/><SP WIDTH="16" VPOS="733" HPOS="371"/>
							<String ID="string_141" HPOS="387" VPOS="727" WIDTH="38" HEIGHT="21" WC="0.96" CONTENT="den"/><SP WIDTH="16" VPOS="727" HPOS="425"/>
							<String ID="string_142" HPOS="441" VPOS="726" WIDTH="76" HEIGHT="28" WC="0.96" CONTENT="nådiga"/><SP WIDTH="14" VPOS="726" HPOS="517"/>
							<String ID="string_143" HPOS="531" VPOS="726" WIDTH="151" HEIGHT="28" WC="0.96" CONTENT="propositionen"/><SP WIDTH="20" VPOS="726" HPOS="682"/>
							<String ID="string_144" HPOS="702" VPOS="730" WIDTH="94" HEIGHT="18" WC="0.93" CONTENT="närmare"/><SP WIDTH="20" VPOS="730" HPOS="796"/>
							<String ID="string_145" HPOS="816" VPOS="727" WIDTH="136" HEIGHT="26" WC="0.92" CONTENT="omförmäler,"/>
						</TextLine>
						<TextLine ID="line_17" HPOS="211" VPOS="762" WIDTH="742" HEIGHT="28">
							<String ID="string_146" HPOS="211" VPOS="763" WIDTH="7" HEIGHT="21" WC="0.95" CONTENT="i"/><SP WIDTH="15" VPOS="763" HPOS="218"/>
							<String ID="string_147" HPOS="233" VPOS="762" WIDTH="52" HEIGHT="28" WC="0.96" CONTENT="följd"/><SP WIDTH="14" VPOS="762" HPOS="285"/>
							<String ID="string_148" HPOS="299" VPOS="762" WIDTH="74" HEIGHT="22" WC="0.96" CONTENT="hvaraf"/><SP WIDTH="13" VPOS="762" HPOS="373"/>
							<String ID="string_149" HPOS="386" VPOS="762" WIDTH="67" HEIGHT="28" WC="0.96" CONTENT="någon"/><SP WIDTH="20" VPOS="762" HPOS="453"/>
							<String ID="string_150" HPOS="473" VPOS="769" WIDTH="67" HEIGHT="15" WC="0.95" CONTENT="annan"/><SP WIDTH="20" VPOS="769" HPOS="540"/>
							<String ID="string_151" HPOS="560" VPOS="762" WIDTH="114" HEIGHT="28" WC="0.96" CONTENT="skyldighet"/><SP WIDTH="20" VPOS="762" HPOS="674"/>
							<String ID="string_152" HPOS="694" VPOS="762" WIDTH="27" HEIGHT="28" WC="0.96" CONTENT="på"/><SP WIDTH="20" VPOS="762" HPOS="721"/>
							<String ID="string_153" HPOS="741" VPOS="763" WIDTH="66" HEIGHT="27" WC="0.95" CONTENT="grund"/><SP WIDTH="21" VPOS="763" HPOS="807"/>
							<String ID="string_154" HPOS="828" VPOS="763" WIDTH="23" HEIGHT="21" WC="0.93" CONTENT="af"/><SP WIDTH="17" VPOS="763" HPOS="851"/>
							<String ID="string_155" HPOS="868" VPOS="763" WIDTH="85" HEIGHT="21" WC="0.91" CONTENT="knekte-"/>
						</TextLine>
						<TextLine ID="line_18" HPOS="210" VPOS="797" WIDTH="743" HEIGHT="28">
							<String ID="string_156" HPOS="210" VPOS="799" WIDTH="122" HEIGHT="21" WC="0.96" CONTENT="kontrakten"/><SP WIDTH="19" VPOS="799" HPOS="332"/>
							<String ID="string_157" HPOS="351" VPOS="798" WIDTH="43" HEIGHT="21" WC="0.96" CONTENT="icke"/><SP WIDTH="19" VPOS="798" HPOS="394"/>
							<String ID="string_158" HPOS="413" VPOS="798" WIDTH="69" HEIGHT="21" WC="0.93" CONTENT="vidare"/><SP WIDTH="20" VPOS="798" HPOS="482"/>
							<String ID="string_159" HPOS="502" VPOS="798" WIDTH="92" HEIGHT="27" WC="0.92" CONTENT="qvarstår"/><SP WIDTH="18" VPOS="798" HPOS="594"/>
							<String ID="string_160" HPOS="612" VPOS="797" WIDTH="32" HEIGHT="22" WC="0.93" CONTENT="för"/><SP WIDTH="18" VPOS="797" HPOS="644"/>
							<String ID="string_161" HPOS="662" VPOS="798" WIDTH="93" HEIGHT="22" WC="0.92" CONTENT="bemälde"/><SP WIDTH="21" VPOS="798" HPOS="755"/>
							<String ID="string_162" HPOS="776" VPOS="798" WIDTH="127" HEIGHT="27" WC="0.92" CONTENT="sockneboer,"/><SP WIDTH="25" VPOS="798" HPOS="903"/>
							<String ID="string_163" HPOS="928" VPOS="801" WIDTH="25" HEIGHT="19" WC="0.96" CONTENT="än"/>
						</TextLine>
						<TextLine ID="line_19" HPOS="211" VPOS="833" WIDTH="742" HEIGHT="29">
							<String ID="string_164" HPOS="211" VPOS="835" WIDTH="31" HEIGHT="21" WC="0.95" CONTENT="att"/><SP WIDTH="14" VPOS="835" HPOS="242"/>
							<String ID="string_165" HPOS="256" VPOS="834" WIDTH="107" HEIGHT="21" WC="0.96" CONTENT="Kuusamo"/><SP WIDTH="16" VPOS="834" HPOS="363"/>
							<String ID="string_166" HPOS="379" VPOS="834" WIDTH="37" HEIGHT="21" WC="0.92" CONTENT="och"/><SP WIDTH="15" VPOS="834" HPOS="416"/>
							<String ID="string_167" HPOS="431" VPOS="833" WIDTH="120" HEIGHT="28" WC="0.92" CONTENT="Kuolajärvi"/><SP WIDTH="19" VPOS="833" HPOS="551"/>
							<String ID="string_168" HPOS="570" VPOS="833" WIDTH="86" HEIGHT="21" WC="0.96" CONTENT="socknar"/><SP WIDTH="15" VPOS="833" HPOS="656"/>
							<String ID="string_169" HPOS="671" VPOS="834" WIDTH="63" HEIGHT="21" WC="0.96" CONTENT="under"/><SP WIDTH="15" VPOS="834" HPOS="734"/>
							<String ID="string_170" HPOS="749" VPOS="834" WIDTH="86" HEIGHT="28" WC="0.96" CONTENT="krigstid"/><SP WIDTH="15" VPOS="834" HPOS="835"/>
							<String ID="string_171" HPOS="850" VPOS="834" WIDTH="50" HEIGHT="22" WC="0.93" CONTENT="böra"/><SP WIDTH="16" VPOS="834" HPOS="900"/>
							<String ID="string_172" HPOS="916" VPOS="841" WIDTH="37" HEIGHT="15" WC="0.92" CONTENT="an-"/>
						</TextLine>
						<TextLine ID="line_20" HPOS="210" VPOS="868" WIDTH="743" HEIGHT="30">
							<String ID="string_173" HPOS="210" VPOS="870" WIDTH="71" HEIGHT="28" WC="0.92" CONTENT="tingen"/><SP WIDTH="16" VPOS="870" HPOS="281"/>
							<String ID="string_174" HPOS="297" VPOS="869" WIDTH="103" HEIGHT="27" WC="0.91" CONTENT="uppställa"/><SP WIDTH="19" VPOS="869" HPOS="400"/>
							<String ID="string_175" HPOS="419" VPOS="868" WIDTH="34" HEIGHT="22" WC="0.96" CONTENT="det"/><SP WIDTH="21" VPOS="868" HPOS="453"/>
							<String ID="string_176" HPOS="474" VPOS="869" WIDTH="47" HEIGHT="21" WC="0.96" CONTENT="dem"/><SP WIDTH="16" VPOS="869" HPOS="521"/>
							<String ID="string_177" HPOS="537" VPOS="869" WIDTH="65" HEIGHT="27" WC="0.96" CONTENT="enligt"/><SP WIDTH="19" VPOS="869" HPOS="602"/>
							<String ID="string_178" HPOS="621" VPOS="869" WIDTH="122" HEIGHT="21" WC="0.93" CONTENT="kontrakten"/><SP WIDTH="21" VPOS="869" HPOS="743"/>
							<String ID="string_179" HPOS="764" VPOS="869" WIDTH="108" HEIGHT="29" WC="0.92" CONTENT="åliggande"/><SP WIDTH="21" VPOS="869" HPOS="872"/>
							<String ID="string_180" HPOS="893" VPOS="876" WIDTH="60" HEIGHT="15" WC="0.90" CONTENT="man-"/>
						</TextLine>
						<TextLine ID="line_21" HPOS="211" VPOS="904" WIDTH="742" HEIGHT="29">
							<String ID="string_181" HPOS="211" VPOS="906" WIDTH="55" HEIGHT="26" WC="0.96" CONTENT="skap,"/><SP WIDTH="24" VPOS="906" HPOS="266"/>
							<String ID="string_182" HPOS="290" VPOS="904" WIDTH="78" HEIGHT="22" WC="0.96" CONTENT="hvilket"/><SP WIDTH="19" VPOS="904" HPOS="368"/>
							<String ID="string_183" HPOS="387" VPOS="904" WIDTH="50" HEIGHT="21" WC="0.96" CONTENT="dock"/><SP WIDTH="20" VPOS="904" HPOS="437"/>
							<String ID="string_184" HPOS="457" VPOS="904" WIDTH="17" HEIGHT="28" WC="0.96" CONTENT="ej"/><SP WIDTH="19" VPOS="904" HPOS="474"/>
							<String ID="string_185" HPOS="493" VPOS="904" WIDTH="33" HEIGHT="21" WC="0.96" CONTENT="får"/><SP WIDTH="24" VPOS="904" HPOS="526"/>
							<String ID="string_186" HPOS="550" VPOS="904" WIDTH="167" HEIGHT="22" WC="0.93" CONTENT="&quot;kommenderas"/><SP WIDTH="26" VPOS="904" HPOS="717"/>
							<String ID="string_187" HPOS="743" VPOS="905" WIDTH="58" HEIGHT="21" WC="0.95" CONTENT="utom"/><SP WIDTH="24" VPOS="905" HPOS="801"/>
							<String ID="string_188" HPOS="825" VPOS="905" WIDTH="128" HEIGHT="28" WC="0.95" CONTENT="kompaniets"/>
						</TextLine>
						<TextLine ID="line_22" HPOS="211" VPOS="939" WIDTH="742" HEIGHT="29">
							<String ID="string_189" HPOS="211" VPOS="940" WIDTH="101" HEIGHT="26" WC="0.87" CONTENT="distrikt,&quot;"/><SP WIDTH="18" VPOS="940" HPOS="312"/>
							<String ID="string_190" HPOS="330" VPOS="940" WIDTH="49" HEIGHT="21" WC="0.96" CONTENT="eller"/><SP WIDTH="19" VPOS="940" HPOS="379"/>
							<String ID="string_191" HPOS="398" VPOS="940" WIDTH="67" HEIGHT="21" WC="0.96" CONTENT="derför"/><SP WIDTH="20" VPOS="940" HPOS="465"/>
							<String ID="string_192" HPOS="485" VPOS="940" WIDTH="83" HEIGHT="28" WC="0.95" CONTENT="erlägga"/><SP WIDTH="18" VPOS="940" HPOS="568"/>
							<String ID="string_193" HPOS="586" VPOS="939" WIDTH="68" HEIGHT="28" WC="0.96" CONTENT="någon"/><SP WIDTH="18" VPOS="939" HPOS="654"/>
							<String ID="string_194" HPOS="672" VPOS="940" WIDTH="59" HEIGHT="28" WC="0.95" CONTENT="billig"/><SP WIDTH="19" VPOS="940" HPOS="731"/>
							<String ID="string_195" HPOS="750" VPOS="940" WIDTH="37" HEIGHT="22" WC="0.95" CONTENT="och"/><SP WIDTH="20" VPOS="940" HPOS="787"/>
							<String ID="string_196" HPOS="807" VPOS="940" WIDTH="52" HEIGHT="22" WC="0.95" CONTENT="efter"/><SP WIDTH="14" VPOS="940" HPOS="859"/>
							<String ID="string_197" HPOS="873" VPOS="941" WIDTH="80" HEIGHT="22" WC="0.96" CONTENT="landets"/>
						</TextLine>
						<TextLine ID="line_23" HPOS="210" VPOS="975" WIDTH="742" HEIGHT="29">
							<String ID="string_198" HPOS="210" VPOS="975" WIDTH="112" HEIGHT="29" WC="0.95" CONTENT="tillgångar"/><SP WIDTH="10" VPOS="975" HPOS="322"/>
							<String ID="string_199" HPOS="332" VPOS="975" WIDTH="83" HEIGHT="27" WC="0.93" CONTENT="lämpad"/><SP WIDTH="10" VPOS="975" HPOS="415"/>
							<String ID="string_200" HPOS="425" VPOS="975" WIDTH="66" HEIGHT="27" WC="0.90" CONTENT="afgift,"/><SP WIDTH="18" VPOS="975" HPOS="491"/>
							<String ID="string_201" HPOS="509" VPOS="975" WIDTH="54" HEIGHT="21" WC="0.93" CONTENT="samt"/><SP WIDTH="10" VPOS="975" HPOS="563"/>
							<String ID="string_202" HPOS="573" VPOS="975" WIDTH="118" HEIGHT="21" WC="0.93" CONTENT="Kemiträsk"/><SP WIDTH="15" VPOS="975" HPOS="691"/>
							<String ID="string_203" HPOS="706" VPOS="976" WIDTH="73" HEIGHT="21" WC="0.96" CONTENT="socken"/><SP WIDTH="15" VPOS="976" HPOS="779"/>
							<String ID="string_204" HPOS="794" VPOS="976" WIDTH="61" HEIGHT="28" WC="0.93" CONTENT="utgör"/><SP WIDTH="15" VPOS="976" HPOS="855"/>
							<String ID="string_205" HPOS="870" VPOS="977" WIDTH="82" HEIGHT="27" WC="0.92" CONTENT="vakans,"/>
						</TextLine>
						<TextLine ID="line_24" HPOS="210" VPOS="1008" WIDTH="743" HEIGHT="30">
							<String ID="string_206" HPOS="210" VPOS="1012" WIDTH="8" HEIGHT="21" WC="0.96" CONTENT="i"/><SP WIDTH="14" VPOS="1012" HPOS="218"/>
							<String ID="string_207" HPOS="232" VPOS="1011" WIDTH="65" HEIGHT="22" WC="0.96" CONTENT="likhet"/><SP WIDTH="14" VPOS="1011" HPOS="297"/>
							<String ID="string_208" HPOS="311" VPOS="1011" WIDTH="48" HEIGHT="21" WC="0.93" CONTENT="med"/><SP WIDTH="14" VPOS="1011" HPOS="359"/>
							<String ID="string_209" HPOS="373" VPOS="1010" WIDTH="148" HEIGHT="21" WC="0.91" CONTENT="rotehållarene"/><SP WIDTH="19" VPOS="1010" HPOS="521"/>
							<String ID="string_210" HPOS="540" VPOS="1010" WIDTH="30" HEIGHT="21" WC="0.96" CONTENT="uti"/><SP WIDTH="19" VPOS="1010" HPOS="570"/>
							<String ID="string_211" HPOS="589" VPOS="1010" WIDTH="38" HEIGHT="21" WC="0.95" CONTENT="den"/><SP WIDTH="20" VPOS="1010" HPOS="627"/>
							<String ID="string_212" HPOS="647" VPOS="1010" WIDTH="65" HEIGHT="28" WC="0.95" CONTENT="öfriga"/><SP WIDTH="20" VPOS="1010" HPOS="712"/>
							<String ID="string_213" HPOS="732" VPOS="1010" WIDTH="57" HEIGHT="23" WC="0.96" CONTENT="delen"/><SP WIDTH="20" VPOS="1010" HPOS="789"/>
							<String ID="string_214" HPOS="809" VPOS="1012" WIDTH="22" HEIGHT="21" WC="0.93" CONTENT="af"/><SP WIDTH="16" VPOS="1012" HPOS="831"/>
							<String ID="string_215" HPOS="847" VPOS="1008" WIDTH="106" HEIGHT="26" WC="0.91" CONTENT="Österbot-"/>
						</TextLine>
						<TextLine ID="line_25" HPOS="210" VPOS="1045" WIDTH="535" HEIGHT="29">
							<String ID="string_216" HPOS="210" VPOS="1047" WIDTH="42" HEIGHT="27" WC="0.96" CONTENT="ten,"/><SP WIDTH="16" VPOS="1047" HPOS="252"/>
							<String ID="string_217" HPOS="268" VPOS="1047" WIDTH="33" HEIGHT="21" WC="0.96" CONTENT="för"/><SP WIDTH="14" VPOS="1047" HPOS="301"/>
							<String ID="string_218" HPOS="315" VPOS="1046" WIDTH="76" HEIGHT="27" WC="0.96" CONTENT="fjorton"/><SP WIDTH="16" VPOS="1046" HPOS="391"/>
							<String ID="string_219" HPOS="407" VPOS="1045" WIDTH="88" HEIGHT="22" WC="0.96" CONTENT="soldater"/><SP WIDTH="16" VPOS="1045" HPOS="495"/>
							<String ID="string_220" HPOS="511" VPOS="1046" WIDTH="37" HEIGHT="21" WC="0.96" CONTENT="och"/><SP WIDTH="16" VPOS="1046" HPOS="548"/>
							<String ID="string_221" HPOS="564" VPOS="1052" WIDTH="25" HEIGHT="15" WC="0.96" CONTENT="en"/><SP WIDTH="15" VPOS="1052" HPOS="589"/>
							<String ID="string_222" HPOS="604" VPOS="1046" WIDTH="141" HEIGHT="28" WC="0.95" CONTENT="trumslagare."/>
						</TextLine>
					</TextBlock>
					<TextBlock ID="block_4" HPOS="186" VPOS="1081" WIDTH="771" HEIGHT="418">
						<TextLine ID="line_26" HPOS="281" VPOS="1081" WIDTH="673" HEIGHT="30">
							<String ID="string_223" HPOS="281" VPOS="1082" WIDTH="58" HEIGHT="21" WC="0.96" CONTENT="Efter"/><SP WIDTH="22" VPOS="1082" HPOS="339"/>
							<String ID="string_224" HPOS="361" VPOS="1082" WIDTH="126" HEIGHT="21" WC="0.96" CONTENT="tillkomsten"/><SP WIDTH="24" VPOS="1082" HPOS="487"/>
							<String ID="string_225" HPOS="511" VPOS="1081" WIDTH="23" HEIGHT="22" WC="0.95" CONTENT="af"/><SP WIDTH="20" VPOS="1081" HPOS="534"/>
							<String ID="string_226" HPOS="554" VPOS="1081" WIDTH="115" HEIGHT="28" WC="0.96" CONTENT="Kejserliga"/><SP WIDTH="22" VPOS="1081" HPOS="669"/>
							<String ID="string_227" HPOS="691" VPOS="1082" WIDTH="136" HEIGHT="27" WC="0.96" CONTENT="reglementet"/><SP WIDTH="23" VPOS="1082" HPOS="827"/>
							<String ID="string_228" HPOS="850" VPOS="1083" WIDTH="104" HEIGHT="28" WC="0.96" CONTENT="angående"/>
						</TextLine>
						<TextLine ID="line_27" HPOS="212" VPOS="1116" WIDTH="745" HEIGHT="28">
							<String ID="string_229" HPOS="212" VPOS="1117" WIDTH="154" HEIGHT="22" WC="0.92" CONTENT="landtmäteriet"/><SP WIDTH="15" VPOS="1117" HPOS="366"/>
							<String ID="string_230" HPOS="381" VPOS="1123" WIDTH="27" HEIGHT="15" WC="0.95" CONTENT="m."/><SP WIDTH="17" VPOS="1123" HPOS="408"/>
							<String ID="string_231" HPOS="425" VPOS="1124" WIDTH="28" HEIGHT="14" WC="0.96" CONTENT="m."/><SP WIDTH="23" VPOS="1124" HPOS="453"/>
							<String ID="string_232" HPOS="476" VPOS="1117" WIDTH="38" HEIGHT="21" WC="0.96" CONTENT="den"/><SP WIDTH="23" VPOS="1117" HPOS="514"/>
							<String ID="string_233" HPOS="537" VPOS="1117" WIDTH="26" HEIGHT="21" WC="0.96" CONTENT="15"/><SP WIDTH="21" VPOS="1117" HPOS="563"/>
							<String ID="string_234" HPOS="584" VPOS="1116" WIDTH="42" HEIGHT="28" WC="0.96" CONTENT="Maj"/><SP WIDTH="24" VPOS="1116" HPOS="626"/>
							<String ID="string_235" HPOS="650" VPOS="1117" WIDTH="55" HEIGHT="22" WC="0.93" CONTENT="1848"/><SP WIDTH="22" VPOS="1117" HPOS="705"/>
							<String ID="string_236" HPOS="727" VPOS="1117" WIDTH="64" HEIGHT="22" WC="0.92" CONTENT="höllos"/><SP WIDTH="21" VPOS="1117" HPOS="791"/>
							<String ID="string_237" HPOS="812" VPOS="1118" WIDTH="22" HEIGHT="21" WC="0.96" CONTENT="år"/><SP WIDTH="22" VPOS="1118" HPOS="834"/>
							<String ID="string_238" HPOS="856" VPOS="1119" WIDTH="57" HEIGHT="22" WC="0.96" CONTENT="1850"/><SP WIDTH="21" VPOS="1119" HPOS="913"/>
							<String ID="string_239" HPOS="934" VPOS="1119" WIDTH="23" HEIGHT="22" WC="0.96" CONTENT="af"/>
						</TextLine>
						<TextLine ID="line_28" HPOS="211" VPOS="1152" WIDTH="742" HEIGHT="29">
							<String ID="string_240" HPOS="211" VPOS="1155" WIDTH="126" HEIGHT="26" WC="0.96" CONTENT="guvernören"/><SP WIDTH="18" VPOS="1155" HPOS="337"/>
							<String ID="string_241" HPOS="355" VPOS="1153" WIDTH="8" HEIGHT="21" WC="0.93" CONTENT="i"/><SP WIDTH="19" VPOS="1153" HPOS="363"/>
							<String ID="string_242" HPOS="382" VPOS="1152" WIDTH="112" HEIGHT="27" WC="0.96" CONTENT="Uleåborgs"/><SP WIDTH="20" VPOS="1152" HPOS="494"/>
							<String ID="string_243" HPOS="514" VPOS="1153" WIDTH="35" HEIGHT="20" WC="0.96" CONTENT="län"/><SP WIDTH="21" VPOS="1153" HPOS="549"/>
							<String ID="string_244" HPOS="570" VPOS="1152" WIDTH="47" HEIGHT="21" WC="0.93" CONTENT="med"/><SP WIDTH="20" VPOS="1152" HPOS="617"/>
							<String ID="string_245" HPOS="637" VPOS="1153" WIDTH="162" HEIGHT="22" WC="0.92" CONTENT="socknemännen"/><SP WIDTH="20" VPOS="1153" HPOS="799"/>
							<String ID="string_246" HPOS="819" VPOS="1153" WIDTH="8" HEIGHT="22" WC="0.96" CONTENT="i"/><SP WIDTH="14" VPOS="1153" HPOS="827"/>
							<String ID="string_247" HPOS="841" VPOS="1153" WIDTH="112" HEIGHT="28" WC="0.96" CONTENT="Kuusamo,"/>
						</TextLine>
						<TextLine ID="line_29" HPOS="211" VPOS="1187" WIDTH="743" HEIGHT="30">
							<String ID="string_248" HPOS="211" VPOS="1188" WIDTH="118" HEIGHT="22" WC="0.87" CONTENT="Kemiträsk"/><SP WIDTH="16" VPOS="1188" HPOS="329"/>
							<String ID="string_249" HPOS="345" VPOS="1188" WIDTH="38" HEIGHT="21" WC="0.96" CONTENT="och"/><SP WIDTH="15" VPOS="1188" HPOS="383"/>
							<String ID="string_250" HPOS="398" VPOS="1187" WIDTH="120" HEIGHT="27" WC="0.93" CONTENT="Kuolajärvi"/><SP WIDTH="15" VPOS="1187" HPOS="518"/>
							<String ID="string_251" HPOS="533" VPOS="1188" WIDTH="100" HEIGHT="21" WC="0.96" CONTENT="stämmor"/><SP WIDTH="10" VPOS="1188" HPOS="633"/>
							<String ID="string_252" HPOS="643" VPOS="1187" WIDTH="31" HEIGHT="22" WC="0.93" CONTENT="för"/><SP WIDTH="16" VPOS="1187" HPOS="674"/>
							<String ID="string_253" HPOS="690" VPOS="1188" WIDTH="156" HEIGHT="29" WC="0.89" CONTENT="öfverläggning"/><SP WIDTH="16" VPOS="1188" HPOS="846"/>
							<String ID="string_254" HPOS="862" VPOS="1196" WIDTH="34" HEIGHT="15" WC="0.93" CONTENT="om"/><SP WIDTH="15" VPOS="1196" HPOS="896"/>
							<String ID="string_255" HPOS="911" VPOS="1191" WIDTH="43" HEIGHT="20" WC="0.92" CONTENT="sät-"/>
						</TextLine>
						<TextLine ID="line_30" HPOS="211" VPOS="1222" WIDTH="744" HEIGHT="29">
							<String ID="string_256" HPOS="211" VPOS="1224" WIDTH="31" HEIGHT="21" WC="0.96" CONTENT="tet"/><SP WIDTH="15" VPOS="1224" HPOS="242"/>
							<String ID="string_257" HPOS="257" VPOS="1224" WIDTH="32" HEIGHT="21" WC="0.96" CONTENT="för"/><SP WIDTH="14" VPOS="1224" HPOS="289"/>
							<String ID="string_258" HPOS="303" VPOS="1223" WIDTH="107" HEIGHT="21" WC="0.96" CONTENT="införande"/><SP WIDTH="21" VPOS="1223" HPOS="410"/>
							<String ID="string_259" HPOS="431" VPOS="1222" WIDTH="23" HEIGHT="21" WC="0.92" CONTENT="af"/><SP WIDTH="18" VPOS="1222" HPOS="454"/>
							<String ID="string_260" HPOS="472" VPOS="1222" WIDTH="103" HEIGHT="21" WC="0.92" CONTENT="storskifte"/><SP WIDTH="19" VPOS="1222" HPOS="575"/>
							<String ID="string_261" HPOS="594" VPOS="1223" WIDTH="7" HEIGHT="20" WC="0.96" CONTENT="i"/><SP WIDTH="21" VPOS="1223" HPOS="601"/>
							<String ID="string_262" HPOS="622" VPOS="1222" WIDTH="57" HEIGHT="22" WC="0.93" CONTENT="dessa"/><SP WIDTH="20" VPOS="1222" HPOS="679"/>
							<String ID="string_263" HPOS="699" VPOS="1223" WIDTH="150" HEIGHT="28" WC="0.91" CONTENT="församlingar,"/><SP WIDTH="21" VPOS="1223" HPOS="849"/>
							<String ID="string_264" HPOS="870" VPOS="1225" WIDTH="85" HEIGHT="22" WC="0.92" CONTENT="hvarvid"/>
						</TextLine>
						<TextLine ID="line_31" HPOS="211" VPOS="1257" WIDTH="743" HEIGHT="30">
							<String ID="string_265" HPOS="211" VPOS="1258" WIDTH="51" HEIGHT="21" WC="0.96" CONTENT="dock"/><SP WIDTH="15" VPOS="1258" HPOS="262"/>
							<String ID="string_266" HPOS="277" VPOS="1258" WIDTH="23" HEIGHT="21" WC="0.93" CONTENT="af"/><SP WIDTH="13" VPOS="1258" HPOS="300"/>
							<String ID="string_267" HPOS="313" VPOS="1258" WIDTH="102" HEIGHT="26" WC="0.89" CONTENT="alimogen"/><SP WIDTH="16" VPOS="1258" HPOS="415"/>
							<String ID="string_268" HPOS="431" VPOS="1258" WIDTH="73" HEIGHT="19" WC="0.92" CONTENT="nästan"/><SP WIDTH="16" VPOS="1258" HPOS="504"/>
							<String ID="string_269" HPOS="520" VPOS="1257" WIDTH="99" HEIGHT="27" WC="0.90" CONTENT="enhälligt"/><SP WIDTH="16" VPOS="1257" HPOS="619"/>
							<String ID="string_270" HPOS="635" VPOS="1257" WIDTH="100" HEIGHT="22" WC="0.92" CONTENT="uttalades"/><SP WIDTH="10" VPOS="1257" HPOS="735"/>
							<String ID="string_271" HPOS="745" VPOS="1259" WIDTH="72" HEIGHT="20" WC="0.91" CONTENT="tvifvel"/><SP WIDTH="15" VPOS="1259" HPOS="817"/>
							<String ID="string_272" HPOS="832" VPOS="1266" WIDTH="34" HEIGHT="15" WC="0.93" CONTENT="om"/><SP WIDTH="15" VPOS="1266" HPOS="866"/>
							<String ID="string_273" HPOS="881" VPOS="1261" WIDTH="73" HEIGHT="26" WC="0.92" CONTENT="nyttan"/>
						</TextLine>
						<TextLine ID="line_32" HPOS="186" VPOS="1291" WIDTH="768" HEIGHT="29">
							<String ID="string_274" HPOS="186" VPOS="1309" WIDTH="2" HEIGHT="3" WC="0.67" CONTENT="."/><SP WIDTH="23" VPOS="1309" HPOS="188"/>
							<String ID="string_275" HPOS="211" VPOS="1293" WIDTH="38" HEIGHT="22" WC="0.92" CONTENT="och"/><SP WIDTH="15" VPOS="1293" HPOS="249"/>
							<String ID="string_276" HPOS="264" VPOS="1291" WIDTH="178" HEIGHT="28" WC="0.96" CONTENT="nödvändigheten"/><SP WIDTH="17" VPOS="1291" HPOS="442"/>
							<String ID="string_277" HPOS="459" VPOS="1291" WIDTH="22" HEIGHT="21" WC="0.93" CONTENT="af"/><SP WIDTH="13" VPOS="1291" HPOS="481"/>
							<String ID="string_278" HPOS="494" VPOS="1291" WIDTH="103" HEIGHT="21" WC="0.92" CONTENT="storskifte"/><SP WIDTH="15" VPOS="1291" HPOS="597"/>
							<String ID="string_279" HPOS="612" VPOS="1291" WIDTH="27" HEIGHT="27" WC="0.93" CONTENT="pä"/><SP WIDTH="15" VPOS="1291" HPOS="639"/>
							<String ID="string_280" HPOS="654" VPOS="1292" WIDTH="153" HEIGHT="27" WC="0.96" CONTENT="ifrågavarande"/><SP WIDTH="16" VPOS="1292" HPOS="807"/>
							<String ID="string_281" HPOS="823" VPOS="1295" WIDTH="60" HEIGHT="25" WC="0.93" CONTENT="orter,"/><SP WIDTH="17" VPOS="1295" HPOS="883"/>
							<String ID="string_282" HPOS="900" VPOS="1294" WIDTH="54" HEIGHT="22" WC="0.92" CONTENT="hvil-"/>
						</TextLine>
						<TextLine ID="line_33" HPOS="210" VPOS="1327" WIDTH="745" HEIGHT="29">
							<String ID="string_283" HPOS="210" VPOS="1329" WIDTH="34" HEIGHT="21" WC="0.93" CONTENT="ket"/><SP WIDTH="21" VPOS="1329" HPOS="244"/>
							<String ID="string_284" HPOS="265" VPOS="1328" WIDTH="162" HEIGHT="22" WC="0.92" CONTENT="socknemännen"/><SP WIDTH="21" VPOS="1328" HPOS="427"/>
							<String ID="string_285" HPOS="448" VPOS="1327" WIDTH="55" HEIGHT="29" WC="0.92" CONTENT="förty"/><SP WIDTH="23" VPOS="1327" HPOS="503"/>
							<String ID="string_286" HPOS="526" VPOS="1327" WIDTH="88" HEIGHT="22" WC="0.93" CONTENT="önskade"/><SP WIDTH="23" VPOS="1327" HPOS="614"/>
							<String ID="string_287" HPOS="637" VPOS="1327" WIDTH="113" HEIGHT="29" WC="0.88" CONTENT="undslippa."/><SP WIDTH="37" VPOS="1327" HPOS="750"/>
							<String ID="string_288" HPOS="787" VPOS="1329" WIDTH="112" HEIGHT="23" WC="0.82" CONTENT="Enahanda"/><SP WIDTH="19" VPOS="1329" HPOS="899"/>
							<String ID="string_289" HPOS="918" VPOS="1337" WIDTH="37" HEIGHT="15" WC="0.96" CONTENT="var"/>
						</TextLine>
						<TextLine ID="line_34" HPOS="210" VPOS="1363" WIDTH="744" HEIGHT="31">
							<String ID="string_290" HPOS="210" VPOS="1363" WIDTH="137" HEIGHT="23" WC="0.91" CONTENT="förhällandet"/><SP WIDTH="16" VPOS="1363" HPOS="347"/>
							<String ID="string_291" HPOS="363" VPOS="1363" WIDTH="33" HEIGHT="22" WC="0.96" CONTENT="vid"/><SP WIDTH="16" VPOS="1363" HPOS="396"/>
							<String ID="string_292" HPOS="412" VPOS="1363" WIDTH="25" HEIGHT="21" WC="0.93" CONTENT="de"/><SP WIDTH="16" VPOS="1363" HPOS="437"/>
							<String ID="string_293" HPOS="453" VPOS="1363" WIDTH="105" HEIGHT="26" WC="0.90" CONTENT="stämmor,"/><SP WIDTH="16" VPOS="1363" HPOS="558"/>
							<String ID="string_294" HPOS="574" VPOS="1363" WIDTH="69" HEIGHT="21" WC="0.93" CONTENT="hvilka"/><SP WIDTH="11" VPOS="1363" HPOS="643"/>
							<String ID="string_295" HPOS="654" VPOS="1363" WIDTH="64" HEIGHT="28" WC="0.93" CONTENT="enligt"/><SP WIDTH="10" VPOS="1363" HPOS="718"/>
							<String ID="string_296" HPOS="728" VPOS="1364" WIDTH="116" HEIGHT="30" WC="0.90" CONTENT="Kejserliga"/><SP WIDTH="11" VPOS="1364" HPOS="844"/>
							<String ID="string_297" HPOS="855" VPOS="1365" WIDTH="99" HEIGHT="23" WC="0.93" CONTENT="Senatens"/>
						</TextLine>
						<TextLine ID="line_35" HPOS="210" VPOS="1398" WIDTH="743" HEIGHT="29">
							<String ID="string_298" HPOS="210" VPOS="1400" WIDTH="135" HEIGHT="22" WC="0.95" CONTENT="förordnande"/><SP WIDTH="16" VPOS="1400" HPOS="345"/>
							<String ID="string_299" HPOS="361" VPOS="1400" WIDTH="24" HEIGHT="21" WC="0.93" CONTENT="af"/><SP WIDTH="12" VPOS="1400" HPOS="385"/>
							<String ID="string_300" HPOS="397" VPOS="1401" WIDTH="126" HEIGHT="26" WC="0.95" CONTENT="guvernören"/><SP WIDTH="22" VPOS="1401" HPOS="523"/>
							<String ID="string_301" HPOS="545" VPOS="1398" WIDTH="110" HEIGHT="23" WC="0.95" CONTENT="anställdes"/><SP WIDTH="20" VPOS="1398" HPOS="655"/>
							<String ID="string_302" HPOS="675" VPOS="1399" WIDTH="23" HEIGHT="21" WC="0.95" CONTENT="är"/><SP WIDTH="17" VPOS="1399" HPOS="698"/>
							<String ID="string_303" HPOS="715" VPOS="1401" WIDTH="56" HEIGHT="22" WC="0.96" CONTENT="1868"/><SP WIDTH="21" VPOS="1401" HPOS="771"/>
							<String ID="string_304" HPOS="792" VPOS="1401" WIDTH="48" HEIGHT="22" WC="0.93" CONTENT="med"/><SP WIDTH="20" VPOS="1401" HPOS="840"/>
							<String ID="string_305" HPOS="860" VPOS="1402" WIDTH="93" HEIGHT="22" WC="0.82" CONTENT="hemälde"/>
						</TextLine>
						<TextLine ID="line_36" HPOS="210" VPOS="1434" WIDTH="742" HEIGHT="33">
							<String ID="string_306" HPOS="210" VPOS="1437" WIDTH="128" HEIGHT="26" WC="0.92" CONTENT="socknemän,"/><SP WIDTH="24" VPOS="1437" HPOS="338"/>
							<String ID="string_307" HPOS="362" VPOS="1435" WIDTH="31" HEIGHT="22" WC="0.95" CONTENT="för"/><SP WIDTH="24" VPOS="1435" HPOS="393"/>
							<String ID="string_308" HPOS="417" VPOS="1435" WIDTH="31" HEIGHT="21" WC="0.93" CONTENT="att"/><SP WIDTH="20" VPOS="1435" HPOS="448"/>
							<String ID="string_309" HPOS="468" VPOS="1434" WIDTH="66" HEIGHT="22" WC="0.92" CONTENT="förmä"/><SP WIDTH="21" VPOS="1434" HPOS="534"/>
							<String ID="string_310" HPOS="555" VPOS="1435" WIDTH="46" HEIGHT="21" WC="0.93" CONTENT="dem"/><SP WIDTH="22" VPOS="1435" HPOS="601"/>
							<String ID="string_311" HPOS="623" VPOS="1434" WIDTH="47" HEIGHT="29" WC="0.91" CONTENT="ingä"/><SP WIDTH="20" VPOS="1434" HPOS="670"/>
							<String ID="string_312" HPOS="690" VPOS="1435" WIDTH="27" HEIGHT="28" WC="0.93" CONTENT="pä"/><SP WIDTH="20" VPOS="1435" HPOS="717"/>
							<String ID="string_313" HPOS="737" VPOS="1436" WIDTH="108" HEIGHT="29" WC="0.92" CONTENT="ifrägasatt"/><SP WIDTH="20" VPOS="1436" HPOS="845"/>
							<String ID="string_314" HPOS="865" VPOS="1439" WIDTH="87" HEIGHT="28" WC="0.91" CONTENT="refning,"/>
						</TextLine>
						<TextLine ID="line_37" HPOS="210" VPOS="1471" WIDTH="744" HEIGHT="28">
							<String ID="string_315" HPOS="210" VPOS="1472" WIDTH="104" HEIGHT="22" WC="0.91" CONTENT="storskifte"/><SP WIDTH="21" VPOS="1472" HPOS="314"/>
							<String ID="string_316" HPOS="335" VPOS="1471" WIDTH="38" HEIGHT="22" WC="0.93" CONTENT="och"/><SP WIDTH="20" VPOS="1471" HPOS="373"/>
							<String ID="string_317" HPOS="393" VPOS="1471" WIDTH="154" HEIGHT="28" WC="0.92" CONTENT="skattläggning"/><SP WIDTH="20" VPOS="1471" HPOS="547"/>
							<String ID="string_318" HPOS="567" VPOS="1471" WIDTH="57" HEIGHT="20" WC="0.96" CONTENT="inom"/><SP WIDTH="20" VPOS="1471" HPOS="624"/>
							<String ID="string_319" HPOS="644" VPOS="1471" WIDTH="111" HEIGHT="28" WC="0.93" CONTENT="Kuusamo,"/><SP WIDTH="22" VPOS="1471" HPOS="755"/>
							<String ID="string_320" HPOS="777" VPOS="1472" WIDTH="119" HEIGHT="23" WC="0.92" CONTENT="Kemiträsk"/><SP WIDTH="20" VPOS="1472" HPOS="896"/>
							<String ID="string_321" HPOS="916" VPOS="1475" WIDTH="38" HEIGHT="21" WC="0.95" CONTENT="och"/>
						</TextLine>
					</TextBlock>
				</ComposedBlock>
				<ComposedBlock ID="cblock_2" HPOS="274" VPOS="1517" WIDTH="614" HEIGHT="23">
					<TextBlock ID="block_5" HPOS="274" VPOS="1517" WIDTH="614" HEIGHT="23">
						<TextLine ID="line_38" HPOS="274" VPOS="1517" WIDTH="614" HEIGHT="23">
							<String ID="string_322" HPOS="274" VPOS="1519" WIDTH="128" HEIGHT="18" WC="0.91" CONTENT="Sammansatta"/><SP WIDTH="13" VPOS="1519" HPOS="402"/>
							<String ID="string_323" HPOS="415" VPOS="1517" WIDTH="46" HEIGHT="23" WC="0.91" CONTENT="Lag-"/><SP WIDTH="13" VPOS="1517" HPOS="461"/>
							<String ID="string_324" HPOS="474" VPOS="1518" WIDTH="30" HEIGHT="17" WC="0.93" CONTENT="och"/><SP WIDTH="12" VPOS="1518" HPOS="504"/>
							<String ID="string_325" HPOS="516" VPOS="1517" WIDTH="173" HEIGHT="18" WC="0.92" CONTENT="Ekonomiutskottets"/><SP WIDTH="12" VPOS="1517" HPOS="689"/>
							<String ID="string_326" HPOS="701" VPOS="1518" WIDTH="107" HEIGHT="19" WC="0.91" CONTENT="betänkande"/><SP WIDTH="12" VPOS="1518" HPOS="808"/>
							<String ID="string_327" HPOS="820" VPOS="1520" WIDTH="36" HEIGHT="18" WC="0.96" CONTENT="N:o"/><SP WIDTH="13" VPOS="1520" HPOS="856"/>
							<String ID="string_328" HPOS="869" VPOS="1520" WIDTH="19" HEIGHT="19" WC="0.96" CONTENT="5."/>
						</TextLine>
					</TextBlock>
				</ComposedBlock>
			</PrintSpace>
		</Page>
	</Layout>
</alto>
