1020 1700
251 155 36 23 'g2
440 152 87 28 48.087
538 152 113 32 -00Pop.
665 152 91 27 WH.

229 220 48 21 skäl
289 220 39 21 och
342 214 186 27 sukförtällanden
537 216 44 24 mot
590 219 41 22 deh
647 219 87 21 érkåndt
745 209 227 46 ömöliverade'obera-

229 254 87 27 genhet,
334 246 43 39 som
390 246 38 39 Kös
439 254 27 20 en
475 254 47 21 stor
533 250 69 24 del
578 246 20 39 äl
605 254 27 20 de
638 250 334 30 jörtegande
785 246 64 39 råder
855 250 117 30 mot'entre-

229 287 193 28 prenadsystemet,
440 288 39 20 har
494 288 99 21 utskottet
609 287 71 21 ansett
690 288 37 20 det
742 282 232 30 elldeles'hödvändigt

230 322 30 20 att
274 320 71 23 säsom'
362 325 26 18 eh
404 316 212 34 bfvergäriesätgärä,
624 319 98 24 hvilken
737 322 37 32 här
783 319 190 35 skjutsängsskyi-

230 355 113 28 dighetens
358 350 136 33 fullständiga
504 356 122 26 ailyftande
641 353 47 23 från
701 351 83 32 jorden
788 352 34 24 till
831 353 141 29 ögonmiärke,

229 390 103 21 fastställa
346 391 30 29 en
387 390 69 30 högre
471 390 50 28 lega
535 390 38 21 vid
586 390 144 27 entreprenad
745 392 32 42 sa
790 389 28 22 då
822 385 151 53 skjutetibgén

225 420 146 44 omedelbärt"
371 414 99 43 utgöres.
552 427 2 2 ;

295 470 33 31 Pä
350 457 63 35 ofvan
437 463 89 30 anförda
545 471 47 21 skäl
607 471 40 21 har
661 472 107 26 utskottet,
786 474 49 25 som,
842 465 71 37 redan
924 462 50 40 haft

230 495 82 31 tillfälle.
326 501 30 24 att
369 503 113 23 framhålla
498 505 173 22 önskvärdheten
687 506 30 24 af
723 507 29 19 att
763 484 125 57 Ständerna
893 494 80 43 begag-

230 539 57 20 nade
308 539 90 21 tillfället
420 541 29 19 att
464 538 118 23 medverka
598 539 29 20 till
643 539 28 21 de
686 538 108 33 åtgärder,
811 535 47 25 som
873 539 7 20 i
895 532 78 35 sakens

229 566 126 28 nuvarande
376 574 69 21 skede
464 575 74 27 kunna
553 574 97 20 befinnas
664 569 109 31 lämpliga,
790 575 70 20 ansett
874 573 32 27 sig
920 565 54 29 böra

229 606 79 22 föreslå
330 608 30 20 att
378 608 7 20 i
400 608 42 20 den
453 596 134 44 författning,
605 614 45 14 som
667 608 44 20 kan
727 608 87 21 komma
830 608 29 20 att
869 606 102 30 utfärdas,

229 635 151 37 skyldigheten
403 643 29 19 att
451 643 76 26 utgöra
542 637 111 47 hållskjuts
668 640 29 28 på
711 642 73 20 landet
799 635 34 27 väl
848 636 70 26 skulle
933 642 40 20 för-

229 674 71 22 klaras
316 668 115 29 tillsvidare
446 675 71 28 åligga
533 676 28 21 all
576 675 6 21 i
597 676 82 20 mantal
694 677 40 20 satt
746 675 57 31 jord,
820 682 46 15 som
881 675 48 21 icke
935 681 37 21 ge-

229 716 50 14 nom
302 702 106 42 grundlag
431 710 52 20 eller
501 710 68 21 andra
584 710 140 26 öfverhetliga
738 703 87 33 stadgar
840 708 25 23 ör
880 701 92 45 derifrän

229 740 89 29 befriad,
336 741 49 30 men
402 744 30 20 att
446 744 97 22 deremot
558 744 96 30 nämnda
668 744 89 21 besvärs
772 742 120 34 utgörande
900 737 72 33 pään-

229 772 114 31 treprenad
360 776 70 22 skulle
445 778 139 27 underlättäs,
600 778 76 21 främst
689 784 81 20 genom
784 771 159 36 fastställändet'
953 778 23 20 af

227 806 29 26 en
272 811 68 27 högre
354 810 48 28 lega
418 812 39 20 der
473 812 143 27 entreprenad
632 812 88 21 komme
735 812 30 20 fill
780 807 70 30 stänä,
854 813 61 24 samt
928 806 6 26 i
943 806 30 26 öf-

228 845 41 27 rigt
290 845 79 26 genöm
386 845 165 28 godkännande
573 846 24 20 af
613 846 62 21 äfven
692 845 27 21 de
734 845 68 31 öfriga
817 834 141 43 stadganden'
967 845 6 19 i

229 873 169 47 propositionens
420 873 221 45 författningsförslag,
656 877 74 23 hvilka
746 874 68 32 äsyfta
830 872 127 46 detsamma.

295 924 11 22 I
321 907 56 50 följd
394 925 63 21 häraf
469 925 89 21 komme
573 925 66 27 enligt
652 924 113 22 utskottets.
780 924 91 28 förslag:
889 926 12 23 $
916 924 12 21 1
944 918 31 27 att

227 957 22 22 få
263 964 27 16 en
304 958 118 24 förändrad
438 959 96 27 lydelse,
546 960 12 25 $
573 960 14 20 2
601 960 56 20 samt
672 959 27 22 de
713 958 37 23 två
766 959 70 29 första.
848 960 124 28 momenten

227 993 25 21 af
272 993 12 24 $
303 993 17 21 3
333 994 32 22 att
370 993 103 23 bortfalla
489 994 40 22 och
544 994 99 27 samtliga
665 994 69 27 öfriga
756 994 36 24 $$:
803 994 31 20 att
847 992 84 29 erhålla.
945 999 27 14 en

227 1033 73 19 annan
315 1019 212 40 ordningsnummer;
540 1019 108 40 äfvensom
663 1027 179 23 förekommande
850 1027 123 30 bänpisnja-

228 1068 41 20 gar
283 1060 46 22 från
347 1068 26 14 en
389 1063 104 25 paragraf
501 1056 43 37 till
553 1056 63 37 annan
632 1061 146 27 attienlighet
785 1061 92 23 dermed
883 1060 88 24 ändras.

295 1103 62 25 Hvad
372 1106 55 22 åter
448 1108 101 27 beloppet:
567 1108 26 20 af
602 1108 132 27 skjutslegån
749 1107 144 26 vidkommer,
907 1112 67 16 anser

227 1139 111 24 utskottet"
352 1141 125 22 densamma
498 1143 53 20 böra
565 1142 135 21 böstämrmnas
711 1141 31 21 till
756 1142 32 21 20:
798 1142 70 26 penni
877 1135 35 37 för
926 1147 47 16 ver-

227 1177 47 19 sten
280 1170 64 38 'från'
353 1170 53 38 städ,
423 1178 54 19 samt
492 1175 28 28 på
535 1174 80 29 landet,
633 1175 39 22 der
687 1175 145 28 entreprenad
845 1170 24 38 är
881 1176 91 21 inrättad

225 1209 33 20 till
279 1207 28 23 16
329 1205 69 25 ochi
419 1212 66 19 annat
500 1209 35 22 fall
547 1206 34 25 till
593 1208 31 22 12
638 1207 66 30 penni
720 1211 32 20 för
766 1211 94 26 versten,
877 1210 7 20 i
899 1209 74 28 hvätje

223 1243 39 19 fall
277 1239 140 30 &kdonslega,
435 1244 29 19 till
479 1243 139 21 undvikande
634 1245 22 19 af
664 1241 108 23 särskilda
780 1242 135 29 ligvider
881 1235 28 40 bm
922 1245 50 20 obe-

224 1272 83 30 tyäliga
329 1275 86 27 belopp,
439 1275 46 21 deri
500 1276 134 28 inbegripen.
665 1277 50 20 Den
734 1274 127 24 nuvarande
875 1276 97 28 -ökjutsle-

226 1313 42 23 pan
288 1309 27 21 10
319 1309 129 27 pentii
410 1304 37 39 för
457 1310 93 25 verster,
566 1310 69 22 som
626 1304 16 39 i
651 1311 42 21 den
706 1308 267 31 mädida-propositiohems

225 1341 28 23 15
275 1344 14 24 $
309 1340 121 31 förestågits
445 1346 30 18 att
489 1342 127 27 bibehällas;
634 1342 40 24 der
687 1345 145 27 entreprenad
842 1346 24 27 ej
874 1345 99 22 Ronmit

225 1378 31 20 till
275 1375 69 27 'stånd,
356 1374 71 30 synbs
438 1378 111 27 utskottet,
565 1377 99 29 p&'skäl,
682 1377 45 23 som
743 1380 111 21 forut:äro
865 1379 105 27 untyddä,

223 1410 36 23 för
280 1410 46 28 låg;
351 1412 40 20 och
409 1410 125 23 detsamma
543 1414 102 20 äräfven
662 1411 59 23 fallöt
734 1412 51 23 med
800 1414 37 21 det
851 1414 122 28 förestagha

225 1442 141 30 beloppel
336 1438 32 42 "af
379 1444 217 30 entreprånadlegan,;
608 1449 48 20 söm
670 1448 122 26 jemvaäl
767 1438 27 42 är
806 1448 89 22 mindrä'
901 1448 70 28 lääp-

289 1486 142 22 'Bammurisitta
443 1490 54 24 Läje
508 1488 35 20 För
554 1490 182 20 Ibontkidekorterå
748 1491 161 21 Dotmmkumvle:W:o
922 1492 20 21 4,
