1023 1709
249 144 13 21 8
447 143 24 22 U.
486 143 23 22 B.
524 156 28 3 —
567 144 63 28 Prop.
645 143 36 23 N:o
697 142 28 24 13.

221 206 152 22 företrädesvis
383 210 52 18 vara
445 207 32 25 de,
490 212 45 16 som
546 206 53 21 böra
608 208 50 25 taga
670 206 119 27 befattning
799 207 49 21 med
857 206 118 22 lösdrifve-

221 242 47 25 riet,
283 240 112 22 verkställt
410 246 26 16 en
451 238 66 23 sådan
528 240 155 27 omredigering
693 241 24 21 af
726 241 70 21 denna
811 241 18 27 $,
845 246 45 16 som
901 240 74 22 skulle;

221 275 98 28 uttrycka
333 275 92 21 nämnda
439 274 142 28 uppfattning.

289 309 83 22 Jemväl
386 310 34 21 till
434 310 67 26 nägra
516 310 68 21 andra
599 311 80 20 smärre
696 310 115 26 ändringar
825 310 8 21 i
848 309 128 28 föreslagna.

221 345 132 26 stadganden
367 344 40 21 har
421 344 105 21 utskottet
540 344 69 21 funnit
624 344 47 21 skäl
685 344 138 21 förekomma.

289 380 10 21 I
314 379 12 28 8
338 379 27 21 12
379 379 62 22 torde
451 379 106 26 nemligen
567 379 67 21 orden
650 377 184 29 ,kringstrykande
847 379 129 26 personers*:

221 415 52 20 böra
283 414 78 21 ändras
376 413 33 22 till
425 413 164 27 ,lösdrifvares.*

289 449 37 21 Uti
341 448 12 27 $
370 449 26 20 14
411 449 87 26 stadgas
518 449 31 20 att
567 449 47 25 den,
637 453 45 16 som
702 448 33 21 för
758 448 122 22 lösdrifveri
895 448 55 22 varit
965 449 8 20 i

222 483 190 26 arbetsinrättning
430 483 74 26 insatt,
523 482 47 22 icke
592 482 40 26 mä,
656 482 63 21 innan
738 484 33 20 tre
794 483 23 20 är
839 482 82 21 förlidit
940 488 34 16 se-

223 518 40 21 dan
277 517 43 22 han
335 517 94 21 derifrän
444 517 106 26 frigifvits,
566 516 66 22 undfä
648 516 59 21 bevis
723 516 34 21 för
771 516 98 28 flyttning
887 517 34 20 till
936 523 39 14 an-

222 558 41 15 nan
279 551 130 27 församling.
439 551 50 22 Men
507 552 90 20 emedan
615 551 67 26 enligt
697 551 12 27 $
725 551 27 21 15
770 551 34 21 till
824 552 39 20 och
883 551 50 21 med
947 557 29 15 en

222 587 7 20 i
245 585 189 27 arbetsinrättning
451 586 67 21 insatt
535 585 39 22 bör
591 584 97 27 frigifvas
705 591 34 15 om
754 585 67 22 under
841 585 132 22 arbetstiden

223 620 66 22 sådan
304 620 124 26 förändring
443 619 98 22 inträffar
555 620 8 21 i
577 619 53 21 hans
649 619 162 27 lefnadsvilkor,
822 621 40 20 'att
880 620 42 21 han
937 626 40 15 an-

223 655 95 28 tagligen
332 655 47 22 icke
393 655 74 21 vidare
481 654 55 21 läter
551 653 123 23 lösdrifveri
689 654 85 21 komma
789 654 33 27 sig
833 655 34 26 sig
877 654 32 21 till
925 654 50 26 last,

223 695 64 16 anser
301 689 105 22 utskottet
421 689 40 21 den
476 689 7 21 i
499 688 11 28 $
527 689 27 21 14
568 688 140 22 omförmälda
718 688 154 27 inskränkning
882 688 28 27 pä
925 695 53 15 ena-

223 724 71 21 handa
309 723 46 22 skäl
370 723 53 22 böra
437 723 97 27 upphöra
549 729 35 15 om
594 723 59 27 dylik
663 723 124 26 förändring
798 723 98 21 inträffar
911 723 7 20 i
934 723 41 21 den

224 764 89 21 persons
327 758 76 26 vilkor,
417 757 88 22 hvarom
519 757 8 21 i
544 757 107 27 sistsagde
667 757 11 27 $
693 759 25 19 är
736 757 67 27 fråga.
834 758 10 21 I
860 757 118 27 anledning

224 792 62 23 häraf
302 794 25 19 är
346 792 79 27 jemväl
445 792 70 22 denna
530 792 11 28 &
557 792 23 22 af
597 792 104 21 utskottet
720 792 146 22 underkastad
886 799 26 15 en
931 798 44 15 om-

224 827 129 28 redigering.

293 862 10 21 I
319 862 11 27 $
347 861 26 22 15
388 861 39 21 har
439 861 104 21 utskottet
558 861 46 21 åter
614 863 70 19 ansett
693 861 109 28 uttrycket
812 861 164 26 poliskammare

225 896 48 22 eller
288 894 239 29 kommunalmyndighet
541 895 52 21 böra
607 895 86 27 utbytas
712 897 45 20 mot
774 895 64 26 polis-
854 895 48 21 eller
917 895 57 21 kom-

227 929 194 29 munalmyndighet,
445 929 88 22 emedan
552 930 165 27 poliskammare
736 930 68 21 finnes
824 931 75 21 endast
917 931 7 20 i
939 931 38 20 nå-

224 972 39 21 gra
277 965 78 22 städer.

294 1000 11 21 I
320 999 69 27 öfriga
407 999 60 22 delar
489 999 63 22 hafva
571 1000 26 21 de
616 999 123 28 föreslagna
762 999 146 28 stadgandena
929 999 49 22 icke

225 1035 62 27 gifvit
307 1034 106 22 utskottet
434 1034 114 27 anledning
567 1034 33 22 till
618 1034 69 27 nägon
706 1035 91 26 erinran,
821 1034 99 22 hvarföre
940 1035 37 20 de-

225 1075 80 16 samma
319 1069 62 21 torde
396 1069 71 20 kunna
482 1069 132 26 godkännas;
631 1068 39 21 och
685 1069 56 21 hvad
755 1069 106 21 beträffar
875 1069 59 21 tiden
949 1069 28 21 dä

227 1105 40 21 den
281 1110 42 21 nya
337 1103 152 26 författningen
505 1103 54 21 skall
574 1104 63 21 träda
652 1103 7 21 i
674 1104 101 27 gällande
785 1103 63 26 kraft,
863 1104 62 21 torde
941 1104 36 21 det

226 1145 51 15 vara
294 1137 123 27 lämpligast
435 1139 31 19 att
481 1137 130 22 öfverlemna
632 1137 170 22 bestämmandet
821 1138 64 21 deraf
907 1137 22 22 ät
944 1144 33 15 re-

226 1173 107 26 geringen.

293 1207 102 21 Deremot
416 1205 39 22 har
476 1205 105 22 utskottet
603 1206 49 21 med
675 1206 114 27 anledning
812 1206 23 21 af
858 1213 26 14 en
906 1206 7 21 i
937 1206 40 21 den

226 1241 79 26 nädiga
329 1240 158 27 propositionen
508 1240 174 22 förekommande
704 1241 103 25 antydan,
830 1242 32 19 att
879 1241 58 20 vissa
957 1241 24 20 af

226 1275 26 21 de
278 1273 141 27 föreskrifter,
442 1279 45 16 som
509 1273 84 23 komme
615 1275 32 20 att
668 1273 74 28 inflyta
763 1274 7 21 i
794 1274 40 21 den
856 1274 122 27 föreslagne

226 1315 41 21 nya
289 1309 72 27 lagen,
383 1307 69 23 skulle
473 1308 72 21 kunna
562 1308 96 26 undergä
680 1308 115 28 ändringar
813 1308 8 22 i
843 1308 135 22 administra-

226 1344 30 22 tiv
274 1345 51 25 väg,
347 1344 71 21 ansett
436 1343 33 27 sig
489 1343 54 21 böra
560 1343 57 21 fästa
635 1343 84 22 landets
741 1343 116 28 höglofliga
874 1344 105 22 Ständers

227 1377 187 29 uppmärksamhet
435 1378 28 26 pä
484 1378 38 20 det
542 1378 123 26 betänkliga
687 1378 32 21 uti
741 1379 32 21 att
795 1384 26 15 en
843 1378 135 27 författning,

228 1419 45 15 som
288 1412 25 22 sä
327 1414 52 19 nära
392 1412 64 21 berör
470 1411 151 27 medborgares
635 1412 123 27 personliga
767 1412 72 27 frihet,
855 1412 55 22 skall
925 1413 53 21 kun-

228 1454 36 20 na,
288 1453 34 15 om
345 1446 40 22 ock
408 1446 55 22 blott
485 1446 77 26 delvis,
585 1446 24 21 af
629 1446 126 28 regeringen
778 1447 93 27 ensidigt
893 1448 85 20 ändras.

294 1486 45 22 Lag-
353 1487 29 16 och
393 1486 169 17 Ekonomiutskottets
574 1486 104 18 betänkande
690 1486 35 18 N:o
737 1486 17 17 2.
