1042 1706
309 134 26 20 U.
348 135 28 18 B.
387 145 23 3 —
422 136 77 22 Prop.
512 136 42 18 N:o
566 136 19 18 ?.
772 139 13 20 5

354 440 185 22 Reservationer.

141 513 27 22 Vi
187 514 89 28 utbedja
291 520 35 15 oss
341 514 109 21 vördsamt
464 516 33 19 att
510 513 22 22 få
546 514 86 28 inlägga
646 515 130 21 reservation
791 522 21 14 e-

84 550 46 20 mot
144 548 36 21 det
195 548 49 26 slut,
259 548 60 21 hvari
333 548 152 27 Lagutskottet
498 548 13 21 å
524 554 42 22 nyo
581 549 87 21 stannat
680 548 6 21 i
695 548 75 28 frågan
778 556 34 14 om

82 582 123 28 inteckning
219 582 8 21 i
239 582 261 28 jernvägsanläggningar.

141 616 100 22 Likasom
257 617 54 21 1872
325 617 36 21 års
375 616 91 22 Ständer
480 616 52 29 hysa
546 616 34 22 väl
595 616 61 29 äfyen
671 617 20 21 vi
706 616 40 22 allt
760 617 52 21 fort-

83 650 89 22 farande
193 651 40 21 den
254 651 62 27 åsigt,
341 652 32 20 att
395 658 26 14 en
439 651 35 27 lag
490 658 34 14 om
538 651 124 27 inteckning
679 651 7 21 i
698 652 115 27 jernvägar

84 686 67 21 borde
165 686 96 21 närmast
275 685 87 21 ansluta
376 685 33 28 sig
423 685 34 21 till
471 692 26 15 en
505 685 126 29 Ständerlag
639 692 35 14 om
684 686 127 22 koncession

83 721 13 20 å
112 720 128 28 anläggning
255 720 24 21 af
293 720 80 21 sådana
382 721 71 26 vägar.
482 720 33 21 En
522 720 175 28 koncessionslag
704 720 42 22 kan
754 728 57 14 nem-

83 754 57 28 ligen
160 754 47 21 icke
221 754 72 28 undgå
307 756 36 19 att
356 754 53 21 söka
423 754 53 28 fylla
491 754 26 21 de
531 754 81 26 luckor,
627 754 72 22 hvilka
713 762 29 14 nu
756 754 56 22 före-

84 788 86 22 komma
184 788 7 21 i
205 788 84 21 landets
305 788 108 21 allmänna
427 788 133 28 lagstiftning
576 795 34 15 om
621 788 121 28 jernvägar,
757 796 55 14 eme-

85 822 41 22 dan
147 822 234 28 expropriationslagen
400 822 24 21 af
437 822 39 22 den
494 823 25 20 12
533 822 118 22 December
664 823 54 20 1864
733 823 6 21 i
755 822 59 22 detta

84 857 99 21 afseende
198 856 91 22 handlar
303 856 57 22 blott
374 864 35 14 om
423 857 144 27 Regeringens
581 858 43 20 rätt
634 858 32 20 att
676 857 137 27 expropriera

83 891 62 21 mark
158 890 34 22 till
207 890 129 28 anläggning
351 890 24 21 af
383 890 90 27 jernväg
489 890 33 21 för
536 890 89 21 allmänt
639 890 70 26 behof,
718 898 48 14 men
774 891 38 21 all-

85 925 57 21 deles
157 925 46 21 icke
218 924 118 22 innehåller
350 925 67 26 några
431 924 133 22 föreskrifter
576 931 35 14 om
623 925 159 27 expropriation
791 926 24 21 af

84 959 62 21 mark
160 958 33 22 till
205 958 90 28 jernväg
310 958 34 21 för
359 958 94 21 enskildt
467 958 69 26 behof,
544 960 56 20 samt
614 958 160 29 lagstiftningen
782 960 30 20 äf-

84 1000 40 14 ven
139 993 7 20 i
162 992 64 28 öfrigt
241 992 79 21 saknar
334 992 130 28 tillräckliga
478 993 158 27 bestämningar
651 993 34 21 för
699 993 85 29 lösning
792 994 24 21 af

86 1027 43 22 alla
143 1027 26 21 de
183 1026 135 28 rättsfrägor,
334 1034 45 13 som
394 1026 73 22 kunna
481 1028 85 26 uppstå,
579 1028 40 20 när
631 1027 89 27 jernväg
734 1028 34 21 för
776 1028 38 22 all-

86 1063 60 19 mänt
160 1060 66 22 behof
239 1061 56 21 skall
310 1060 109 28 anläggas.

142 1095 74 21 Ehuru
240 1095 20 20 vi
283 1094 84 22 derföre
391 1094 61 21 äfven
473 1094 131 21 fortfarande
618 1101 58 19 anse,
691 1096 32 20 att
738 1101 25 15 en
778 1095 35 28 lag

88 1137 34 14 om
140 1129 122 27 inteckning
277 1129 8 20 i
296 1129 115 28 jernvägar
425 1128 48 21 icke
487 1128 39 21 bör
540 1128 80 28 byggas
635 1128 28 27 pä
678 1128 40 22 den
732 1129 32 21 uti
776 1130 37 20 nä-

88 1164 50 27 liga
151 1163 162 27 propositionen
329 1161 141 22 omförmälda
484 1162 118 27 Kejserliga
616 1161 160 29 Förordningen
791 1163 24 21 af

87 1198 41 20 den
142 1197 14 20 3
168 1196 103 22 Februari
288 1197 60 24 1876,
363 1197 24 20 sä
401 1203 62 21 synes
479 1203 35 14 oss
529 1195 69 22 denna
607 1196 157 27 omständighet
773 1197 39 20 lik-

87 1231 35 20 väl
143 1230 46 21 icke
211 1231 76 26 utgöra
302 1229 47 22 skäl
363 1231 32 20 att
409 1229 97 28 afstyrka
520 1229 129 22 Ständernas
664 1229 127 28 deltagande
805 1231 7 21 i

87 1264 112 22 stiftandet
220 1263 24 22 af
263 1271 27 14 en
315 1263 66 22 sådan
397 1263 175 28 inteckningslag,
588 1270 46 15 som
649 1263 18 28 ej
683 1263 83 22 komme
780 1266 32 20 att

87 1299 59 21 hvila
166 1299 13 20 å
201 1298 70 21 denna
288 1299 29 26 på
330 1297 155 22 administrativ
500 1299 38 26 väg
553 1297 111 21 tillkomna
679 1297 133 29 författning,

90 1335 50 18 utan
156 1332 101 20 fastmera
272 1338 51 13 vara
338 1338 25 13 en
378 1331 114 26 anledning
507 1333 31 18 att
552 1330 88 21 förorda
648 1337 25 14 en
681 1331 132 27 underdånig

90 1365 100 21 anhållan
206 1372 35 14 om
255 1365 65 27 nådig
334 1364 134 27 proposition
481 1363 108 28 angående
604 1370 26 15 en
644 1364 66 21 sådan
724 1364 88 21 konces-

90 1398 100 28 sionslag,
206 1405 45 15 som
264 1397 184 29 grundlagsenligt
462 1397 68 22 skulle
544 1396 52 29 fylla
610 1396 26 23 de
655 1403 49 22 nyss
717 1397 98 22 anmärk-

90 1436 23 19 ta
127 1433 104 22 luckorna
244 1433 32 22 uti
290 1432 85 22 landets
388 1431 108 22 allmänna
509 1431 134 29 lagstiftning
658 1438 34 15 om
704 1431 110 29 byggande

91 1468 23 22 af
124 1468 120 28 jernvägar.

165 1507 72 23 Bihang
248 1507 29 18 till
289 1506 138 23 Lagutskottets
439 1506 114 19 betänkande
565 1505 34 18 N:o
610 1507 17 16 2.
