1042 1703
293 141 26 18 U.
331 142 28 17 B.
371 151 21 4 —
404 142 78 23 Prop.
496 142 43 18 N:o
550 142 27 18 2
755 144 13 20 3

67 216 57 18 mun,
141 209 64 27 bolag
220 209 51 22 eller
285 210 82 21 enskild
382 217 78 20 person
474 210 102 22 öfverläta
591 210 33 22 sin
639 218 25 13 ur
679 212 12 19 6
701 211 11 25 8
722 210 7 21 i
740 211 53 21 1864

67 244 35 19 års
124 244 208 27 expropriationslag
353 244 137 28 framgående
505 246 43 20 rätt
562 246 32 20 att
608 244 34 22 för
656 244 89 21 allmänt
759 244 36 21 be-

66 276 40 22 hof
127 277 45 21 låta
185 278 70 27 bygga
266 278 90 27 jernväg
371 279 12 19 å
398 278 152 27 exproprierad
564 278 62 21 mark
639 279 55 19 samt
708 278 87 20 utfärda

66 309 127 23 koncession
215 311 58 25 derå,
292 312 24 20 så
329 312 42 20 kan
386 312 35 20 vid
436 312 98 21 tillvaron
550 312 24 21 af
588 312 52 21 1876
656 312 35 20 års
706 312 88 21 konces-

67 343 184 29 sionsförordning
273 345 17 27 ej
309 347 66 18 annat
390 345 7 20 i
412 345 61 28 fråga
488 347 73 24 sättas,
576 347 27 20 än
619 347 32 19 att
665 345 129 22 bestämnin-

66 384 66 20 garne
155 377 7 21 i
185 378 68 21 denna
275 379 28 26 på
318 379 156 21 administrativ
489 380 39 27 väg
542 379 113 21 tillkomna
668 379 128 28 författning

65 411 85 22 komme
165 414 32 19 att
210 411 74 29 läggas
300 413 33 20 till
348 413 69 27 grund
432 414 34 20 för
481 420 25 15 en
515 413 65 22 sådan
588 413 133 21 koncession.
751 413 44 21 —Vil-

69 445 20 22 le
103 453 50 13 man
168 447 33 25 än,
218 447 71 20 såsom
304 447 79 27 yrkats,
399 455 26 13 ur
440 447 40 22 den
496 447 6 22 i
517 447 60 28 fråga
589 447 78 21 komna
675 447 121 21 Ständerla-

66 487 40 20 gen
122 488 35 13 om
172 480 123 29 inteckning
309 481 8 20 i
329 481 256 29 jernvägsanläggningar
592 482 108 21 utelemna
707 482 29 21 all
744 482 51 21 hän-

66 514 85 28 visning
173 514 33 21 till
232 515 67 27 sagda
317 515 170 22 administrativa
501 516 132 27 författning,
649 517 40 20 och
703 516 8 20 i
725 516 73 21 stället

66 548 88 22 hänvisa
168 549 34 21 till
217 548 26 22 de
259 549 106 22 särskilda
379 550 316 26 koncessionsresolutionerna,
706 550 24 21 så
739 550 58 22 skul-

66 582 20 22 le
100 583 56 21 ändä
171 583 34 21 vid
220 584 145 28 nyssnämnda
378 584 140 26 förhållande,
534 584 66 28 enligt
613 584 121 22 Utskottets
749 586 47 19 tan-

66 616 32 26 ke,
118 616 125 22 sambandet
259 618 90 21 emellan
365 618 153 28 Ständerlagen
534 618 39 22 och
588 618 41 22 den
644 618 152 21 administrati-

65 658 27 14 va
105 651 154 28 författningen
276 652 75 22 endast
365 652 34 21 till
414 652 80 27 skenet,
510 660 47 14 men
572 652 46 22 icke
629 652 6 21 i
644 652 151 28 verkligheten,

66 691 51 15 vara
132 685 93 28 upplöst,
242 688 55 19 samt
312 686 110 21 Utskottet
434 694 75 20 genom
519 693 81 14 samma
609 686 45 28 lags
664 686 131 28 tillstyrkan-

66 719 32 25 de,
124 727 34 14 om
177 720 40 21 ock
232 720 7 21 i
254 720 124 21 modifierad
393 721 62 25 form,
471 721 63 22 hafva
547 721 61 28 gifvit
622 721 38 21 sitt
673 721 74 21 förord
763 721 34 21 för

65 753 132 23 tillkomsten
213 754 22 22 af
249 762 26 14 en
291 755 132 28 Ständerlag,
434 763 45 14 som
495 762 49 15 vore
561 755 56 28 bygd
632 756 28 26 på
675 755 41 21 den
730 755 67 21 admi-

65 788 112 22 nistrativa
192 789 174 28 lagstiftningens
379 789 41 22 lätt
434 789 145 28 föränderliga
594 789 39 22 och
646 789 24 21 af
677 789 120 21 Ständerna

66 822 120 22 oberoende
201 823 74 28 grund.

123 857 10 20 I
149 856 105 22 anssende
268 856 74 22 härtill
357 857 40 21 och
413 857 27 20 då
456 857 53 20 1872
524 857 34 20 års
575 856 97 26 Ständer,
687 857 32 20 uti
734 856 63 21 deras

65 890 148 28 underdåniga
231 898 49 14 svar
298 891 29 26 på
342 890 40 21 den
397 891 48 20 dem
461 891 26 20 då
502 889 110 29 förelagda
626 890 78 27 nådiga
718 897 79 21 propo-

66 925 98 25 sitionen,
184 925 105 20 förklarat
304 925 32 27 sig
352 931 57 19 anse,
425 924 46 21 ”att
485 924 60 25 först,
562 923 64 22 sedan
642 931 76 20 genom
734 931 25 14 en
774 925 24 20 af

66 959 91 21 Monark
179 959 40 21 och
244 959 91 21 Ständer
359 959 75 21 stiftad
449 959 42 27 lag,
507 958 108 27 angående
631 958 166 27 grundvilkoren

67 993 35 21 vid
124 992 162 22 koncessioners
309 993 120 27 beviljande
447 993 34 21 för
496 992 95 21 enskilda
604 993 192 27 jernvägsföretag,

67 1026 124 22 utförandet
215 1027 24 20 af
252 1026 25 21 de
290 1026 257 29 jernvägsanläggningar
560 1033 46 14 som
621 1027 176 21 koncessioneras

66 1061 71 21 blifvit
159 1061 127 28 betryggadt
301 1061 90 21 medelst
406 1060 103 28 lämpliga
523 1060 165 28 bestämningar,
705 1067 45 14 som
766 1061 31 21 fö-

67 1095 110 21 rekomma
191 1096 32 20 att
237 1095 180 21 koncessionerna
432 1095 27 27 gä
473 1095 7 20 i
495 1094 76 21 handel
586 1094 48 21 frän
644 1102 49 14 man
700 1095 33 21 till
740 1102 56 19 man,

68 1131 52 19 utan
143 1129 63 21 tanke
222 1130 27 26 pä
264 1129 63 21 deras
341 1129 150 26 realiserande,
508 1131 54 18 samt
577 1129 97 21 enskilda
688 1136 108 20 personer,

68 1163 58 21 såväl
138 1163 114 28 jordegare
268 1170 46 14 som
329 1163 104 25 arbetare,
449 1163 71 20 blifvit
533 1162 134 21 säkerstälda
678 1163 34 21 för
721 1163 25 21 de
754 1163 43 21 för-

67 1197 74 25 luster,
157 1204 46 14 som
219 1204 75 20 genom
309 1197 116 27 företagets
440 1197 155 28 misslyckande
610 1197 47 21 dem
672 1197 74 21 kunna
754 1197 44 21 till-

68 1231 99 28 skyndas,
188 1230 59 21 tiden
262 1238 51 14 vara
327 1231 50 21 inne
392 1232 37 25 att,
445 1231 100 27 antingen
560 1231 7 20 i
582 1231 152 28 sammanhang
748 1231 49 22 med

67 1265 142 21 nästnämnde
224 1265 34 28 lag
274 1265 51 21 eller
340 1272 76 21 genom
431 1272 27 14 en
471 1265 91 22 särskild
577 1265 41 28 lag,
626 1265 119 22 bestämma
756 1265 40 21 den

68 1299 140 21 förmänsrätt
222 1305 46 15 som
283 1299 90 21 medelst
387 1300 44 27 tyst
445 1299 148 28 hypoteksrätt
608 1299 52 21 eller
674 1299 123 28 inteckning

68 1333 139 21 tillerkännes
230 1340 109 19 personer,
361 1333 72 20 hvilka
448 1335 45 18 mot
508 1333 140 26 obligationer
663 1333 52 20 eller
729 1333 68 20 andra

68 1366 142 22 förbindelser
232 1366 117 22 försträckt
370 1365 69 21 medel
459 1366 34 20 till
509 1372 25 14 en
546 1365 250 27 jernvägsanläggning”,

68 1400 43 22 kan
133 1400 156 28 Lagutskottet,
312 1406 46 16 som
379 1398 132 23 fortfarande
529 1398 59 22 delar
602 1398 70 22 denna
686 1398 56 28 äsigt
756 1399 40 21 och

68 1434 47 22 icke
130 1434 42 22 kan
186 1433 117 23 förutsätta
317 1436 32 20 att
364 1441 29 14 nu
407 1432 129 23 församlade
551 1432 91 23 Ständer
655 1433 69 21 skulle
739 1433 57 21 frän-

138 1509 71 25 Bihang
222 1509 28 20 till
263 1508 139 26 Lagutskotteis
414 1507 116 21 betänkande
543 1508 33 18 N:o
588 1509 16 16 2.
