1045 1709
264 130 80 23 Ständ.
359 131 37 23 Sv.
413 145 26 3 —
454 132 71 28 Prop.
540 132 40 22 N:o
595 132 20 22 7.
769 134 12 19 9

138 199 76 26 hälles,
230 200 39 21 och
283 200 77 22 varder
369 200 65 29 förty
453 208 28 22 ny
501 201 87 21 auktion
610 203 74 19 utsatt.
703 202 56 20 skall
781 208 32 14 om

139 234 58 21 tiden
219 234 75 28 derför
311 235 32 27 pä
358 235 112 21 enahanda
486 237 50 24 sätt,
552 242 43 15 som
612 235 41 21 här
668 235 65 27 ofvan
749 236 64 26 sagdt

137 272 33 22 är,
186 267 114 29 kungöras.

453 304 15 27 $
482 304 20 20 8.

205 336 50 22 Har
277 336 140 27 innehafvare
440 338 29 27 af
479 338 121 21 koncession
616 338 67 28 enligt
699 338 26 20 de
739 338 73 21 vilkor,

137 372 31 26 pä
183 371 72 21 hvilka
271 372 39 20 den
326 371 122 28 beviljades,
459 371 126 28 förklarats
607 372 122 20 densamma
740 372 74 26 förlu-

138 406 49 26 stig,
204 405 51 21 eller
270 406 41 20 har
326 406 122 21 koncession
464 406 30 27 af
505 413 71 14 annan
592 406 118 27 anledning
720 405 93 29 upphört

137 442 33 18 att
191 439 68 28 gälla,
275 439 38 21 och
336 442 26 18 är
382 440 123 28 inteckning
528 441 7 19 i
552 441 120 27 jernvägen
693 440 121 27 faststäld;

137 474 58 20 skall
205 474 120 28 jernvägen
340 475 46 20 med
409 475 38 20 den
464 475 105 27 egendom,
585 475 89 21 hvartill
685 477 127 25 panträtten

138 508 97 21 sträcker
251 510 39 26 sig,
301 508 41 28 för
357 509 250 28 inteckningshafvarens
627 509 93 28 räkning
735 508 78 26 försäl-

134 544 45 26 jas.
205 543 48 27 Lag
267 550 81 14 samma
363 550 56 18 vare,
432 551 31 13 om
480 550 62 22 egare
553 544 29 26 af
590 544 99 27 jernväg,
705 544 109 27 angående

138 576 85 22 hvilken
238 578 80 20 sådant
328 578 69 20 vilkor
408 578 20 28 ej
438 580 26 18 är
474 578 102 28 aftaladt,
587 578 38 20 vill
635 578 106 27 nedlägga
752 577 62 27 trafi-

139 611 40 21 ken
195 612 52 20 derå
263 612 36 21 och
316 612 32 21 all
362 612 122 28 inteckning
498 613 9 20 i
518 612 117 28 jernvägen
656 614 58 18 ännu
729 612 45 20 icke
789 616 26 16 är

139 646 77 22 dödad.

450 682 15 27 $
480 683 19 20 9.

206 715 65 21 Hvad
286 716 9 20 i
304 715 161 28 förordningen
484 723 31 13 om
532 716 123 26 inteckning
670 716 8 20 i
689 715 48 27 fast
753 722 61 20 egen-

138 750 47 20 dom
201 750 29 26 af
240 750 40 20 den
296 751 12 19 9
324 750 116 21 November
456 752 58 19 1868
533 753 26 17 är
580 750 102 27 stadgadt
703 750 110 27 angäende

139 783 96 21 vilkoren
255 783 38 22 och
312 784 116 28 ordningen
447 783 41 29 för
512 784 131 27 intecknings
665 784 146 23 meddelande,

133 818 128 27 Jörnyande
283 818 37 20 och
345 819 102 25 dödande,
466 819 63 20 lände
552 819 34 20 till
607 818 143 27 efterrättelse
766 818 8 20 i
789 818 24 20 de

138 852 68 26 delar,
221 852 87 22 hvarom
324 853 8 20 i
347 853 68 21 denna
427 853 129 27 förordning
567 853 19 27 ej
592 852 73 50 Finnes
675 852 137 21 annorlunda

138 886 112 22 bestämdt.

141 956 103 22 Finlands
259 956 90 22 Ständer
364 956 118 22 framhärda
497 958 37 19 etc.

139 1031 138 29 Helsingfors,
294 1032 39 21 den
350 1033 26 20 12
390 1032 90 21 Januari
497 1032 59 21 1878.

232 1474 120 23 Helsingfors,
364 1474 16 17 J.
394 1474 70 17 Simelii
478 1474 99 21 arfvingar,
593 1472 46 18 1878.
