1031 1706
295 137 28 19 U.
339 137 30 19 B.
384 147 28 3 —
427 138 81 22 Prop.
524 138 47 18 N:o
585 138 38 18 20.
793 136 13 20 7

88 203 75 21 ställer
185 203 114 26 utskottet,
321 204 7 20 i
351 203 221 23 öfverensstämmelse
594 204 48 20 med
675 204 103 26 Borgare-
797 204 39 21 och

89 237 179 21 Bondeständens
284 237 71 21 beslut
371 237 133 21 beträffande
520 238 24 26 $$
559 237 27 21 38
602 237 40 21 och
658 237 33 26 46,
708 238 110 21 vördsamt

225 279 29 17 att
270 276 120 21 Ständerna
406 277 62 20 mätte
482 276 111 28 godkänna
607 277 16 27 $
637 276 33 26 15,
682 284 59 13 mom.
759 277 15 20 2
789 278 48 26 af
824 272 15 36 $

158 310 31 20 38
203 313 53 17 samt
272 311 13 26 $
301 309 28 21 46
344 311 9 19 i
367 310 105 21 utskottets
486 310 223 28 författningsförslag
725 311 64 27 enligt
805 311 32 20 det

158 344 75 28 första,
249 345 26 26 af
288 344 95 21 utskottet
402 344 36 27 för
458 345 71 27 hvarje
544 345 28 27 af
584 345 57 20 dessa
656 345 29 27 $$
701 344 137 28 framställda

158 378 119 26 alternativ,
299 385 45 14 men
359 378 71 21 tillika
445 378 96 28 förklara
556 382 30 17 att
602 378 126 26 Ständerna,
753 379 35 28 för
799 379 38 21 den

159 412 95 21 händelse
278 416 31 17 att
334 412 131 22 Ständernas
490 412 64 21 beslut
577 414 9 19 i
609 413 113 27 anledning
737 413 27 27 af
778 413 60 23 Hans

160 447 118 27 Kejserliga
302 447 108 27 Majestäts
436 447 80 27 nådiga
529 447 131 27 proposition
676 447 108 27 angående
799 447 38 20 lös-

159 481 95 28 drifvare
270 481 37 20 och
321 480 60 21 deras
398 480 126 29 behandling
540 480 42 21 icke
600 480 64 28 blefve
679 482 8 18 i
702 480 66 21 nåder
782 481 54 21 stad-

159 515 88 28 fästadt,
268 518 79 25 antaga
373 522 23 14 en
412 515 66 21 sådan
502 515 74 29 lydelse
591 515 35 28 för
642 514 83 22 berörde
741 516 34 26 $$,
795 522 43 14 som

159 549 33 21 det
206 550 75 25 andra,
297 550 26 27 af
335 549 95 21 utskottet
445 549 99 21 eventuelt
559 550 35 20 vid
612 549 71 27 hvarje
699 549 27 28 af
739 550 57 20 dessa
811 550 28 27 $$

158 583 121 28 föreslagna
295 584 130 20 alternativet
440 584 80 20 utvisar

161 624 104 27 Följande
280 623 101 22 rättelser
397 624 23 21 af
434 624 124 26 uppenbara
572 624 29 21 fel
616 624 7 20 i
639 624 147 21 betänkandet
801 626 36 19 äro

92 659 34 21 vid
144 658 49 21 dess
210 658 132 27 behandling
358 658 120 26 anmärkta,
494 658 107 26 nemligen

427 704 8 20 i
450 704 11 26 8
478 705 26 20 10

161 750 24 21 af
204 750 144 26 Riderskapet
371 750 38 20 och
436 750 71 20 Adein
530 752 55 19 samt
599 750 86 20 Preste-
700 750 40 21 och
755 750 84 21 Bonde-

99 784 98 22 stånden:
213 786 33 19 att
261 784 63 21 ordet
340 783 176 29 "författningen"
532 784 6 21 i
553 790 62 15 mom.
632 784 12 20 4
660 784 39 20 bör
714 784 78 21 ändras
804 784 33 21 till

94 818 169 29 fördelningen"
269 827 6 16 ;

429 860 34 26 18
478 860 26 20 36

163 900 23 21 af
206 899 159 27 Ridderskapet
387 899 40 21 och
442 899 70 21 Adeln
527 901 55 19 samt
596 898 195 28 Borgareständet:
806 900 33 20 att

96 934 41 21 den
160 934 7 21 i
189 936 13 18 5
224 940 63 15 mom.
310 933 176 22 förekommande
508 933 156 26 hänvisningen
682 932 33 21 till
731 932 12 28 $
758 932 27 21 39
801 933 39 20 bör

95 968 79 22 ändras
189 968 34 21 till
238 968 13 26 $
266 967 40 25 37;

416 1008 8 20 i
438 1007 12 27 $
466 1007 27 21 38

161 1048 24 20 af
198 1047 171 21 Bondeständet:
385 1048 33 20 att
429 1047 8 20 i
448 1047 70 21 finska
532 1048 73 19 texten
620 1046 23 20 af
657 1052 61 14 mom.
728 1046 11 20 1
751 1046 12 20 ä
775 1046 67 21 andra

93 1081 67 22 raden
176 1081 55 22 efter
246 1082 63 21 ordet
326 1080 98 22 *kohtaa*
439 1081 81 21 införes
536 1081 61 21 ordet
612 1079 82 27 ”tahi*;
710 1081 56 20 samt

163 1115 133 22 beträffande
311 1116 51 19 Art.
383 1114 42 21 VII

162 1150 23 21 af
206 1150 83 21 Preste-
311 1150 41 21 och
377 1149 198 27 Borgareständen:
599 1150 32 20 att
654 1148 146 21 betänkandet
814 1147 27 27 pä

94 1185 93 21 svenska
207 1185 88 26 språket
318 1184 78 21 saknar
412 1183 126 22 öfverskrift
552 1183 33 21 för
600 1183 70 20 denna
685 1183 54 25 Art.,
755 1182 87 21 hvilken

95 1219 126 21 Ofverskrift
235 1219 68 21 borde
317 1218 81 21 införas
414 1224 26 15 ur
455 1218 40 21 den
510 1217 79 27 nådiga
596 1217 171 26 propositionen;

163 1253 40 21 och
219 1253 125 20 hemställer
360 1252 114 21 Utskottet

232 1295 31 18 att
282 1292 57 21 dessa
355 1292 95 21 vättelser
464 1291 62 21 mätte
541 1291 28 28 af
583 1291 71 27 öfriga
673 1289 76 27 Ständ,
772 1289 70 21 hvilka

163 1327 77 20 lemnat
255 1327 46 20 dem
316 1326 130 24 oanmärkta,
462 1325 92 27 bifallas.

163 1365 76 21 Jemte
261 1365 209 26 tillkännagifvande
492 1366 32 19 att
541 1364 26 21 de
583 1363 69 26 öfriga
667 1362 126 27 skiljaktiga
808 1363 35 20 be-

98 1400 51 26 slut,
171 1399 91 22 ständen
285 1399 65 22 fattat
371 1397 134 23 beträffande
525 1397 67 27 nägra
609 1397 68 21 andra
691 1396 32 28 $$,
737 1395 48 22 icke
800 1395 42 22 för-

97 1434 74 22 anledt
189 1434 34 21 till
242 1432 305 29 sammanjemkningsförslag,
564 1431 88 22 emedan
667 1431 94 26 lagenlig
769 1430 62 27 plura

97 1469 49 22 litet
168 1469 8 20 i
194 1469 63 21 dessa
275 1469 60 21 delar
350 1468 122 25 förefinnes,
491 1473 62 16 anser
568 1466 106 21 utskottet
689 1466 33 26 sig
737 1465 103 26 slutligen

166 1514 67 23 Bihang
245 1514 29 17 till
285 1514 174 18 Ekonomiutskottets
472 1512 104 18 betänkande
588 1512 32 17 N:o
635 1511 16 18 8.
