<?xml version="1.0" encoding="UTF-8"?>
<alto xmlns="http://www.loc.gov/standards/alto/ns-v3#" xmlns:xlink="http://www.w3.org/1999/xlink" xmlns:xsi="http://www.w3.org/2001/XMLSchema-instance" xsi:schemaLocation="http://www.loc.gov/standards/alto/ns-v3# http://www.loc.gov/alto/v3/alto-3-0.xsd">
	<Description>
		<MeasurementUnit>pixel</MeasurementUnit>
		<sourceImageInformation>
			<fileName>/tmp/tess_2fenrokf_input.PNG</fileName>
		</sourceImageInformation>
		<OCRProcessing ID="OCR_0">
			<ocrProcessingStep>
				<processingSoftware>
					<softwareName>tesseract 5.3.4</softwareName>
				</processingSoftware>
			</ocrProcessingStep>
		</OCRProcessing>
	</Description>
	<Layout>
		<Page WIDTH="1023" HEIGHT="1709" PHYSICAL_IMG_NR="0" ID="page_0">
			<PrintSpace HPOS="0" VPOS="0" WIDTH="1023" HEIGHT="1709">
				<ComposedBlock ID="cblock_0" HPOS="236" VPOS="140" WIDTH="481" HEIGHT="29">
					<TextBlock ID="block_0" HPOS="236" VPOS="140" WIDTH="481" HEIGHT="29">
						<TextLine ID="line_0" HPOS="236" VPOS="140" WIDTH="481" HEIGHT="29">
							<String ID="string_0" HPOS="236" VPOS="142" WIDTH="26" HEIGHT="20" WC="0.96" CONTENT="12"/><SP WIDTH="176" VPOS="142" HPOS="262"/>
							<String ID="string_1" HPOS="438" VPOS="141" WIDTH="24" HEIGHT="22" WC="0.89" CONTENT="U."/><SP WIDTH="16" VPOS="141" HPOS="462"/>
							<String ID="string_2" HPOS="478" VPOS="142" WIDTH="23" HEIGHT="20" WC="0.90" CONTENT="B."/><SP WIDTH="15" VPOS="142" HPOS="501"/>
							<String ID="string_3" HPOS="516" VPOS="153" WIDTH="26" HEIGHT="3" WC="0.92" CONTENT="—"/><SP WIDTH="16" VPOS="153" HPOS="542"/>
							<String ID="string_4" HPOS="558" VPOS="142" WIDTH="63" HEIGHT="27" WC="0.90" CONTENT="Prop."/><SP WIDTH="16" VPOS="142" HPOS="621"/>
							<String ID="string_5" HPOS="637" VPOS="142" WIDTH="36" HEIGHT="21" WC="0.96" CONTENT="N:o"/><SP WIDTH="15" VPOS="142" HPOS="673"/>
							<String ID="string_6" HPOS="688" VPOS="140" WIDTH="29" HEIGHT="23" WC="0.96" CONTENT="13."/>
						</TextLine>
					</TextBlock>
				</ComposedBlock>
				<ComposedBlock ID="cblock_1" HPOS="372" VPOS="204" WIDTH="585" HEIGHT="375">
					<TextBlock ID="block_1" HPOS="572" VPOS="204" WIDTH="61" HEIGHT="26">
						<TextLine ID="line_1" HPOS="572" VPOS="204" WIDTH="61" HEIGHT="26">
							<String ID="string_7" HPOS="572" VPOS="204" WIDTH="12" HEIGHT="26" WC="0.92" CONTENT="8"/><SP WIDTH="17" VPOS="204" HPOS="584"/>
							<String ID="string_8" HPOS="601" VPOS="204" WIDTH="32" HEIGHT="20" WC="0.95" CONTENT="15."/>
						</TextLine>
					</TextBlock>
					<TextBlock ID="block_2" HPOS="372" VPOS="242" WIDTH="585" HEIGHT="337">
						<TextLine ID="line_2" HPOS="445" VPOS="242" WIDTH="512" HEIGHT="27">
							<String ID="string_9" HPOS="445" VPOS="242" WIDTH="69" HEIGHT="22" WC="0.92" CONTENT="Skulle"/><SP WIDTH="14" VPOS="242" HPOS="514"/>
							<String ID="string_10" HPOS="528" VPOS="243" WIDTH="67" HEIGHT="21" WC="0.93" CONTENT="under"/><SP WIDTH="14" VPOS="243" HPOS="595"/>
							<String ID="string_11" HPOS="609" VPOS="242" WIDTH="124" HEIGHT="22" WC="0.87" CONTENT="arbetstiden"/><SP WIDTH="14" VPOS="242" HPOS="733"/>
							<String ID="string_12" HPOS="747" VPOS="242" WIDTH="68" HEIGHT="22" WC="0.89" CONTENT="sädan"/><SP WIDTH="14" VPOS="242" HPOS="815"/>
							<String ID="string_13" HPOS="829" VPOS="242" WIDTH="128" HEIGHT="27" WC="0.91" CONTENT="förändring"/>
						</TextLine>
						<TextLine ID="line_3" HPOS="378" VPOS="276" WIDTH="579" HEIGHT="27">
							<String ID="string_14" HPOS="378" VPOS="276" WIDTH="92" HEIGHT="27" WC="0.95" CONTENT="inträffa"/><SP WIDTH="13" VPOS="276" HPOS="470"/>
							<String ID="string_15" HPOS="483" VPOS="276" WIDTH="33" HEIGHT="21" WC="0.94" CONTENT="uti"/><SP WIDTH="14" VPOS="276" HPOS="516"/>
							<String ID="string_16" HPOS="530" VPOS="284" WIDTH="24" HEIGHT="14" WC="0.96" CONTENT="en"/><SP WIDTH="15" VPOS="284" HPOS="554"/>
							<String ID="string_17" HPOS="569" VPOS="276" WIDTH="32" HEIGHT="21" WC="0.95" CONTENT="till"/><SP WIDTH="15" VPOS="276" HPOS="601"/>
							<String ID="string_18" HPOS="616" VPOS="276" WIDTH="87" HEIGHT="22" WC="0.95" CONTENT="allmänt"/><SP WIDTH="18" VPOS="276" HPOS="703"/>
							<String ID="string_19" HPOS="721" VPOS="276" WIDTH="68" HEIGHT="22" WC="0.72" CONTENT="arbete"/><SP WIDTH="19" VPOS="276" HPOS="789"/>
							<String ID="string_20" HPOS="808" VPOS="276" WIDTH="63" HEIGHT="27" WC="0.95" CONTENT="enligt"/><SP WIDTH="18" VPOS="276" HPOS="871"/>
							<String ID="string_21" HPOS="889" VPOS="276" WIDTH="68" HEIGHT="22" WC="0.96" CONTENT="denna"/>
						</TextLine>
						<TextLine ID="line_4" HPOS="376" VPOS="311" WIDTH="580" HEIGHT="26">
							<String ID="string_22" HPOS="376" VPOS="311" WIDTH="126" HEIGHT="26" WC="0.95" CONTENT="förordning"/><SP WIDTH="13" VPOS="311" HPOS="502"/>
							<String ID="string_23" HPOS="515" VPOS="311" WIDTH="64" HEIGHT="21" WC="0.96" CONTENT="dömd"/><SP WIDTH="12" VPOS="311" HPOS="579"/>
							<String ID="string_24" HPOS="591" VPOS="317" WIDTH="88" HEIGHT="20" WC="0.92" CONTENT="persons"/><SP WIDTH="14" VPOS="317" HPOS="679"/>
							<String ID="string_25" HPOS="693" VPOS="311" WIDTH="72" HEIGHT="26" WC="0.96" CONTENT="vilkor,"/><SP WIDTH="17" VPOS="311" HPOS="765"/>
							<String ID="string_26" HPOS="782" VPOS="313" WIDTH="30" HEIGHT="19" WC="0.96" CONTENT="att"/><SP WIDTH="14" VPOS="313" HPOS="812"/>
							<String ID="string_27" HPOS="826" VPOS="311" WIDTH="42" HEIGHT="20" WC="0.93" CONTENT="han"/><SP WIDTH="15" VPOS="311" HPOS="868"/>
							<String ID="string_28" HPOS="883" VPOS="313" WIDTH="73" HEIGHT="24" WC="0.92" CONTENT="antag-"/>
						</TextLine>
						<TextLine ID="line_5" HPOS="377" VPOS="345" WIDTH="580" HEIGHT="28">
							<String ID="string_29" HPOS="377" VPOS="346" WIDTH="54" HEIGHT="27" WC="0.92" CONTENT="ligen"/><SP WIDTH="14" VPOS="346" HPOS="431"/>
							<String ID="string_30" HPOS="445" VPOS="346" WIDTH="42" HEIGHT="21" WC="0.89" CONTENT="icke"/><SP WIDTH="14" VPOS="346" HPOS="487"/>
							<String ID="string_31" HPOS="501" VPOS="346" WIDTH="71" HEIGHT="21" WC="0.93" CONTENT="vidare"/><SP WIDTH="16" VPOS="346" HPOS="572"/>
							<String ID="string_32" HPOS="588" VPOS="346" WIDTH="53" HEIGHT="21" WC="0.92" CONTENT="läter"/><SP WIDTH="15" VPOS="346" HPOS="641"/>
							<String ID="string_33" HPOS="656" VPOS="346" WIDTH="121" HEIGHT="26" WC="0.93" CONTENT="lösdrifveri"/><SP WIDTH="8" VPOS="346" HPOS="777"/>
							<String ID="string_34" HPOS="785" VPOS="346" WIDTH="82" HEIGHT="21" WC="0.96" CONTENT="komma"/><SP WIDTH="11" VPOS="346" HPOS="867"/>
							<String ID="string_35" HPOS="878" VPOS="346" WIDTH="33" HEIGHT="27" WC="0.96" CONTENT="sig"/><SP WIDTH="14" VPOS="346" HPOS="911"/>
							<String ID="string_36" HPOS="925" VPOS="345" WIDTH="32" HEIGHT="22" WC="0.88" CONTENT="till"/>
						</TextLine>
						<TextLine ID="line_6" HPOS="377" VPOS="379" WIDTH="579" HEIGHT="28">
							<String ID="string_37" HPOS="377" VPOS="380" WIDTH="45" HEIGHT="26" WC="0.96" CONTENT="last,"/><SP WIDTH="16" VPOS="380" HPOS="422"/>
							<String ID="string_38" HPOS="438" VPOS="381" WIDTH="37" HEIGHT="20" WC="0.96" CONTENT="bör"/><SP WIDTH="14" VPOS="381" HPOS="475"/>
							<String ID="string_39" HPOS="489" VPOS="380" WIDTH="43" HEIGHT="22" WC="0.93" CONTENT="han"/><SP WIDTH="12" VPOS="380" HPOS="532"/>
							<String ID="string_40" HPOS="544" VPOS="382" WIDTH="73" HEIGHT="25" WC="0.96" CONTENT="genast"/><SP WIDTH="10" VPOS="382" HPOS="617"/>
							<String ID="string_41" HPOS="627" VPOS="380" WIDTH="52" HEIGHT="27" WC="0.92" CONTENT="från"/><SP WIDTH="10" VPOS="380" HPOS="679"/>
							<String ID="string_42" HPOS="689" VPOS="380" WIDTH="211" HEIGHT="27" WC="0.71" CONTENT="arbetsinrättningen"/><SP WIDTH="14" VPOS="380" HPOS="900"/>
							<String ID="string_43" HPOS="914" VPOS="379" WIDTH="42" HEIGHT="27" WC="0.91" CONTENT="fri-"/>
						</TextLine>
						<TextLine ID="line_7" HPOS="374" VPOS="414" WIDTH="582" HEIGHT="28">
							<String ID="string_44" HPOS="374" VPOS="414" WIDTH="75" HEIGHT="27" WC="0.91" CONTENT="gifvas,"/><SP WIDTH="16" VPOS="414" HPOS="449"/>
							<String ID="string_45" HPOS="465" VPOS="421" WIDTH="47" HEIGHT="15" WC="0.93" CONTENT="men"/><SP WIDTH="14" VPOS="421" HPOS="512"/>
							<String ID="string_46" HPOS="526" VPOS="415" WIDTH="18" HEIGHT="26" WC="0.87" CONTENT="ej"/><SP WIDTH="15" VPOS="415" HPOS="544"/>
							<String ID="string_47" HPOS="559" VPOS="416" WIDTH="36" HEIGHT="20" WC="0.93" CONTENT="mä"/><SP WIDTH="14" VPOS="416" HPOS="595"/>
							<String ID="string_48" HPOS="609" VPOS="415" WIDTH="78" HEIGHT="21" WC="0.90" CONTENT="sädant"/><SP WIDTH="14" VPOS="415" HPOS="687"/>
							<String ID="string_49" HPOS="701" VPOS="415" WIDTH="129" HEIGHT="27" WC="0.91" CONTENT="frigifvande"/><SP WIDTH="19" VPOS="415" HPOS="830"/>
							<String ID="string_50" HPOS="849" VPOS="416" WIDTH="40" HEIGHT="25" WC="0.89" CONTENT="äga"/><SP WIDTH="19" VPOS="416" HPOS="889"/>
							<String ID="string_51" HPOS="908" VPOS="421" WIDTH="48" HEIGHT="14" WC="0.96" CONTENT="rum"/>
						</TextLine>
						<TextLine ID="line_8" HPOS="376" VPOS="449" WIDTH="581" HEIGHT="28">
							<String ID="string_52" HPOS="376" VPOS="449" WIDTH="72" HEIGHT="22" WC="0.94" CONTENT="endast"/><SP WIDTH="17" VPOS="449" HPOS="448"/>
							<String ID="string_53" HPOS="465" VPOS="449" WIDTH="33" HEIGHT="27" WC="0.96" CONTENT="pä"/><SP WIDTH="20" VPOS="449" HPOS="498"/>
							<String ID="string_54" HPOS="518" VPOS="450" WIDTH="72" HEIGHT="26" WC="0.95" CONTENT="grund"/><SP WIDTH="17" VPOS="450" HPOS="590"/>
							<String ID="string_55" HPOS="607" VPOS="449" WIDTH="27" HEIGHT="26" WC="0.96" CONTENT="af"/><SP WIDTH="14" VPOS="449" HPOS="634"/>
							<String ID="string_56" HPOS="648" VPOS="449" WIDTH="74" HEIGHT="22" WC="0.92" CONTENT="honom"/><SP WIDTH="22" VPOS="449" HPOS="722"/>
							<String ID="string_57" HPOS="744" VPOS="450" WIDTH="69" HEIGHT="27" WC="0.90" CONTENT="gjordt"/><SP WIDTH="22" VPOS="450" HPOS="813"/>
							<String ID="string_58" HPOS="835" VPOS="449" WIDTH="70" HEIGHT="22" WC="0.86" CONTENT="anbud"/><SP WIDTH="18" VPOS="449" HPOS="905"/>
							<String ID="string_59" HPOS="923" VPOS="456" WIDTH="34" HEIGHT="14" WC="0.95" CONTENT="om"/>
						</TextLine>
						<TextLine ID="line_9" HPOS="375" VPOS="483" WIDTH="582" HEIGHT="28">
							<String ID="string_60" HPOS="375" VPOS="483" WIDTH="66" HEIGHT="27" WC="0.86" CONTENT="tjenst,"/><SP WIDTH="24" VPOS="483" HPOS="441"/>
							<String ID="string_61" HPOS="465" VPOS="484" WIDTH="36" HEIGHT="21" WC="0.93" CONTENT="der"/><SP WIDTH="23" VPOS="484" HPOS="501"/>
							<String ID="string_62" HPOS="524" VPOS="484" WIDTH="18" HEIGHT="27" WC="0.73" CONTENT="ej"/><SP WIDTH="23" VPOS="484" HPOS="542"/>
							<String ID="string_63" HPOS="565" VPOS="484" WIDTH="142" HEIGHT="27" WC="0.95" CONTENT="Guvernören,"/><SP WIDTH="23" VPOS="484" HPOS="707"/>
							<String ID="string_64" HPOS="730" VPOS="484" WIDTH="52" HEIGHT="27" WC="0.96" CONTENT="efter"/><SP WIDTH="23" VPOS="484" HPOS="782"/>
							<String ID="string_65" HPOS="805" VPOS="484" WIDTH="152" HEIGHT="21" WC="0.96" CONTENT="vederbörande"/>
						</TextLine>
						<TextLine ID="line_10" HPOS="372" VPOS="517" WIDTH="585" HEIGHT="29">
							<String ID="string_66" HPOS="372" VPOS="517" WIDTH="67" HEIGHT="27" WC="0.91" CONTENT="polis-"/><SP WIDTH="17" VPOS="517" HPOS="439"/>
							<String ID="string_67" HPOS="456" VPOS="518" WIDTH="48" HEIGHT="21" WC="0.93" CONTENT="eller"/><SP WIDTH="10" VPOS="518" HPOS="504"/>
							<String ID="string_68" HPOS="514" VPOS="518" WIDTH="248" HEIGHT="28" WC="0.90" CONTENT="kommunalmyndighets"/><SP WIDTH="10" VPOS="518" HPOS="762"/>
							<String ID="string_69" HPOS="772" VPOS="519" WIDTH="98" HEIGHT="26" WC="0.92" CONTENT="hörande,"/><SP WIDTH="17" VPOS="519" HPOS="870"/>
							<String ID="string_70" HPOS="887" VPOS="518" WIDTH="70" HEIGHT="27" WC="0.89" CONTENT="finner"/>
						</TextLine>
						<TextLine ID="line_11" HPOS="375" VPOS="552" WIDTH="310" HEIGHT="27">
							<String ID="string_71" HPOS="375" VPOS="552" WIDTH="78" HEIGHT="27" WC="0.92" CONTENT="skäligt"/><SP WIDTH="12" VPOS="552" HPOS="453"/>
							<String ID="string_72" HPOS="465" VPOS="553" WIDTH="112" HEIGHT="26" WC="0.96" CONTENT="godkänna"/><SP WIDTH="15" VPOS="553" HPOS="577"/>
							<String ID="string_73" HPOS="592" VPOS="553" WIDTH="93" HEIGHT="21" WC="0.96" CONTENT="anbudet."/>
						</TextLine>
					</TextBlock>
				</ComposedBlock>
				<ComposedBlock ID="cblock_2" HPOS="204" VPOS="616" WIDTH="752" HEIGHT="522">
					<TextBlock ID="block_3" HPOS="204" VPOS="616" WIDTH="752" HEIGHT="522">
						<TextLine ID="line_12" HPOS="546" VPOS="616" WIDTH="131" HEIGHT="29">
							<String ID="string_74" HPOS="546" VPOS="616" WIDTH="25" HEIGHT="29" WC="0.92" CONTENT="$$"/><SP WIDTH="17" VPOS="616" HPOS="571"/>
							<String ID="string_75" HPOS="588" VPOS="617" WIDTH="89" HEIGHT="21" WC="0.91" CONTENT="16—17."/>
						</TextLine>
						<TextLine ID="line_13" HPOS="528" VPOS="656" WIDTH="153" HEIGHT="22">
							<String ID="string_76" HPOS="528" VPOS="656" WIDTH="153" HEIGHT="22" WC="0.86" CONTENT="Oförändrade."/>
						</TextLine>
						<TextLine ID="line_14" HPOS="445" VPOS="696" WIDTH="510" HEIGHT="28">
							<String ID="string_77" HPOS="445" VPOS="698" WIDTH="30" HEIGHT="20" WC="0.93" CONTENT="att"/><SP WIDTH="14" VPOS="698" HPOS="475"/>
							<String ID="string_78" HPOS="489" VPOS="697" WIDTH="120" HEIGHT="22" WC="0.92" CONTENT="Ständerna"/><SP WIDTH="20" VPOS="697" HPOS="609"/>
							<String ID="string_79" HPOS="629" VPOS="697" WIDTH="47" HEIGHT="21" WC="0.96" CONTENT="ville"/><SP WIDTH="23" VPOS="697" HPOS="676"/>
							<String ID="string_80" HPOS="699" VPOS="697" WIDTH="23" HEIGHT="20" WC="0.92" CONTENT="ät"/><SP WIDTH="21" VPOS="697" HPOS="722"/>
							<String ID="string_81" HPOS="743" VPOS="696" WIDTH="121" HEIGHT="28" WC="0.93" CONTENT="regeringen"/><SP WIDTH="22" VPOS="696" HPOS="864"/>
							<String ID="string_82" HPOS="886" VPOS="697" WIDTH="69" HEIGHT="26" WC="0.91" CONTENT="öfver-"/>
						</TextLine>
						<TextLine ID="line_15" HPOS="376" VPOS="731" WIDTH="579" HEIGHT="27">
							<String ID="string_83" HPOS="376" VPOS="731" WIDTH="66" HEIGHT="21" WC="0.94" CONTENT="lemna"/><SP WIDTH="15" VPOS="731" HPOS="442"/>
							<String ID="string_84" HPOS="457" VPOS="733" WIDTH="36" HEIGHT="24" WC="0.96" CONTENT="att,"/><SP WIDTH="15" VPOS="733" HPOS="493"/>
							<String ID="string_85" HPOS="508" VPOS="732" WIDTH="42" HEIGHT="19" WC="0.96" CONTENT="när"/><SP WIDTH="18" VPOS="732" HPOS="550"/>
							<String ID="string_86" HPOS="568" VPOS="732" WIDTH="41" HEIGHT="20" WC="0.93" CONTENT="den"/><SP WIDTH="18" VPOS="732" HPOS="609"/>
							<String ID="string_87" HPOS="627" VPOS="731" WIDTH="104" HEIGHT="26" WC="0.72" CONTENT="blifvande"/><SP WIDTH="14" VPOS="731" HPOS="731"/>
							<String ID="string_88" HPOS="745" VPOS="731" WIDTH="151" HEIGHT="27" WC="0.90" CONTENT="förordningen"/><SP WIDTH="15" VPOS="731" HPOS="896"/>
							<String ID="string_89" HPOS="911" VPOS="731" WIDTH="44" HEIGHT="21" WC="0.90" CONTENT="till-"/>
						</TextLine>
						<TextLine ID="line_16" HPOS="376" VPOS="765" WIDTH="579" HEIGHT="27">
							<String ID="string_90" HPOS="376" VPOS="765" WIDTH="106" HEIGHT="27" WC="0.89" CONTENT="äfventyrs"/><SP WIDTH="15" VPOS="765" HPOS="482"/>
							<String ID="string_91" HPOS="497" VPOS="765" WIDTH="91" HEIGHT="22" WC="0.96" CONTENT="kommer"/><SP WIDTH="15" VPOS="765" HPOS="588"/>
							<String ID="string_92" HPOS="603" VPOS="767" WIDTH="29" HEIGHT="19" WC="0.93" CONTENT="att"/><SP WIDTH="14" VPOS="767" HPOS="632"/>
							<String ID="string_93" HPOS="646" VPOS="765" WIDTH="105" HEIGHT="26" WC="0.92" CONTENT="utfärdas,"/><SP WIDTH="16" VPOS="765" HPOS="751"/>
							<String ID="string_94" HPOS="767" VPOS="765" WIDTH="114" HEIGHT="22" WC="0.88" CONTENT="bestämma"/><SP WIDTH="11" VPOS="765" HPOS="881"/>
							<String ID="string_95" HPOS="892" VPOS="766" WIDTH="63" HEIGHT="26" WC="0.96" CONTENT="tiden,"/>
						</TextLine>
						<TextLine ID="line_17" HPOS="374" VPOS="799" WIDTH="451" HEIGHT="27">
							<String ID="string_96" HPOS="374" VPOS="799" WIDTH="29" HEIGHT="22" WC="0.95" CONTENT="dä"/><SP WIDTH="18" VPOS="799" HPOS="403"/>
							<String ID="string_97" HPOS="421" VPOS="799" WIDTH="40" HEIGHT="22" WC="0.95" CONTENT="den"/><SP WIDTH="17" VPOS="799" HPOS="461"/>
							<String ID="string_98" HPOS="478" VPOS="799" WIDTH="54" HEIGHT="22" WC="0.93" CONTENT="skall"/><SP WIDTH="14" VPOS="799" HPOS="532"/>
							<String ID="string_99" HPOS="546" VPOS="800" WIDTH="62" HEIGHT="21" WC="0.92" CONTENT="träda"/><SP WIDTH="14" VPOS="800" HPOS="608"/>
							<String ID="string_100" HPOS="622" VPOS="800" WIDTH="9" HEIGHT="20" WC="0.96" CONTENT="i"/><SP WIDTH="12" VPOS="800" HPOS="631"/>
							<String ID="string_101" HPOS="643" VPOS="799" WIDTH="98" HEIGHT="27" WC="0.96" CONTENT="gällande"/><SP WIDTH="15" VPOS="799" HPOS="741"/>
							<String ID="string_102" HPOS="756" VPOS="799" WIDTH="69" HEIGHT="27" WC="0.94" CONTENT="kraft;"/>
						</TextLine>
						<TextLine ID="line_18" HPOS="439" VPOS="833" WIDTH="516" HEIGHT="23">
							<String ID="string_103" HPOS="439" VPOS="835" WIDTH="54" HEIGHT="20" WC="0.96" CONTENT="samt"/><SP WIDTH="14" VPOS="835" HPOS="493"/>
							<String ID="string_104" HPOS="507" VPOS="835" WIDTH="29" HEIGHT="20" WC="0.93" CONTENT="att"/><SP WIDTH="19" VPOS="835" HPOS="536"/>
							<String ID="string_105" HPOS="555" VPOS="833" WIDTH="120" HEIGHT="23" WC="0.92" CONTENT="Ständerna"/><SP WIDTH="18" VPOS="833" HPOS="675"/>
							<String ID="string_106" HPOS="693" VPOS="834" WIDTH="64" HEIGHT="21" WC="0.92" CONTENT="mätte"/><SP WIDTH="14" VPOS="834" HPOS="757"/>
							<String ID="string_107" HPOS="771" VPOS="833" WIDTH="9" HEIGHT="21" WC="0.96" CONTENT="i"/><SP WIDTH="14" VPOS="833" HPOS="780"/>
							<String ID="string_108" HPOS="794" VPOS="834" WIDTH="37" HEIGHT="21" WC="0.93" CONTENT="sitt"/><SP WIDTH="16" VPOS="834" HPOS="831"/>
							<String ID="string_109" HPOS="847" VPOS="834" WIDTH="108" HEIGHT="21" WC="0.91" CONTENT="underdä-"/>
						</TextLine>
						<TextLine ID="line_19" HPOS="375" VPOS="869" WIDTH="581" HEIGHT="26">
							<String ID="string_110" HPOS="375" VPOS="869" WIDTH="49" HEIGHT="26" WC="0.92" CONTENT="niga"/><SP WIDTH="16" VPOS="869" HPOS="424"/>
							<String ID="string_111" HPOS="440" VPOS="876" WIDTH="49" HEIGHT="14" WC="0.96" CONTENT="svar"/><SP WIDTH="10" VPOS="876" HPOS="489"/>
							<String ID="string_112" HPOS="499" VPOS="869" WIDTH="33" HEIGHT="26" WC="0.96" CONTENT="pä"/><SP WIDTH="18" VPOS="869" HPOS="532"/>
							<String ID="string_113" HPOS="550" VPOS="869" WIDTH="40" HEIGHT="21" WC="0.93" CONTENT="den"/><SP WIDTH="13" VPOS="869" HPOS="590"/>
							<String ID="string_114" HPOS="603" VPOS="869" WIDTH="80" HEIGHT="26" WC="0.93" CONTENT="nädiga"/><SP WIDTH="12" VPOS="869" HPOS="683"/>
							<String ID="string_115" HPOS="695" VPOS="869" WIDTH="158" HEIGHT="26" WC="0.93" CONTENT="propositionen"/><SP WIDTH="16" VPOS="869" HPOS="853"/>
							<String ID="string_116" HPOS="869" VPOS="869" WIDTH="87" HEIGHT="20" WC="0.92" CONTENT="anhälla"/>
						</TextLine>
						<TextLine ID="line_20" HPOS="374" VPOS="903" WIDTH="581" HEIGHT="27">
							<String ID="string_117" HPOS="374" VPOS="905" WIDTH="35" HEIGHT="24" WC="0.96" CONTENT="att,"/><SP WIDTH="12" VPOS="905" HPOS="409"/>
							<String ID="string_118" HPOS="421" VPOS="904" WIDTH="40" HEIGHT="20" WC="0.93" CONTENT="när"/><SP WIDTH="9" VPOS="904" HPOS="461"/>
							<String ID="string_119" HPOS="470" VPOS="904" WIDTH="69" HEIGHT="26" WC="0.95" CONTENT="några"/><SP WIDTH="15" VPOS="904" HPOS="539"/>
							<String ID="string_120" HPOS="554" VPOS="903" WIDTH="117" HEIGHT="26" WC="0.91" CONTENT="ändringar"/><SP WIDTH="16" VPOS="903" HPOS="671"/>
							<String ID="string_121" HPOS="687" VPOS="903" WIDTH="100" HEIGHT="26" WC="0.91" CONTENT="befunnes"/><SP WIDTH="14" VPOS="903" HPOS="787"/>
							<String ID="string_122" HPOS="801" VPOS="903" WIDTH="77" HEIGHT="26" WC="0.96" CONTENT="nödiga"/><SP WIDTH="14" VPOS="903" HPOS="878"/>
							<String ID="string_123" HPOS="892" VPOS="903" WIDTH="9" HEIGHT="20" WC="0.96" CONTENT="i"/><SP WIDTH="14" VPOS="903" HPOS="901"/>
							<String ID="string_124" HPOS="915" VPOS="903" WIDTH="40" HEIGHT="21" WC="0.96" CONTENT="den"/>
						</TextLine>
						<TextLine ID="line_21" HPOS="374" VPOS="936" WIDTH="581" HEIGHT="29">
							<String ID="string_125" HPOS="374" VPOS="937" WIDTH="133" HEIGHT="28" WC="0.95" CONTENT="författning,"/><SP WIDTH="23" VPOS="937" HPOS="507"/>
							<String ID="string_126" HPOS="530" VPOS="945" WIDTH="44" HEIGHT="14" WC="0.96" CONTENT="som"/><SP WIDTH="19" VPOS="945" HPOS="574"/>
							<String ID="string_127" HPOS="593" VPOS="937" WIDTH="26" HEIGHT="27" WC="0.96" CONTENT="af"/><SP WIDTH="15" VPOS="937" HPOS="619"/>
							<String ID="string_128" HPOS="634" VPOS="936" WIDTH="62" HEIGHT="22" WC="0.93" CONTENT="Hans"/><SP WIDTH="19" VPOS="936" HPOS="696"/>
							<String ID="string_129" HPOS="715" VPOS="937" WIDTH="119" HEIGHT="27" WC="0.94" CONTENT="Kejserliga"/><SP WIDTH="19" VPOS="937" HPOS="834"/>
							<String ID="string_130" HPOS="853" VPOS="937" WIDTH="102" HEIGHT="27" WC="0.91" CONTENT="Majestät"/>
						</TextLine>
						<TextLine ID="line_22" HPOS="374" VPOS="971" WIDTH="579" HEIGHT="27">
							<String ID="string_131" HPOS="374" VPOS="972" WIDTH="91" HEIGHT="21" WC="0.89" CONTENT="kommer"/><SP WIDTH="18" VPOS="972" HPOS="465"/>
							<String ID="string_132" HPOS="483" VPOS="973" WIDTH="29" HEIGHT="20" WC="0.95" CONTENT="att"/><SP WIDTH="15" VPOS="973" HPOS="512"/>
							<String ID="string_133" HPOS="527" VPOS="973" WIDTH="8" HEIGHT="20" WC="0.93" CONTENT="i"/><SP WIDTH="15" VPOS="973" HPOS="535"/>
							<String ID="string_134" HPOS="550" VPOS="971" WIDTH="211" HEIGHT="27" WC="0.91" CONTENT="öfverensstämmelse"/><SP WIDTH="14" VPOS="971" HPOS="761"/>
							<String ID="string_135" HPOS="775" VPOS="971" WIDTH="89" HEIGHT="22" WC="0.92" CONTENT="härmed"/><SP WIDTH="18" VPOS="971" HPOS="864"/>
							<String ID="string_136" HPOS="882" VPOS="971" WIDTH="71" HEIGHT="26" WC="0.92" CONTENT="utfär-"/>
						</TextLine>
						<TextLine ID="line_23" HPOS="374" VPOS="1005" WIDTH="579" HEIGHT="28">
							<String ID="string_137" HPOS="374" VPOS="1007" WIDTH="44" HEIGHT="25" WC="0.93" CONTENT="das,"/><SP WIDTH="12" VPOS="1007" HPOS="418"/>
							<String ID="string_138" HPOS="430" VPOS="1007" WIDTH="119" HEIGHT="21" WC="0.92" CONTENT="Ständerna"/><SP WIDTH="10" VPOS="1007" HPOS="549"/>
							<String ID="string_139" HPOS="559" VPOS="1006" WIDTH="66" HEIGHT="21" WC="0.93" CONTENT="skulle"/><SP WIDTH="10" VPOS="1006" HPOS="625"/>
							<String ID="string_140" HPOS="635" VPOS="1006" WIDTH="78" HEIGHT="21" WC="0.92" CONTENT="lemnas"/><SP WIDTH="10" VPOS="1006" HPOS="713"/>
							<String ID="string_141" HPOS="723" VPOS="1005" WIDTH="84" HEIGHT="27" WC="0.95" CONTENT="tillfälle"/><SP WIDTH="10" VPOS="1005" HPOS="807"/>
							<String ID="string_142" HPOS="817" VPOS="1007" WIDTH="29" HEIGHT="20" WC="0.96" CONTENT="att"/><SP WIDTH="10" VPOS="1007" HPOS="846"/>
							<String ID="string_143" HPOS="856" VPOS="1006" WIDTH="9" HEIGHT="21" WC="0.93" CONTENT="i"/><SP WIDTH="7" VPOS="1006" HPOS="865"/>
							<String ID="string_144" HPOS="872" VPOS="1006" WIDTH="81" HEIGHT="27" WC="0.92" CONTENT="grund-"/>
						</TextLine>
						<TextLine ID="line_24" HPOS="375" VPOS="1040" WIDTH="426" HEIGHT="27">
							<String ID="string_145" HPOS="375" VPOS="1041" WIDTH="98" HEIGHT="26" WC="0.91" CONTENT="lagsenlig"/><SP WIDTH="14" VPOS="1041" HPOS="473"/>
							<String ID="string_146" HPOS="487" VPOS="1041" WIDTH="89" HEIGHT="26" WC="0.95" CONTENT="ordning"/><SP WIDTH="16" VPOS="1041" HPOS="576"/>
							<String ID="string_147" HPOS="592" VPOS="1041" WIDTH="9" HEIGHT="20" WC="0.90" CONTENT="i"/><SP WIDTH="14" VPOS="1041" HPOS="601"/>
							<String ID="string_148" HPOS="615" VPOS="1041" WIDTH="86" HEIGHT="20" WC="0.92" CONTENT="ärendet"/><SP WIDTH="14" VPOS="1041" HPOS="701"/>
							<String ID="string_149" HPOS="715" VPOS="1040" WIDTH="86" HEIGHT="27" WC="0.92" CONTENT="deltaga."/>
						</TextLine>
						<TextLine ID="line_25" HPOS="271" VPOS="1074" WIDTH="683" HEIGHT="29">
							<String ID="string_150" HPOS="271" VPOS="1076" WIDTH="72" HEIGHT="27" WC="0.92" CONTENT="Nägra"/><SP WIDTH="22" VPOS="1076" HPOS="343"/>
							<String ID="string_151" HPOS="365" VPOS="1076" WIDTH="118" HEIGHT="21" WC="0.92" CONTENT="ledamöter"/><SP WIDTH="22" VPOS="1076" HPOS="483"/>
							<String ID="string_152" HPOS="505" VPOS="1076" WIDTH="7" HEIGHT="21" WC="0.93" CONTENT="i"/><SP WIDTH="19" VPOS="1076" HPOS="512"/>
							<String ID="string_153" HPOS="531" VPOS="1075" WIDTH="104" HEIGHT="22" WC="0.92" CONTENT="utskottet"/><SP WIDTH="23" VPOS="1075" HPOS="635"/>
							<String ID="string_154" HPOS="658" VPOS="1074" WIDTH="117" HEIGHT="23" WC="0.90" CONTENT="aflemnade"/><SP WIDTH="22" VPOS="1074" HPOS="775"/>
							<String ID="string_155" HPOS="797" VPOS="1075" WIDTH="157" HEIGHT="22" WC="0.92" CONTENT="reservationer"/>
						</TextLine>
						<TextLine ID="line_26" HPOS="204" VPOS="1111" WIDTH="90" HEIGHT="27">
							<String ID="string_156" HPOS="204" VPOS="1111" WIDTH="90" HEIGHT="27" WC="0.91" CONTENT="bifogas."/>
						</TextLine>
					</TextBlock>
				</ComposedBlock>
				<ComposedBlock ID="cblock_3" HPOS="271" VPOS="1143" WIDTH="394" HEIGHT="40">
					<TextBlock ID="block_4" HPOS="271" VPOS="1143" WIDTH="394" HEIGHT="40">
						<TextLine ID="line_27" HPOS="271" VPOS="1143" WIDTH="394" HEIGHT="40">
							<String ID="string_157" HPOS="271" VPOS="1156" WIDTH="141" HEIGHT="27" WC="0.95" CONTENT="Helsingfors,"/><SP WIDTH="16" VPOS="1156" HPOS="412"/>
							<String ID="string_158" HPOS="428" VPOS="1156" WIDTH="40" HEIGHT="21" WC="0.97" CONTENT="den"/><SP WIDTH="17" VPOS="1156" HPOS="468"/>
							<String ID="string_159" HPOS="485" VPOS="1143" WIDTH="28" HEIGHT="34" WC="0.95" CONTENT="14"/><SP WIDTH="15" VPOS="1143" HPOS="513"/>
							<String ID="string_160" HPOS="528" VPOS="1155" WIDTH="60" HEIGHT="27" WC="0.95" CONTENT="April"/><SP WIDTH="16" VPOS="1155" HPOS="588"/>
							<String ID="string_161" HPOS="604" VPOS="1155" WIDTH="61" HEIGHT="22" WC="0.96" CONTENT="1877."/>
						</TextLine>
					</TextBlock>
				</ComposedBlock>
				<ComposedBlock ID="cblock_4" HPOS="270" VPOS="1482" WIDTH="458" HEIGHT="23">
					<TextBlock ID="block_5" HPOS="270" VPOS="1482" WIDTH="458" HEIGHT="23">
						<TextLine ID="line_28" HPOS="270" VPOS="1482" WIDTH="458" HEIGHT="23">
							<String ID="string_162" HPOS="270" VPOS="1484" WIDTH="45" HEIGHT="21" WC="0.88" CONTENT="Lag-"/><SP WIDTH="12" VPOS="1484" HPOS="315"/>
							<String ID="string_163" HPOS="327" VPOS="1484" WIDTH="30" HEIGHT="16" WC="0.93" CONTENT="och"/><SP WIDTH="12" VPOS="1484" HPOS="357"/>
							<String ID="string_164" HPOS="369" VPOS="1482" WIDTH="168" HEIGHT="17" WC="0.39" CONTENT="Ekonomiutskottets"/><SP WIDTH="11" VPOS="1482" HPOS="537"/>
							<String ID="string_165" HPOS="548" VPOS="1482" WIDTH="104" HEIGHT="17" WC="0.96" CONTENT="betänkande"/><SP WIDTH="12" VPOS="1482" HPOS="652"/>
							<String ID="string_166" HPOS="664" VPOS="1482" WIDTH="34" HEIGHT="16" WC="0.96" CONTENT="N:o"/><SP WIDTH="13" VPOS="1482" HPOS="698"/>
							<String ID="string_167" HPOS="711" VPOS="1482" WIDTH="17" HEIGHT="16" WC="0.96" CONTENT="2."/>
						</TextLine>
					</TextBlock>
				</ComposedBlock>
			</PrintSpace>
		</Page>
	</Layout>
</alto>
