1042 1706
245 144 24 20 14
438 142 24 19 U.
475 144 28 16 B.
513 152 20 4 —
546 143 77 23 Prop.
635 142 43 18 N:o
690 144 18 16 %.

216 212 25 20 de
256 211 7 21 i
277 210 124 26 beräkning.
431 210 48 21 Men
495 210 87 21 emedan
596 210 66 20 likväl
676 210 61 21 äfven
754 209 35 21 det
804 210 80 27 rörliga
892 209 50 27 god-

215 246 33 20 set
263 244 25 21 de
304 244 49 27 jure
371 243 69 21 blefve
455 244 24 21 af
491 244 149 27 inteckningen
656 243 119 28 graveradt,
790 243 70 21 skulle
874 243 70 21 denna

215 277 158 28 omständighet
388 277 55 21 blott
457 278 64 20 verka
535 278 157 27 nedtryckande
707 278 29 26 pä
744 277 41 21 den
797 277 76 27 kredit,
881 278 63 20 hvar-

214 312 25 21 af
251 312 62 21 äfven
328 311 40 21 den
383 311 68 21 solide
463 312 179 27 jernvägsegaren
656 311 137 27 tillfälligtvis
806 311 42 21 kan
858 312 86 20 komma

215 347 7 20 i
243 346 72 22 behof.
352 345 61 21 Dock
429 352 34 14 om
479 346 26 20 än
520 345 81 28 följden
616 345 24 21 af
653 345 40 21 den
708 346 143 27 begränsning
866 346 6 20 i
885 346 58 28 jern-

215 379 178 29 vägshypotekets
409 379 133 28 omfattning,
559 387 46 13 som
619 379 24 21 af
656 380 43 27 mig
712 379 98 26 föresläs,
826 379 69 22 blefve
910 381 33 20 sä-

215 414 41 21 dan
280 415 32 19 att
335 412 97 22 enskilda
453 413 99 28 jernvägs
573 413 83 28 företag
677 413 40 21 här
739 413 6 21 i
764 413 73 21 landet
851 414 92 21 behöfde

214 448 71 27 stödja
307 448 32 27 sig
361 449 28 26 pä
411 449 30 20 ett
462 448 66 27 nägot
542 449 69 20 större
626 450 48 25 eget
688 447 82 28 kapital
784 449 27 20 än
826 448 7 21 i
848 448 38 21 fall
902 448 41 21 den

214 481 80 28 rörliga
308 481 124 21 materielen
447 481 62 22 äfven
524 482 44 21 deri
583 482 133 27 inbegrepes,
732 483 24 20 sä
770 489 51 14 vore
831 482 64 26 detta,
908 490 35 14 en-

213 517 40 27 ligt
267 516 44 21 min
326 515 71 27 tanke,
413 516 46 21 icke
474 517 70 26 nägon
560 516 81 28 olycka.

270 551 31 20 Pä
326 550 63 21 dessa
412 549 93 28 grunder
523 551 39 20 och
578 550 87 21 emedan
678 551 38 27 jag
731 551 47 20 icke
794 557 62 14 anser
871 551 40 21 den
927 558 16 14 s.

214 585 19 20 k.
257 583 239 28 förlagsinteckningen,
512 591 45 14 som
571 584 39 21 har
626 584 32 21 sin
672 586 35 19 rot
721 585 8 20 i
743 585 120 27 förgängna
876 585 67 21 tiders

213 617 130 28 bristfälliga
358 617 150 22 associations-
523 618 39 21 och
577 617 220 22 kreditförhällanden
814 620 55 19 samt
878 618 65 22 bland

214 654 67 19 annat
298 659 76 20 genom
391 651 172 22 beskaffenheten
582 652 23 21 af
618 651 48 22 dess
681 652 89 21 föremäl
786 652 60 28 gifvit
862 652 84 27 upphof

214 686 33 21 till
267 686 85 29 mycket
376 685 83 26 trassel,
482 687 77 26 utgöra
580 688 30 19 ett
632 686 195 28 efterföljansvärdt
842 687 101 25 mönster,

213 720 80 22 tilläter
305 721 38 27 jag
357 720 42 27 mig
415 720 109 21 vördsamt
538 720 85 21 föreslä:

417 785 30 19 att
462 783 17 26 1,
497 784 12 19 7
524 783 36 21 och
575 783 14 21 8
605 785 27 24 $$
645 783 25 26 af
681 784 32 21 det
726 785 7 20 i
747 786 150 20 reservationen
912 787 30 19 in-

366 819 61 25 tagna
447 817 207 27 förfaltningsförslag
678 819 53 25 finge
753 825 25 15 en
799 821 61 25 något
871 819 70 27 förän-

361 852 52 20 drad
426 851 80 28 lydelse,
520 851 98 27 nemligen
624 858 7 14 :
957 847 2 3 |

421 885 36 26 18
472 885 13 20 2
503 892 63 13 mom.
596 885 115 27 Inteckning
730 887 6 20 i
757 887 86 26 jernväg
866 888 77 26 medför

361 919 105 20 enahanda
479 921 59 24 pant-
561 918 37 21 och
610 919 136 25 förmansrätt
758 921 8 20 i
774 920 169 26 jernvägsomrä-

361 953 32 20 det
411 953 45 21 med
475 953 49 21 derä
538 951 100 28 befintliga
652 952 114 27 byggnader
781 954 37 21 och
832 955 66 26 öfriga
910 955 33 26 fa-

362 989 33 18 sta
416 987 146 26 inrällningar,
585 992 43 15 som
650 988 112 26 inteckning
783 989 7 20 i
812 994 67 15 annan
903 989 42 26 fast

360 1022 95 26 egendom
469 1020 60 28 enligt
542 1021 78 21 allmän
635 1020 39 28 lag.

418 1056 11 20 7
446 1056 11 26 8
473 1056 38 20 1:0.
540 1056 89 26 Jernväg
652 1057 34 20 mä
706 1057 71 20 endast
794 1057 8 20 i
823 1057 44 21 dess
881 1056 65 23 helhet

363 1104 72 7 +...
451 1089 76 28 (enligt
542 1088 118 28 förslaget).
676 1091 56 19 samt

421 1124 46 26 88.
496 1123 56 20 Från
574 1122 85 21 hvilken
681 1123 66 21 orden
763 1125 55 20 ”med
834 1125 38 20 den
886 1131 59 20 egen-

362 1159 52 24 dom,
425 1157 82 22 hoartill
519 1159 115 25 panträtten
649 1159 92 20 sträcker
755 1159 47 25 sig”,
811 1158 68 21 skulle
886 1159 59 27 utgå.

614 1237 89 21 Robert
717 1237 170 26 Montgomery.

404 1515 120 22 Helsingfors,
536 1515 22 17 A.
565 1515 22 17 A.
594 1514 91 22 Lindfors,
700 1515 51 18 1877.
