1050 1700
427 136 53 22 N:o
498 136 29 22 6.

372 365 68 24 Hans
456 366 152 30 Kejserliga
623 367 138 28 Majestäts
771 366 79 32 nådiga

302 400 130 28 proposition
455 400 31 24 till
506 401 101 23 Finlands
627 401 94 30 Ständer,
740 401 109 30 angående

303 434 124 30 förändring
446 434 23 23 af
485 436 25 23 de
528 435 45 24 med
592 436 114 28 Kuusamo,
726 436 122 24 Kemiträsk

301 468 39 23 och
356 468 125 28 Kuolajärvi
496 469 129 24 sockneboer
640 470 104 23 afslutade
759 470 88 24 knekte-

300 502 107 24 kontrakt.

167 543 117 26 Kuusamo,
301 543 124 21 Kemiträsk
436 544 39 20 och
485 544 127 27 Kuolajärvi
622 545 132 21 sockneboer
764 546 7 20 i
782 545 64 21 Uleå-

95 577 65 26 borgs
175 578 36 20 län
225 577 64 22 hafva
303 583 77 21 genom
396 577 106 22 särskilda
517 578 108 26 kontrakt,
636 578 108 27 ingångna
754 579 23 21 af
785 579 61 20 Kuu-

94 617 59 15 samo
170 611 131 22 sockneboer
317 611 40 22 den
371 613 28 20 22
413 612 53 21 Juni
486 613 53 20 1789
560 613 54 20 samt
630 613 24 20 af
666 613 125 21 Kemiträsk
806 613 40 21 och

93 646 132 27 Kuolajärvi,
243 646 28 21 dä
285 646 34 21 till
335 652 25 15 en
376 647 40 20 och
430 652 81 15 samma
529 646 126 27 församling
673 647 96 21 hörande
783 647 62 21 sock-

92 682 84 24 nemän,
199 680 41 21 den
260 681 25 20 15
301 681 7 20 i
323 680 91 21 berörde
429 681 84 25 månad,
529 680 111 21 förbundit
655 681 33 26 sig
703 682 33 20 att
750 681 34 20 till
799 681 45 21 lan-

93 715 48 20 dets
156 715 84 20 försvar
256 715 96 26 ständigt
366 715 114 26 uppställa,
497 715 109 21 Kuusamo
623 715 132 22 sockneboer
769 716 75 21 trettio

92 749 96 20 soldater
203 748 39 21 och
257 749 45 20 lika
317 749 77 26 många
407 749 75 26 jägare
498 749 51 21 eller
566 749 108 21 såkalladt
692 749 151 26 enrollerings-

91 783 104 26 manskap
212 784 55 19 samt
283 789 26 14 en
324 783 142 26 trumslagare
485 783 33 20 för
536 783 106 20 hvardera
656 784 99 25 truppen,
771 783 72 21 Kemi-

91 817 61 20 träsk
174 816 128 21 socknemän
320 817 80 26 fjorton
419 817 95 21 soldater
529 817 39 20 och
583 817 31 20 ett
629 817 44 20 lika
688 817 58 20 antal
759 817 83 26 jägare,

89 851 41 20 och
152 851 125 27 Kuolajärvi
300 851 131 20 sockneboer
450 852 33 19 tre
501 851 95 20 soldater
612 851 38 20 och
666 852 81 19 tretton
759 851 82 26 jägare,

90 885 82 20 hvilket
194 885 57 20 antal
275 884 55 21 dock
352 884 36 21 vid
410 885 40 20 den
468 885 17 25 1,
501 885 13 20 2
530 884 40 21 och
585 884 12 20 8
613 884 93 26 Augusti
722 890 80 15 samma
817 885 25 20 år

89 919 120 22 verkställd
230 919 97 26 rotering
349 918 23 21 af
389 919 150 26 lägenheterne
556 919 7 20 i
583 919 65 26 sagde
664 919 92 20 socknar
770 919 72 21 blifvit

88 953 92 22 sålunda
194 953 132 26 förändradt,
342 954 34 19 att
390 953 82 21 antalet
484 953 75 26 jägare
574 953 7 20 i
596 953 126 26 Kuolajärvi
741 953 98 21 nedsatts

88 989 34 20 till
144 989 38 25 tio,
204 994 49 15 men
275 987 125 22 Kemiträsk
422 988 96 21 deremot
540 987 70 26 åtagit
625 987 33 26 sig
672 987 126 27 ytterligare
813 994 27 15 en

88 1023 120 22 soldatrote
223 1022 33 21 för
272 1028 25 15 en
315 1022 148 27 trumslagare.

159 1057 41 21 Till
220 1057 63 20 dessa
299 1057 120 26 åtaganden
435 1056 64 21 hafva
514 1056 97 21 bemälde
626 1056 132 21 sockneboer
772 1056 67 21 likväl

87 1093 33 26 sig
135 1091 112 21 förbundit
261 1091 69 20 under
344 1091 70 20 vilkor
430 1090 39 21 och
484 1090 110 26 förbehåll,
611 1090 66 21 bland
688 1091 71 25 annat,
769 1092 33 19 att
812 1091 26 20 de

86 1127 34 21 för
142 1126 34 26 sig
192 1125 39 22 och
246 1125 47 21 sina
309 1124 181 22 efterkommande
505 1124 69 22 skulle
589 1124 66 21 varda
670 1124 97 22 befriade
781 1125 55 26 från,

86 1162 60 19 utom
161 1161 71 24 annat,
247 1159 91 26 refning,
355 1158 111 22 storskifte
482 1159 39 21 och
536 1158 160 26 skattläggning
712 1158 23 21 af
747 1158 41 21 den
798 1165 39 15 un-

86 1195 38 21 der
140 1194 62 21 deras
218 1194 123 26 lägenheter
356 1193 92 21 häfdade
463 1193 67 25 mark,
546 1192 109 21 äfvensom
668 1192 49 21 från
727 1192 29 21 all
766 1199 71 15 annan

84 1229 123 26 förhöjning
229 1228 13 20 å
264 1228 83 20 skatter
368 1227 40 21 och
430 1228 67 20 andra
518 1226 88 27 afgifter
624 1226 22 20 af
660 1226 56 21 hvad
730 1232 64 15 namn
810 1227 26 21 de

85 1263 71 21 kunde
178 1268 58 20 vara,
260 1262 71 21 såsom
347 1262 39 20 ock
402 1262 32 20 att
448 1261 209 27 nybyggesodlingar
671 1261 58 20 inom
743 1260 92 22 berörde

86 1298 90 22 socknar
199 1298 18 26 ej
241 1296 55 27 finge
313 1296 81 21 tillåtas
409 1297 52 19 utan
480 1296 181 20 socknemännens
678 1295 108 21 särskilda
800 1296 34 19 ut-

83 1332 107 26 tryckliga
205 1331 59 20 bifall
281 1330 40 20 och
336 1332 32 18 att
384 1330 61 19 desse
461 1329 74 26 sjelfve
550 1330 54 24 ägde
620 1329 114 25 disponera
747 1329 39 19 och
798 1334 35 14 an-

84 1366 69 21 vända
177 1366 27 20 all
220 1365 57 21 inom
293 1364 119 20 socknarne
427 1363 97 26 befintlig
536 1362 50 27 jord
601 1362 32 20 till
650 1362 25 20 de
690 1362 71 26 gamla
775 1362 59 20 hem-

82 1406 88 16 manens
192 1398 131 28 utvidgande
344 1398 46 21 ifall
412 1396 144 28 någonstädes
576 1395 84 22 tillfälle
675 1396 73 21 dertill
763 1396 70 21 skulle

81 1439 76 28 gifvas.
