1031 1717
297 143 31 21 U.
345 143 32 21 B.
394 155 26 3 —
438 144 83 24 Prop.
537 144 49 22 N:o
602 145 26 21 3,
778 144 25 20 11

92 210 32 22 till
143 210 95 29 outgifna
252 211 141 23 handskrifter
408 212 38 21 och
461 211 32 23 till
508 211 56 23 förut
578 212 80 28 utgifna
674 212 56 21 verk.
760 212 72 21 Jemte

92 245 35 21 det
149 245 63 21 första
234 246 82 28 stycket
330 246 8 20 i
353 246 113 29 anledning
484 246 61 21 häraf
562 246 23 22 af
598 246 108 22 Utskottet
722 246 111 28 omredige-

92 282 48 23 rats,
163 280 38 21 har
220 280 108 22 Utskottet
346 280 79 28 jemväl
440 280 21 22 åt
476 280 64 22 andra
554 280 82 29 stycket
650 280 8 21 i
675 280 10 21 1
702 281 13 25 &
730 280 62 28 gifvit
807 288 25 14 en

91 313 65 21 sådan
171 313 84 29 lydelse,
272 316 30 20 att
317 314 61 21 derur
392 314 102 29 tydligare
510 314 95 29 framgår,
620 316 30 20 att
660 314 40 21 den
711 314 122 28 utgifnings-

91 349 47 25 rätt,
154 348 87 21 hvilken
256 347 121 23 författaren
392 348 46 22 icke
454 348 64 29 sjelf
507 343 10 38 i
528 348 32 22 sin
575 348 67 22 lifstid
656 348 48 22 låtit
718 348 33 22 till
764 356 69 14 annan

92 382 89 28 öfvergå,
205 382 52 22 skall
280 382 84 23 tillhöra
384 383 53 21 hans
457 383 191 27 sterbhusdelegare
667 382 48 22 med
730 383 40 21 den
785 384 47 24 rätt,

92 425 44 13 som
158 417 106 21 allmänna
283 418 70 28 lagens
372 417 130 23 föreskrifter
520 425 34 14 om
568 416 94 30 giftorätt
677 417 38 21 och
730 417 34 21 arf
777 416 57 30 gifva

92 451 36 22 vid
143 452 88 21 handen.

160 486 95 22 Emedan
270 486 116 22 innehållet
400 485 23 23 af
437 487 25 21 18
478 487 14 26 $
506 486 6 22 i
530 486 39 21 den
585 485 74 29 nådiga
673 486 159 28 propositionen,

92 528 44 14 som
152 520 63 28 angår
230 522 40 20 rätt
285 523 31 19 att
329 528 75 20 genom
419 521 60 28 tryck
490 520 50 22 eller
550 520 122 22 annorledes
682 520 33 22 till
726 520 108 29 spridning

91 554 81 28 utgifva
186 554 172 29 bygnadsritning
372 555 39 21 och
426 557 30 19 att
470 556 68 28 bygga
551 554 52 22 efter
613 554 95 28 utgifven
718 555 113 28 byggnads-

92 588 84 29 ritning,
198 588 114 30 lämpligen
332 596 61 21 synes
412 589 72 22 kunna
502 588 148 23 sammanföras
665 590 48 21 med
728 589 55 21 hvad
798 589 7 21 i
820 590 13 20 2

93 624 13 26 $
122 628 22 17 är
159 623 59 29 sagdt
232 631 34 14 om
282 624 165 22 arkitektoniska
456 624 123 28 teckningar
589 624 38 21 och
638 623 146 29 afbildningar,
796 625 38 21 har

92 658 108 22 Utskottet
214 660 68 20 ansett
299 659 25 21 18
341 659 13 25 $&
369 659 49 20 böra
433 658 50 28 utgå
498 660 53 20 samt
566 658 46 22 dess
627 658 93 22 innehåll
733 661 100 26 upptagas

91 692 7 22 i
114 694 13 20 2
143 693 19 26 &,
178 692 88 22 hvilken
284 692 80 22 derföre
380 692 70 22 blifvit
464 693 8 21 i
487 693 57 22 detta
559 693 54 29 syfte
628 693 142 29 omredigerad
785 693 48 22 med

92 727 132 27 iakttagande
240 726 61 22 äfven
318 726 60 22 deraf
390 728 30 20 att
436 727 58 21 ordet
508 728 147 27 typografiska,
666 735 44 13 som
720 728 58 21 torde
789 728 45 21 här-

91 765 47 17 röra
152 760 24 22 af
188 761 58 21 skrif-
262 762 51 20 eller
327 760 96 30 tryckfel,
439 763 73 20 rättats
527 762 33 21 till
575 762 145 27 topografiska.

159 796 13 21 I
186 796 14 21 3
215 796 20 26 8,
250 796 86 21 hvarest
350 795 136 28 skyddstiden
501 796 31 21 för
547 795 117 22 författares
678 795 156 29 utgifningsrätt

92 834 22 17 är
129 830 7 21 i
151 830 64 22 första
230 830 82 28 stycket
327 830 94 21 bestämd
436 832 30 20 att
480 829 85 23 fortfara
580 830 66 21 under
656 830 53 22 hans
718 830 67 22 lifstid
795 830 39 22 och

91 864 33 22 för
138 865 52 21 hans
205 864 192 28 sterbhusdelegare
412 864 8 20 i
434 864 70 21 trettio
520 864 22 21 år
558 863 52 22 efter
625 864 52 21 hans
692 864 46 26 död,
754 864 39 22 är
783 859 10 37 i
804 872 29 14 se-

91 907 51 13 nare
157 898 83 30 stycket
255 906 25 14 en
296 898 88 22 särskild
400 898 108 28 skyddstid
522 898 23 21 af
553 898 70 22 trettio
634 898 22 22 år
667 898 53 22 efter
730 899 35 21 det
775 898 59 22 skrif-

92 937 36 18 ten
142 933 52 22 först
208 934 74 21 utkom
298 935 64 19 utsatt
376 932 32 22 för
419 932 183 29 utgifningsrätten
612 933 33 21 till
655 933 67 26 skrift,
734 941 44 14 som
788 933 46 22 icke

92 968 94 28 utgifvits
202 968 66 21 under
283 967 132 22 författarens
428 967 72 26 lifstid,
512 968 50 21 eller
572 967 113 22 utkommit
694 970 51 20 utan
755 970 31 20 att
795 968 39 21 för-

91 1002 101 23 fattarens
207 1003 94 28 verkliga
315 1010 64 13 namn
389 1001 69 23 blifvit
468 1002 49 22 derå
528 1004 69 20 utsatt.
621 1002 34 22 Då
666 1003 34 21 det
711 1002 122 26 emellertid,

92 1042 38 16 när
145 1045 26 13 en
186 1036 62 22 skrift
263 1036 112 22 utkommit
385 1039 101 26 anonymt
496 1037 50 21 eller
556 1036 145 29 pseudonymt,
713 1045 61 20 synes
785 1038 49 21 böra

91 1071 22 22 få
135 1071 31 22 stå
188 1072 46 21 dess
256 1071 106 22 författare
383 1072 62 28 öppet
464 1073 30 20 att
508 1078 75 21 genom
598 1070 200 29 tillkännagifvande
813 1072 23 22 af

92 1107 36 21 sitt
148 1106 94 28 verkliga
261 1114 63 13 namn
343 1105 126 22 tillförsäkra
484 1106 30 28 sig
530 1106 37 21 och
582 1105 45 22 sine
642 1106 192 30 sterbhusdelegare

92 1142 40 21 den
148 1141 7 21 i
170 1140 132 30 paragrafens
318 1140 63 22 första
396 1140 72 28 stycke
484 1140 67 22 såsom
567 1140 75 22 allmän
658 1141 56 28 regel
724 1141 110 29 uppstälda

92 1176 115 28 skyddstid,
230 1176 38 21 har
289 1175 109 23 Utskottet
418 1174 32 22 till
470 1182 71 14 senare
560 1174 82 29 stycket
656 1175 7 21 i
678 1176 13 20 3
708 1176 13 26 $
736 1175 54 29 gjort
804 1177 30 20 ett

92 1210 72 27 tillägg
178 1217 34 13 om
227 1211 65 26 utväg
305 1208 33 22 för
352 1208 104 22 vinnande
472 1208 22 22 af
507 1208 67 22 denna
589 1210 46 20 rätt.

160 1244 12 20 I
187 1243 36 22 sitt
244 1243 136 21 förenämnda
394 1243 7 21 i
416 1242 176 28 Borgareståndet
612 1242 72 28 gjorda
703 1242 131 28 andragande

92 1278 37 20 har
151 1277 57 21 Herr
228 1277 123 28 Chydenius
369 1277 106 28 föreslagit
490 1285 25 13 en
531 1277 88 21 särskild
634 1276 108 28 skyddstid
757 1276 31 22 för
803 1278 30 20 ut-

92 1311 159 29 gifningsrätten
267 1310 23 22 af
302 1310 76 29 fyratio
394 1312 50 20 eller
458 1312 60 27 högst
532 1310 72 22 femtio
620 1310 22 22 år
657 1310 32 22 för
704 1310 77 22 sådana
790 1310 43 25 fall,

92 1345 26 21 då
137 1345 47 20 hela
204 1345 68 21 denna
286 1347 42 19 rätt
342 1345 33 20 till
390 1345 62 27 något
466 1346 70 20 arbete
552 1352 74 20 genom
641 1344 41 28 köp
696 1344 45 27 gått
756 1352 24 12 ur
794 1344 40 20 för-

92 1378 99 22 fattarens
206 1378 8 21 i
229 1386 26 13 en
274 1378 125 28 förläggares
419 1385 43 21 ego,
482 1378 86 21 emedan
584 1377 40 21 den
640 1377 133 25 sistnämnde,
789 1384 44 14 som

93 1413 35 21 vid
146 1413 72 28 köpets
234 1412 102 29 ingående
352 1412 65 22 måste
432 1412 110 22 förutsätta
556 1411 136 29 möjligheten
708 1411 22 22 af
743 1410 91 23 författa-

92 1456 47 14 rens
154 1455 60 14 snara
229 1447 101 26 frånfälle,
346 1447 47 21 icke
408 1447 41 21 kan
464 1447 93 21 beräkna
572 1446 36 22 sitt
622 1446 42 28 pris
679 1446 32 21 för
726 1454 26 13 en
762 1446 71 28 längre

92 1482 110 29 skyddstid
217 1486 26 18 än
258 1482 70 22 trettio
344 1482 28 25 år,
388 1490 48 13 men
452 1481 40 26 det,
508 1489 34 14 om
557 1480 121 24 författaren
692 1480 66 23 likväl
768 1480 66 23 lefver

161 1522 138 24 Lagutskottets
312 1522 110 18 betänkande
434 1527 30 13 n:o
476 1522 16 19 8.

864 484 12 29 $
892 484 17 21 2.

862 798 46 29 $3
