1039 1703
281 139 31 20 U.
328 139 33 20 B.
377 149 27 3 —
419 139 86 23 Prop.
545 144 25 14 N:o
585 139 29 21 2,

346 346 215 31 Lagulskottets
588 347 137 24 betänkande
749 347 38 24 N:o
810 347 12 24 1

278 386 7 23 i
309 385 116 31 anledning
443 387 27 23 af
485 386 57 25 Hans
560 386 129 31 Kejserliga
707 386 116 31 Majestäts

280 424 79 32 nådiga
384 426 136 31 proposition.
544 433 33 17 om
600 426 120 24 förändrad
738 426 85 31 lydelse

279 465 26 24 af
321 465 13 24 3
353 465 18 24 &
389 465 14 24 7
421 465 51 32 kap.
493 465 23 25 G.
537 466 31 32 B.,
588 465 113 32 angående
717 466 38 31 jäf
767 469 56 22 emot

279 505 133 32 äktenskap.

142 560 76 20 Denna
232 561 129 25 proposition
379 561 38 19 har
432 561 24 19 af
468 562 98 26 samtliga
581 562 93 20 Stånden
689 562 70 20 blifvit
773 562 50 19 hän-

73 594 85 26 skjuten
174 594 31 18 till
221 594 151 26 Lagutskottet,
388 601 44 13 som
448 595 90 20 derefter
551 596 28 25 på
593 595 91 26 begäran
696 595 83 20 undfått
789 596 34 20 del

74 627 24 19 af
110 627 129 26 protokollet
261 627 58 20 öfver
335 634 25 14 en
375 628 36 20 vid
427 629 97 19 ärendets
540 629 115 26 beredning
669 630 56 19 inom
740 629 82 26 Kejser-

74 661 43 26 liga
133 661 92 20 Senaten
241 661 109 20 förefallen
366 662 135 26 omröstning.

141 717 11 19 I
169 717 53 20 1734
245 717 33 20 års
298 717 36 26 lag
353 721 36 16 äro
405 718 12 19 2
433 719 40 19 och
489 719 11 19 3
516 721 22 22 $$
555 718 23 20 af
590 719 11 19 7
619 719 47 26 kap.
683 719 25 19 G.
723 719 30 24 B.,
770 719 52 19 hvil-

74 751 37 19 ket
133 751 38 20 har
193 751 32 19 till
240 751 130 20 öfverskrift:
385 752 69 19 ”Huru
469 752 84 26 lysning
569 752 45 20 skal
630 753 37 19 ske
683 753 23 19 til
721 753 49 26 laga
785 753 38 26 gif-

74 784 85 26 termäl;
180 785 40 19 och
240 791 34 14 om
292 785 66 26 vigsel
374 789 81 22 vägras,
471 786 52 20 eller
538 786 141 26 uppehälles?,
695 787 23 19 af
731 787 92 26 följande

75 818 143 26 ordalydelse:

143 853 24 19 ”2
184 855 16 21 8.
236 853 52 19 Förr
310 855 26 17 än
353 853 66 26 vigsel
434 854 54 25 sker,
504 854 46 19 skal
566 856 31 17 tre
612 855 104 25 söndagar
730 854 57 26 lysas
803 854 23 19 af

74 886 159 19 Predikostolen
254 887 7 18 i
280 886 48 19 then
350 887 128 26 församling,
494 888 46 19 ther
557 888 77 19 bruden
650 890 70 24 tages;
736 889 49 18 utan
801 888 24 19 sä

75 922 28 21 är,
119 921 22 17 at
156 919 85 25 upbrott
256 919 48 20 sker
319 921 56 18 emot
390 920 90 25 fienden,
496 921 51 19 eller
562 928 89 13 mannen
667 921 32 20 för
714 923 64 18 annat
788 921 34 19 Ri-

75 953 46 19 kets
137 953 77 19 ärende
230 953 110 20 utskiekad
357 953 83 26 varder;
457 955 21 18 tä
494 955 33 18 mä
542 955 84 26 lysning
641 955 36 20 ske
693 955 90 19 allenast
797 955 28 25 pä

75 993 25 13 en
124 986 92 26 Söndag,
238 987 52 19 eller
312 987 115 26 Helgedag,
447 988 53 19 doch
515 988 67 25 vigsel
597 989 18 25 ej
632 988 48 26 förr,
696 992 26 16 än
738 989 35 19 tvä
789 989 36 19 da-

75 1026 36 20 gar
134 1020 106 26 therefter,
262 1027 45 13 som
328 1021 8 18 i
357 1021 79 26 Kyrkio
453 1021 121 26 Ordningen
589 1022 72 19 vidare
676 1025 53 23 sägs.
760 1022 65 26 Viger

74 1055 59 19 Prest
148 1054 42 20 förr
206 1057 25 16 än
247 1054 42 26 lyst
304 1057 34 23 är;
353 1055 59 20 miste
428 1055 81 20 embete
525 1055 53 20 sitt”.

143 1088 24 19 ”3
185 1090 16 21 $.
231 1088 34 19 Vil
288 1095 48 19 man
350 1089 34 25 jäf
401 1089 59 26 giöra
476 1091 42 17 mot
534 1089 135 26 ächtenskap,
685 1089 12 20 &
712 1090 45 19 sina
773 1089 50 20 eller

75 1128 75 13 annars
171 1124 91 23 vägnar;
284 1122 56 25 gifve
365 1123 44 19 thet
430 1122 161 26 Kyrkioherden
614 1123 95 19 tilkänna
724 1123 7 19 i
746 1125 77 17 tvänne

75 1158 58 17 mäns
149 1158 99 22 närvaro;
264 1155 62 20 ställe
341 1156 40 19 ock
396 1158 58 17 strax
470 1156 77 26 borgen
563 1156 38 19 hos
616 1156 127 27 Konungens
752 1156 68 19 Befal-

74 1189 166 25 ningshafvande
262 1189 32 19 för
317 1189 28 19 all
368 1189 66 20 skada
456 1190 39 19 och
518 1190 95 24 kostnad,
637 1190 39 19 och
696 1192 48 24 tage
759 1190 64 20 sedan

75 1223 110 25 stemning,
208 1222 23 19 til
254 1224 60 18 nästa
336 1223 120 26 rättegångs
476 1223 56 26 tima,
553 1223 12 20 &
580 1223 56 26 then,
651 1230 44 13 som
708 1223 35 26 jäf
755 1224 68 25 giöres

76 1258 61 18 emot.
167 1256 77 19 Finner
268 1256 99 20 domaren
382 1257 19 26 ej
416 1257 49 26 laga
480 1257 55 20 skiäl
551 1257 82 26 thertil;
648 1257 49 20 böte
712 1258 21 19 tä
749 1257 74 20 käran-

76 1291 40 19 den
132 1290 59 26 tiugu
207 1290 64 24 daler,
288 1291 39 19 och
343 1292 53 18 rätte
412 1297 26 20 up
455 1291 56 20 allan
527 1291 84 20 skada”.

143 1323 57 20 Enär
222 1324 36 19 det
273 1324 94 19 hvarken
382 1325 7 18 i
404 1325 39 19 den
460 1332 73 12 senare
549 1325 23 19 af
585 1325 60 19 dessa
659 1325 121 25 paragrafer
795 1324 28 20 el-

75 1357 31 19 ler
129 1357 136 19 annorstädes
288 1357 66 19 finnes
376 1358 110 24 bestämdt,
509 1358 53 19 huru
584 1358 50 25 läng
649 1358 29 19 tid
695 1358 47 19 med
757 1358 67 26 vigsel

76 1390 37 20 bör
129 1390 66 25 anstä,
216 1390 64 20 sedan
293 1390 34 26 jäf
340 1390 66 20 under
420 1390 152 27 lysningstiden
588 1390 69 21 blifvit
671 1390 100 26 anmäldt,
787 1390 38 20 har

75 1424 58 20 Hans
155 1424 118 26 Kejserliga
295 1424 103 26 Majestät,
421 1425 47 19 med
491 1425 184 26 tillmötesgäende
698 1424 23 20 af
739 1432 25 12 en
781 1424 46 20 utaf

142 1463 137 22 Lagutskottets
292 1464 111 17 betänkande
416 1469 30 12 n:o
458 1465 16 16 1.
