1025 1700
307 128 63 22 Ständ.
384 122 33 39 Sf.
426 138 27 9 .—
474 128 54 28 Prop.
543 127 32 23 Nio
591 128 42 22 14::
789 128 42 22 25

255 197 50 20 mes,
328 190 56 28 efter
398 197 28 15 en
444 190 50 22 häst
509 190 20 28 ej
544 190 42 22 åka
595 191 60 27 flera
670 192 30 20 än
714 198 26 13 en
744 190 106 28 fullväxt

252 231 81 21 person
346 225 68 27 jemte
432 227 29 19 ett
480 225 53 21 barn
549 224 38 22 och
603 225 80 28 bagage
698 225 36 21 till
742 224 50 28 fem
809 225 41 21 lis-.

253 260 74 26 punds
341 260 51 27 vigt.
421 259 47 21 För
483 258 108 28 halftäckt
605 266 56 21 vagn
676 258 30 28 af
717 259 80 21 lättare
812 259 37 21 be-.

256 292 118 28 skaffenhet
388 300 51 14 vare
454 293 95 27 resande,
565 293 29 21 dä
605 293 135 27 persontalet
754 292 39 22 och
808 292 42 22 ba-

255 329 74 26 gagets
344 327 45 28 vigt
400 327 22 28 ej
437 326 144 28 öfverskrider
590 326 57 22 hvad
658 326 41 22 här
710 326 66 27 ofvan
785 327 64 22 stad-

255 363 57 26 gats,
321 360 47 22 icke
373 361 83 28 pligtig
466 363 33 19 att
510 360 95 29 begagna
610 360 59 28 flera
678 362 31 20 än
720 360 34 22 två
762 360 84 28 hästar,

255 402 48 14 men
313 394 43 28 för
369 398 77 26 tyngre
460 394 115 28 halftäckt,
586 394 110 28 äfvensom
700 393 42 29 för
752 394 95 22 heltäckt

257 436 56 22 vagn
328 429 58 27 böra,
402 430 38 21 der
454 428 134 30 gästgifvare
603 429 35 21 det
644 428 100 30 påyrkar
754 432 57 19 samt
820 430 30 21 de

256 463 102 22 resandes
379 464 63 20 antal
464 464 52 20 eller
537 463 100 29 bagagets
660 464 45 27 vigt
718 463 82 22 sådant
814 470 36 15 er-

251 497 105 27 fordrar,
371 500 31 18 tre
416 498 53 20 eller
478 498 59 27 flera
551 498 76 21 hästar
636 499 104 25 spännas.
767 497 36 21 Uti
813 498 35 21 det

257 531 67 28 ofvan
347 531 108 22 bestämda
467 532 134 27 persontalet
615 533 26 19 är
657 531 89 27 tjenare,
762 531 85 22 hvilken

257 566 70 21 såsom
349 565 53 22 kusk
424 564 91 29 åtföljer
537 565 40 22 den
595 565 97 28 resande,
707 572 47 15 men
775 565 20 28 ej
807 566 47 21 den.

257 599 127 28 skjutsande
398 599 132 29 inbegripen.

317 639 45 22 Två
378 639 54 22 barn
442 640 59 27 från
511 639 56 29 fyra
580 639 38 22 till
633 639 46 28 tolf
690 640 37 21 års
737 639 63 22 ålder
809 647 39 14 an-

257 681 32 15 ses
312 674 46 29 lika
375 674 48 21 med
438 681 23 15 en
473 673 100 29 fullväxt
583 680 87 22 person,
686 680 47 15 men
748 676 30 19 ett
793 673 54 22 barn

257 709 70 21 under
337 707 56 30 fyra
409 709 27 20 år
450 711 59 26 tages
524 708 77 21 härvid
617 708 20 28 ej
652 709 9 20 i
676 708 126 28 beräkning.

316 749 48 21 Der
377 749 111 22 särskilda
503 749 201 28 ortsförhållanden
714 749 75 21 dertill
798 748 55 28 för-.

259 783 87 27 anleda,
356 783 74 22 kunna
439 784 86 21 sädana
535 783 62 27 ifrän
603 783 151 28 stadgandena
762 784 8 20 i
779 783 70 21 denna

259 817 15 27 $
295 817 117 27 afvikande
431 817 155 22 bestämmelser
600 816 29 28 af
640 816 126 29 Kejserliga
783 816 71 23 Sena-

259 853 35 19 ten
305 852 32 27 pä
353 851 121 28 ansökning
489 851 114 27 meddelas,
618 858 45 15 som
679 851 61 21 dessa
750 851 103 28 förhäll--

259 885 80 22 landen
354 885 97 28 skäligen
463 885 100 28 päkalla.

524 960 15 27 $
552 961 37 20 22.

316 1005 106 28 Resande,
436 1012 45 15 som
497 1005 108 30 begagnar
624 1006 78 28 skjuts,
717 1013 50 14 vare
782 1007 21 28 ej
818 1006 35 22 be-

259 1040 99 27 rättigad
379 1043 33 18 att
428 1039 145 29 framfärdas
591 1041 48 20 med
657 1042 69 20 större
743 1040 108 29 hastighet

259 1076 30 19 än
311 1080 27 15 en
357 1077 55 18 verst
426 1075 32 27 på
478 1075 37 27 sju
529 1075 99 26 minuter,
644 1075 41 21 den
700 1075 39 26 tid,
753 1081 46 16 som
808 1075 45 28 för

259 1108 131 28 hästombyte
404 1107 120 29 erfordras,
539 1109 47 21 deri
601 1108 44 22 icke
655 1109 146 27 inberäknad;
812 1109 39 22 och

259 1142 64 27 skall,
343 1142 39 21 der
397 1144 35 20 två
441 1142 116 28 fullväxta
567 1149 111 22 personer,
689 1144 67 27 jemte
770 1144 82 28 skjuts-

261 1176 56 28 karl,
331 1176 44 22 åka
389 1176 55 28 efter
458 1184 26 14 en
499 1178 39 20 och
552 1184 83 15 samma
650 1177 56 28 häst,
718 1177 133 29 hastigheten

260 1210 132 22 inskränkas
415 1212 35 20 till
469 1218 25 14 en
511 1214 56 19 verst
577 1212 33 28 på
625 1212 36 20 nio
677 1212 98 21 minuter.
809 1212 45 22 Vid

259 1244 97 28 menföre
371 1245 96 22 minskas
482 1246 70 21 denna
567 1245 108 29 hastighet
689 1246 38 21 och
743 1246 52 22 ökas
810 1247 41 21 den

262 1280 8 20 i
290 1280 9 27 $
313 1280 16 20 7
344 1280 130 20 omnämnda
496 1280 91 21 hvilotid
603 1279 42 28 för
667 1280 109 27 hästarne,
798 1280 55 28 efter

261 1314 110 27 väglagets
393 1313 148 28 beskaffenhet,
559 1314 25 22 så
603 1316 32 19 att
649 1314 121 28 skjutshäst
783 1315 22 27 ej
819 1318 36 18 ut-

263 1346 59 28 öfver
336 1346 58 22 hvad
408 1346 81 29 skäligt
504 1349 26 19 är
545 1348 126 27 anstränges
676 1347 43 27 för
728 1348 41 21 den
779 1354 77 15 resan-.

263 1380 36 22 des
307 1380 186 28 framskaffande.

320 1420 80 29 Bryter
421 1420 90 23 resande
533 1420 104 28 häremot,
656 1421 70 27 plikte
744 1421 59 22 ända
819 1422 38 21 till

257 1454 89 30 Jyratio
362 1454 68 22 mark.
456 1454 131 30 Uppehåller
600 1456 121 28 skjutskarl
736 1456 89 22 resande
840 1456 16 22 &
