1036 1703
306 129 30 20 U.
352 128 33 21 B.
401 139 27 3 —
442 129 86 24 Prop.
543 129 50 21 N:o
608 129 26 23 3,
783 129 26 20 35

169 194 31 22 På
220 195 25 20 de
260 194 24 22 af
296 194 128 29 professoren
439 195 110 22 Ehrström
564 196 112 21 nedanföre
691 196 86 21 anförda
792 196 45 21 skäl

97 232 23 17 är
132 228 36 29 jag
186 229 48 20 med
253 229 77 20 honom
349 236 48 14 ense
413 229 57 21 såväl
485 229 69 22 derom
570 231 30 20 att
615 230 25 21 de
656 229 22 22 af
690 230 102 21 utskottet
807 232 30 19 ut-

97 262 117 22 mönstrade
234 262 127 28 stadganden
376 263 7 20 i
399 263 28 26 88
443 263 12 21 8
471 263 38 21 och
525 264 32 25 15,
574 263 72 21 hvilka
660 263 141 28 uttryckligen
816 262 21 21 åt

97 297 108 20 domarens
227 296 98 28 pröfning
344 296 127 21 öfverlemna
491 297 164 22 bestämmandet
674 302 37 17 när
726 297 111 28 ändringar

96 330 39 21 och
157 329 71 29 tillägg
251 329 35 21 vid
308 329 135 29 aftryckande
465 330 24 21 af
507 331 61 21 skrift
586 331 51 21 eller
652 331 149 22 efterbildande
815 330 24 22 af

96 364 113 21 konstverk
231 364 46 20 icke
300 363 71 21 kunna
389 363 97 22 förändra
504 365 81 21 alstrets
600 365 105 28 egenskap
715 366 34 20 att
763 366 74 26 utgöra

96 406 26 14 en
145 398 95 28 olofligen
262 398 132 22 tillkommen
415 398 96 28 produkt,
532 406 44 14 som
595 400 39 20 ock
648 401 32 20 att
695 400 26 20 19
737 400 31 26 &:s
785 400 51 20 1:sta

95 440 62 13 mom.
180 432 62 21 borde
264 432 119 25 bibehållas,
407 432 127 22 sistnämnda
554 433 117 28 stadgande,
688 433 87 21 emedan
790 432 46 22 vårt

95 466 49 21 land
159 466 53 21 skall
226 466 84 21 komma
324 468 31 20 att
369 466 65 22 sakna
448 466 102 30 skickliga
559 467 121 29 fortografer
693 466 22 22 så
725 467 60 27 länge
795 466 40 21 den

96 508 39 13 ena
149 500 42 22 kan
206 500 76 22 saklöst
297 500 22 22 få
333 500 136 28 reproducera
484 501 38 21 den
538 502 74 21 andres
625 501 66 22 bilder
701 502 38 20 och
749 500 87 22 sålunda

93 534 63 28 draga
176 536 61 26 nytta
256 534 23 22 af
296 534 40 21 den
355 534 71 26 talent,
441 535 101 21 hvarmed
556 535 41 21 den
612 536 62 20 andre
689 534 78 22 förmår
780 534 55 28 välja

93 568 51 22 eller
159 568 91 22 anordna
264 568 114 22 föremålen
393 568 32 22 för
440 568 59 22 dessa
513 569 71 21 bilder.

164 602 78 22 Likaså
257 602 90 22 biträder
360 602 36 29 jag
410 602 129 29 professoren
554 604 121 21 Ehrströms
689 602 146 22 reservation
825 598 15 38 i

92 636 58 28 fråga
164 644 34 13 om
218 637 13 26 $
250 636 28 22 24
292 637 39 21 och
346 637 67 21 skulle
429 636 61 22 äfven
504 637 57 28 gifva
575 637 103 22 företräde
693 637 21 22 åt
728 637 52 21 hans
795 636 39 22 för-

92 670 44 28 slag
149 670 33 22 till
197 670 72 22 rubrik
284 670 32 21 för
330 671 13 21 3
358 671 54 28 kap.,
428 671 66 21 ehuru
503 671 35 28 jag
551 672 53 21 dock
613 672 47 21 icke
670 671 80 22 befarar
760 672 31 19 att
799 670 35 21 nå-

91 712 41 21 gon
151 705 139 28 tvetydlighet
309 703 54 23 skall
377 705 126 28 uppkomma
518 713 34 14 om
567 705 38 22 ock
621 705 40 22 den
675 705 76 28 nådiga
765 712 68 21 prop:s

91 739 80 28 lydelse
186 739 8 21 i
208 739 68 21 denna
292 739 33 21 del
340 739 73 21 varder
427 739 124 22 bibehållen.

515 785 79 21 Robert
609 785 152 28 Montgomery.

160 847 12 21 I
194 847 68 21 denna
280 847 133 25 reservation,
433 847 68 22 såvidt
516 847 40 22 den
571 847 63 28 angår
650 849 12 20 6
678 849 13 25 &
706 848 8 21 i
729 847 104 22 Utskotts-

91 881 147 25 betänkandet,
254 880 82 22 förenar
351 880 31 29 sig

639 921 26 20 A.
686 921 79 20 Wrede.

159 1044 35 21 Då
211 1044 41 28 jag,
273 1044 128 21 beträffande
420 1044 117 22 författares
557 1046 41 19 rätt
617 1046 31 19 att
662 1043 79 28 förfoga
756 1050 34 14 om
805 1042 28 22 öf-

90 1077 129 29 versättning
234 1077 22 21 af
269 1078 32 21 sin
317 1078 61 21 skrift
392 1078 38 21 och
446 1078 108 21 konstnärs
570 1079 41 20 rätt
625 1079 31 20 att
670 1078 114 21 bestämma
799 1084 33 14 om

91 1111 147 28 efterbildning
252 1111 24 21 af
288 1112 36 21 sitt
337 1112 119 25 konstverk,
467 1112 68 28 hyllar
546 1119 26 13 en
583 1111 90 28 mening,
684 1119 44 13 som
739 1110 94 22 väsendt-

90 1146 56 28 ligen
161 1145 81 22 afviker
256 1145 46 21 frän
318 1146 40 21 den
372 1145 23 21 af
407 1146 158 27 Lagutskottets
580 1145 106 28 pluralitet
698 1145 72 20 härom
781 1145 52 20 utta-

90 1180 47 20 lade
160 1179 58 28 äsigt,
241 1180 39 20 och
300 1179 60 21 deraf
376 1179 111 21 föranlätes
507 1181 30 19 att
552 1179 8 21 i
574 1179 68 21 denna
656 1178 128 22 reservation
798 1185 34 13 an-

91 1213 55 22 mäla
160 1213 44 21 min
220 1212 90 22 derifrän
326 1213 111 21 afvikande
452 1213 133 29 uppfattning
600 1212 23 22 af
635 1212 59 22 dessa
706 1211 126 29 jemförelse-

91 1247 32 21 vis
137 1247 79 29 vigtiga
230 1247 128 28 rättigheter,
373 1246 78 22 tilläter
464 1246 35 29 jag
514 1247 43 27 mig
569 1248 31 20 att
610 1246 99 28 derjemte
719 1245 114 28 framlägga

90 1281 45 21 min
150 1281 101 21 särskilda
266 1280 85 28 mening
365 1280 62 22 ocksä
441 1280 8 21 i
464 1280 56 28 fräga
536 1288 32 13 om
584 1280 64 28 nägra
662 1280 64 21 andra
740 1279 57 21 delar
811 1278 24 22 af

91 1315 35 21 det
145 1314 115 28 lagförslag,
280 1322 44 13 som
339 1315 108 21 Utskottet
461 1314 8 21 i
484 1315 36 20 sitt
534 1314 131 21 betänkande
680 1313 97 25 förordar,
793 1312 40 22 för-

90 1348 100 27 bigäende
206 1348 51 20 dock
272 1347 64 28 några
350 1347 80 24 mindre
446 1347 78 27 vigtiga
538 1346 159 27 bestämningar,
712 1346 73 21 hvilka
796 1345 36 28 jag

90 1381 61 21 äfven
167 1381 53 21 hade
236 1381 74 21 önskat
324 1380 22 21 fä
361 1380 130 21 annorlunda
505 1379 104 22 affattade.

158 1415 73 28 Enligt
253 1415 45 21 min
317 1415 64 21 tanke
401 1418 22 18 är
438 1421 26 14 en
479 1413 116 28 väsendtlig
609 1412 104 23 ätskilnad
727 1413 32 21 att
772 1415 60 26 göras

91 1450 89 21 emellan
202 1449 35 22 det
256 1449 23 22 af
296 1457 27 14 en
342 1449 106 22 författare
463 1448 12 23 &
489 1449 53 21 hans
562 1446 142 30 sjelfständiga
719 1445 62 24 skrift
795 1446 38 22 och

158 1489 136 23 Lagutskottets
308 1489 111 18 betänkande
430 1494 31 13 n:o
473 1490 13 17 8.

860 1411 14 30 $
890 1413 18 20 6.

855 1446 14 29 $
883 1447 27 21 15.
