1039 1703
306 128 29 21 U.
352 128 70 21 B:"--
435 114 71 47 Prop.
521 128 46 23 N:o
581 129 30 21 11
781 128 27 20 35

195 189 153 32 Förordning
368 189 128 34 angäende
515 190 231 34 skjutshällningen

299 233 2 2 *
316 230 46 25 och
373 229 228 34 gästgifverierna.

153 281 53 20 Med
227 280 155 29 upphäfvande
401 280 29 28 af
446 281 55 22 hvad
515 282 92 21 rörande
621 281 146 29 gästgifveri-,
783 281 52 21 häll-

84 314 36 21 och
139 315 217 28 reservskjutsningen
372 319 54 21 samt
438 323 38 17 om
489 316 181 29 gästgifverierna
681 315 154 28 föreskrifvits

83 348 76 24 uti.28
176 350 47 28 kap.
240 349 28 21 B.
286 350 36 24 B.,
342 349 253 30 gästgifvareordningen
617 350 29 27 af
665 350 64 25 1734,
748 350 86 26 förkla-

83 384 75 27 ringen
173 379 30 38 af
218 384 36 23 den
272 384 26 22 11
319 384 116 22 December
457 385 58 21 1766
537 385 37 21 och
597 386 78 27 nädiga
697 385 136 28 kungörelsen

82 418 39 20 den
138 418 14 21 3
166 418 96 22 Januari
276 418 64 26 1872,
356 420 49 20 med
413 419 54 29 flere
484 420 98 21 utkomna
593 420 80 28 påbud,
689 419 68 21 sävidt
773 420 24 19 de
812 419 22 26 ej

81 459 75 21 genom
178 453 69 21 denna
264 452 138 30 författning
418 453 112 29 förnyats,
553 454 79 20 varder
649 452 43 28 för
711 453 122 27 framtiden

83 488 99 27 stadgadt
195 488 31 27 pä
242 490 41 18 sätt
298 495 44 13 som
354 486 82 29 följer:

435 528 47 27 81.

151 561 145 29 Skyldigheten
316 566 30 17 att
365 565 75 25 utgöra
454 562 111 28 hällskjuts
581 562 37 22 och
634 561 124 22 underhålla
772 564 59 26 gäst-

79 596 81 28 gifveri
174 597 35 27 :pä
228 596 70 22 landet
312 596 81 29 åligger
408 596 42 22 tills
466 597 72 21 vidare
552 596 30 21 all
597 597 9 20 i
619 596 80 22 mantal
715 599 40 18 satt
766 596 62 26 jord,

81 639 45 13 som
146 631 42 21 icke
208 638 76 21 genom
304 631 108 29 grundlag.
431 630 51 22 eller
501 633 70 20 andra
590 630 137 28 öfverhetliga
742 631 89 28 stadgar

81 668 26 17 är
130 665 100 27 derifrän
253 665 98 26 befriad;
373 665 37 22 och
432 666 92 28 deltager
542 667 68 19 denna
622 666 56 27 jord
692 666 31 20 uti
738 666 93 19 nämnda

81 699 74 21 besvär
176 699 56 27 efter
254 700 46 20 dess
319 707 74 21 genom
412 700 152 29 uppskatining
579 699 49 22 eller
639 699 133 28 förmedling
788 698 42 21 till-

80 733 83 22 komma
179 741 41 20 nya
234 733 86 22 mantal.

103 779 2 3 .
434 761 48 28 82.

149 795 73 29 (Mom.
240 797 28 26 1.)
299 796 81 27 Skjuts-
394 796 37 22 och
442 796 249 29 gästgifverihällningen
703 796 38 21 bör
749 795 80 22 hädan-

79 831 56 27 efter
153 830 156 28 företrädesvis
331 838 74 21 genom
427 831 141 28 entreprenad
587 830 129 25 verkställas,
732 830 37 21 och
787 830 40 20 kan

79 866 68 21 sådan
163 865 85 28 införas
264 867 97 27 antingen
376 866 14 20 å
405 866 98 27 samtliga
518 865 151 29 gästgifverier
680 865 58 21 inom
747 863 79 28 skjuts-

79 900 53 28 laget
152 899 48 23 eller
216 901 36 20 ock
268 901 12 19 å
296 904 26 17 ett
336 901 48 20 eller
394 899 58 30 flera
468 901 29 26 af
508 901 52 20 dem.
593 900 12 20 I
615 899 62 28 följd
692 899 71 27 häraf
775 898 53 21 skall

78 935 90 20 nämnde
191 935 79 24 besvär,
292 935 9 19 i
322 935 38 20 den
383 935 92 28 ordning
494 936 16 25 $
526 935 13 20 5
555 937 69 25 säger,
641 933 100 27 utbjudas
757 934 21 19 åt
793 940 34 13 en-

79 968 69 24 skilda
169 976 103 20 personer
290 968 49 21 eller
359 968 66 27 bolag,
441 976 45 14 som
502 969 29 21 af
543 968 84 29 behörig
639 975 80 22 person
731 967 96 28 företrä-

79 1004 42 23 des,
142 1003 35 20 vid
192 1003 93 27 offentlig
302 1003 84 20 auktion
402 1003 36 21 och
454 1007 52 16 emot
519 1002 139 28 fullgörande
673 1001 29 28 af
714 1002 24 21 de
753 1001 74 24 vilkor,

78 1044 46 14 som
136 1036 41 25 vid,
183 1037 110 20 auktionen
308 1038 9 19 i
327 1036 87 28 enlighet
426 1037 47 20 med
480 1038 67 19 denna
551 1036 137 28 författning
697 1036 131 20 bestämmas.

147 1070 72 27 (Mom.
236 1071 29 27 2.)
296 1070 53 21 Lika
364 1070 47 21 med
426 1077 62 14 mom.
505 1071 12 20 2
533 1070 7 21 i
555 1070 11 27 8
582 1071 14 20 4
611 1069 23 22 af
647 1070 7 20 i
666 1069 160 27 propositionen

78 1104 48 21 med
142 1103 74 28 tillägg
230 1104 8 21 i
253 1104 75 21 slutet:
345 1104 73 22 hvilket
436 1105 37 21 bör
489 1105 33 21 ske
537 1105 124 20 åtminstone
677 1104 57 21 inom
749 1104 36 20 två
801 1106 28 18 år

79 1138 100 28 derefter.
194 1154 2 2 :
376 1150 2 3 :

147 1172 73 28 (Mom.
237 1173 29 27 3.)
296 1172 55 22 Lika
364 1173 47 21 med
428 1180 61 14 mom.
506 1174 12 20 3
533 1173 8 20 i
556 1173 11 27 $
582 1174 14 20 4
611 1172 24 22 af
647 1172 167 28 propositionen.

85 1248 4 8 au
130 1249 2 10 så
160 1242 40 15 mm
432 1230 11 26 8
460 1230 19 20 3.

102 1282 3 3 -
125 1259 14 37 .
148 1263 56 22 Lika
218 1263 49 29 med
282 1264 12 27 $
310 1264 12 20 5
338 1263 24 22 af
374 1264 166 27 propositionen.

147 1353 42 21 För
212 1352 64 28 öfrigt
298 1352 44 22 lika
363 1352 47 22 med
430 1353 11 27 &
457 1354 13 20 6
484 1353 8 21 i
506 1353 167 26 propositionen,
689 1352 76 21 endast
780 1354 47 20 med

78 1387 41 21 den
141 1386 24 22 af
171 1387 88 21 tvenn&
276 1386 134 29 paragrafers
426 1387 132 27 uteslutning
572 1385 127 23 föranledda
715 1386 90 28 ändring
820 1387 7 20 i

78 1420 181 28 hänvisningarna
272 1421 34 21 till
320 1420 68 23 andra
402 1421 28 28 $$
446 1421 7 21 i
468 1421 159 28 förordningen.

148 1464 137 20 Sammansatta
294 1465 58 25 'Lag-
366 1465 30 19 och
410 1463 183 22 Ekonommiutskottets
605 1467 113 18 betänkande
731 1466 36 18 N:o
781 1466 18 18 4.
