1042 1706
201 132 42 35 6
388 145 67 23 Ständ.
470 146 32 21 Sv.
518 158 23 4 —
559 146 55 28 Prop.
628 146 34 21 N:o
675 146 34 20 20.

240 208 34 21 Då
297 207 118 22 Ständerna
434 207 69 22 funnit
522 208 32 26 sig
571 207 118 22 föranlätna
703 210 34 19 att
750 208 94 21 utesluta
859 207 24 29 8$
899 208 28 21 30

171 240 42 25 och
235 242 25 21 31
277 240 8 22 i
300 241 41 21 den
360 241 76 27 nådiga
454 241 165 28 propositionen,
637 241 85 21 komma
737 242 42 21 alla
793 242 26 20 de
835 240 92 23 efterföl-

168 274 66 29 jande
254 274 152 28 paragraferna
428 275 31 21 uti
480 274 159 28 ifrågavarande
661 274 214 28 författningsförslag
895 276 32 20 att

171 308 82 23 erhålla
274 308 115 22 förändrad
408 309 200 28 ordningsnummer,
628 309 80 22 hvilket
725 309 78 27 jemväl
820 308 107 23 föranledt

172 343 150 22 motsvarande
342 343 112 27 ändringar
468 343 24 23 af
504 343 26 22 de
544 344 9 20 i
567 343 106 27 åtskilliga
688 343 122 28 paragrafer
823 343 104 28 ingående

172 377 180 28 hänvisningarna
365 378 33 21 till
413 378 66 22 andra
494 378 85 23 sådana.

241 412 51 22 Med
302 411 96 23 afseende
408 412 13 21 å
432 412 35 22 det
477 412 107 22 ofvanföre
594 411 88 23 anförda
691 411 22 23 få
723 412 119 22 Ständerna
851 411 78 22 under-

171 445 86 28 dånigst
271 446 85 22 anmäla
917 463 2 3 4

413 483 33 18 att
461 481 124 21 Ständerna
599 481 87 28 antagit
699 481 36 21 det
749 481 30 26 af
790 480 70 21 Eders
873 481 54 23 Kei-

346 515 81 27 serliga
442 515 105 28 Majestät
562 515 35 21 till
612 515 47 20 dem
674 515 159 27 öfverlemnade
837 514 91 28 förslag

347 549 35 20 till
390 549 138 28 förordning
543 556 33 14 om
591 549 114 21 allmänna
715 549 162 28 fattigvården,
888 549 40 21 lik-

346 583 36 20 väl
396 583 48 20 med
457 584 72 27 nägra
543 583 124 28 ändringar
681 583 54 26 deri,
750 583 9 20 i
768 583 65 28 följd
848 582 83 28 hvaraf

346 617 71 21 denna
426 617 141 28 författning
581 617 81 22 komme
677 620 32 19 att
728 617 85 21 erhälla
823 616 106 29 följande

347 651 89 28 lydelse:

242 749 154 31 Förordning,
414 749 119 32 angående
551 749 112 24 allmänna
681 749 151 33 fattigvården
852 752 5 22 i

374 783 229 26 Storfurstendömet
621 785 100 23 Finland.

516 846 43 17 Art.
571 845 15 18 I.

369 885 136 22 Allmänna
519 885 201 22 bestämmelser.

494 922 34 23 $$
546 919 64 22 1—6.

479 965 150 22 Oförändrade.

511 1024 43 17 Art.
567 1024 25 17 IL

376 1063 45 22 Om
436 1063 293 28 fattigvärdssamhälle.

498 1100 34 24 $$
551 1097 61 22 7-9.

478 1143 151 22 Oförändrade.

524 1191 17 23 $
557 1189 36 21 10.

418 1233 63 23 Mom.
497 1235 56 20 1—3
569 1233 146 22 oförändrade.

418 1267 63 21 Mom.
505 1269 19 20 4.
555 1267 94 27 Förslag
664 1274 32 14 om
712 1267 221 27 distriktsfördelnin-

348 1308 52 21 gens
422 1301 155 27 upphäfvande
594 1300 93 28 pröfvas
709 1301 65 28 äfven
789 1302 36 21 vid
839 1302 94 21 kommu-

350 1335 131 21 nalstämma
503 1335 38 21 och
563 1336 36 20 mä
621 1336 21 27 ej
663 1336 39 20 der
716 1339 108 25 upptagas
833 1335 56 28 förr
903 1339 29 18 än

352 1370 69 21 under
430 1369 70 28 femte
514 1371 52 22 året,
581 1370 67 21 sedan
657 1369 158 30 fördelningen
832 1371 78 21 trädde
925 1371 8 21 i

349 1404 171 28 verkställighet;
536 1411 47 15 men
598 1405 9 20 i
622 1404 69 28 öfrigt
705 1405 58 28 gälle
777 1407 70 20 säsom
863 1406 70 21 vilkor

344 1439 44 28 för
408 1439 164 28 upphäfvandet
591 1439 56 22 hvad
669 1440 9 20 i
700 1447 61 14 mom.
785 1442 11 19 1
814 1441 38 21 och
867 1442 16 19 2
899 1447 34 15 om

350 1473 116 27 införande
481 1474 29 27 af
521 1474 225 28 distriktsfördelning
760 1475 65 27 sagdt
839 1477 32 19 är.
897 1475 36 21 Ut-
