1045 1703
245 118 13 19 4
453 116 22 23 U.
492 115 22 23 B.
530 126 23 4 —
571 114 64 28 Prop.
652 114 38 23 N:o
706 114 22 23 9.

215 178 67 21 hellre
304 178 54 21 böra
379 177 108 26 tillstyrka
508 176 155 28 godkännande
679 176 22 21 af
715 177 58 20 detta
788 177 100 24 moment,
903 176 60 21 hvari

215 219 71 14 annan
300 212 90 28 ändring
406 212 18 27 ej
440 213 25 20 är
479 211 126 28 föreslagen,
621 218 46 14 som
678 210 218 22 öfverensstämmelse
906 210 8 20 i
924 210 39 21 Le-

216 246 129 29 gostadgans
370 246 105 22 särskilda
498 245 158 29 bestämningar
678 245 123 28 derigenom
823 244 42 22 kan
890 244 74 22 vinnas

213 282 66 27 jemte
294 281 36 21 det
345 281 62 21 äfven
422 288 27 14 en
463 280 134 28 tillämpning
613 280 22 22 af
649 280 157 22 Jordabalkens
821 279 143 29 nyssnämnda

215 315 122 23 föräldrade
351 315 135 28 bestämning
501 315 107 22 undvikes.

282 351 43 21 För
347 351 41 21 den
410 350 101 22 händelse
533 352 32 19 att
586 349 126 22 husbonden
735 349 18 28 ej
776 349 35 22 vill
827 348 85 23 behälla
927 349 37 22 sitt

214 386 74 28 rymda
302 385 129 28 tjenstehjon
453 387 25 20 är
499 385 8 21 i
525 386 12 21 2
554 391 61 16 mom.
632 385 23 21 af
674 385 40 22 den
729 392 42 21 nya
785 385 109 28 lagtexten
908 384 56 22 före-

216 421 74 28 slaget,
306 422 32 20 att
351 421 41 21 den
414 421 8 21 i
436 421 160 28 Legostadgans
611 427 29 14 nu
656 420 98 28 gällande
770 421 27 21 53
813 420 11 28 $
839 420 34 21 för
889 419 75 22 sådant

214 455 39 22 fall
275 455 112 22 bestämda
409 454 88 29 påföljd,
520 462 46 15 som
580 454 73 22 består
668 455 52 23 deri,
743 457 32 19 att
788 455 122 27 legohjonet
924 455 40 21 bör

215 489 103 29 återgifva
333 489 164 29 städjopenning
512 490 40 21 och
566 489 55 22 hvad
637 489 37 22 det
688 490 22 21 af
718 489 65 22 lönen
793 489 108 28 uppburit,
916 489 48 21 icke

216 524 55 22 skall
286 524 138 28 ovilkorligen
439 524 91 26 inträda,
545 525 51 21 utan
609 525 65 27 jemte
685 524 147 28 skyldigheten
843 525 32 20 att
884 524 81 28 utgifva

216 558 129 23 skadeständ
359 566 51 14 vara
424 558 107 23 beroende
547 558 24 22 af
581 558 137 22 husbondens
734 559 88 25 önskan,
841 558 20 22 d.
876 566 18 14 v.
910 565 16 14 s.
943 558 23 21 af

215 594 53 21 hans
284 593 34 22 vid
333 594 92 21 domstol
440 593 85 22 utförda
534 594 59 21 talan
608 594 78 21 derom.
717 593 33 22 Dä
761 594 70 20 denna
841 593 124 27 förändring

215 628 39 22 har
269 628 49 21 stöd
332 628 31 21 uti
379 628 41 22 den
436 628 161 28 omständighet,
614 629 32 20 att
662 628 190 28 städjopenningen
869 627 39 21 och
924 627 40 21 den

214 663 114 28 uppburna
349 662 65 22 lönen
435 662 61 22 skola
517 662 111 22 äterbäras
650 662 33 21 till
701 662 131 26 husbonden,
849 662 40 21 och
904 662 62 21 deraf

214 697 64 28 följer
299 698 32 20 att
353 697 68 21 denne
444 703 81 20 senare,
548 704 46 15 som
616 697 42 21 kan
673 696 129 22 äterskänka
818 697 108 21 desamma
941 695 23 22 ät

216 731 156 29 tjenstehjonet,
396 731 83 22 derföre
502 731 62 22 äfven
578 731 40 22 bör
632 731 22 22 fä
669 731 119 22 bestämma
803 739 34 14 om
852 731 59 21 talan
926 737 37 14 an-

216 765 80 29 gående
312 766 69 22 denna
396 765 81 29 påföljd
487 766 56 21 skall
553 765 108 26 anställas,
673 766 51 21 eller
734 766 53 25 icke,
804 765 24 22 sä
839 772 61 15 anser
910 765 54 28 Lag-

215 800 104 23 utskottet
333 801 33 27 sig
381 800 54 22 böra
446 800 105 29 tillstyrka
561 800 60 22 bifall
632 801 61 21 äfven
705 801 33 21 till
748 801 69 20 denna
832 800 130 27 förändring.

284 835 48 22 Men
347 835 8 21 i
371 837 12 19 2
398 842 63 14 mom.
478 835 22 22 af
514 835 40 22 den
565 842 41 21 nya
616 835 109 28 lagtexten
736 837 23 19 är
771 835 61 21 äfven
841 835 122 27 föreslaget,

216 871 32 20 att
263 869 36 22 det
313 870 8 21 i
337 869 160 29 Legostadgans
512 877 30 14 nu
557 870 99 28 gällande
671 870 26 21 53
706 871 9 26 &
726 870 33 21 för
770 877 81 14 samma
861 869 102 22 händelse

217 904 120 21 derutöfver
359 904 100 28 stadgade
478 904 63 21 straff
557 905 24 20 af
593 904 69 25 böter,
677 904 72 21 hvilka
764 904 53 21 efter
833 903 130 22 domstolens

216 939 100 28 pröfning
331 937 22 23 få
368 939 129 21 bestämmas
513 939 33 21 till
560 939 63 27 högst
638 939 36 21 det
689 938 85 28 belopp,
790 945 46 15 som
846 941 118 18 motsvarar

216 973 82 22 hälften
317 973 24 20 af
359 973 41 22 den
415 973 81 22 utfästa
511 973 69 26 lönen,
596 973 55 21 skall
667 973 47 21 icke
730 973 91 21 allenast
837 973 78 21 ändras
930 973 33 20 till

218 1008 48 25 ndet
281 1014 82 18 ansvar,
379 1014 45 14 som
440 1008 33 20 för
487 1008 125 21 lösdrifvare
627 1009 68 19 utsatt
710 1008 45 24 är*,
770 1009 52 19 utan
837 1007 61 21 äfven
912 1007 51 20 ovil-

216 1041 96 28 korligen
331 1040 88 23 ädömas
435 1041 150 28 tjenstehjonet
600 1041 21 21 af
636 1042 132 27 guvernören
782 1041 8 20 i
804 1041 64 26 länet,
883 1040 80 22 hvilket

216 1077 48 20 med
280 1076 66 21 andra
361 1076 39 21 ord
415 1076 36 21 vill
466 1077 57 26 säga,
533 1077 32 20 att
575 1075 36 22 det
618 1075 55 22 ifrån
681 1077 93 26 tjensten
782 1076 85 21 afvikna
877 1076 86 27 tjenste-

216 1111 73 27 hjonet
303 1111 8 20 i
326 1109 77 23 sädant
418 1110 38 21 fall
471 1111 55 21 skall
541 1117 62 14 anses
618 1117 50 14 vara
684 1117 26 14 en
720 1110 126 21 lösdrifvare
857 1110 40 21 och
908 1117 55 14 ome-

218 1145 83 22 delbart
317 1145 73 21 dömas
407 1145 32 21 till
455 1145 88 22 allmänt
558 1145 80 21 arbete.

284 1179 74 22 Redan
381 1179 69 21 denna
469 1179 157 28 omständighet
645 1179 67 28 gifver
726 1178 149 28 Lagutskottet
891 1178 72 22 anled-

216 1214 52 28 ning
289 1215 32 20 att
339 1214 109 25 anmärka,
464 1215 31 20 att
510 1221 26 14 en
551 1214 92 27 tjenares
658 1214 97 27 rymning
769 1221 26 13 ur
809 1213 92 27 tjensten
915 1213 48 21 icke

218 1248 70 21 allena
308 1249 34 20 för
364 1247 32 27 sig
418 1247 67 21 borde
503 1247 73 22 kunna
594 1248 92 27 stämpla
701 1248 78 21 honom
794 1247 71 21 säsom
881 1255 26 13 en
921 1248 42 20 lös-

218 1281 97 22 drifvare.
345 1281 43 21 När
407 1281 118 22 Ständerna
543 1281 34 22 vid
593 1281 69 22 denna
676 1282 103 27 landtdag
795 1282 48 21 med
859 1281 55 22 vissa
927 1283 36 19 än-

218 1317 86 28 dringar
327 1318 78 27 antogo
425 1316 41 21 den
481 1315 78 30 nädiga
574 1316 161 29 propositionen
750 1316 39 22 N:o
805 1317 32 25 13,
854 1315 109 29 angäende

217 1351 125 23 lösdrifvare
365 1351 41 22 och
430 1351 62 21 deras
509 1351 136 29 behandling,
665 1351 61 29 gäfvo
744 1351 121 22 Ständerna
883 1351 33 22 för
931 1351 33 21 sin

218 1388 34 21 del
274 1386 22 22 ät
318 1386 26 22 de
362 1386 35 22 tvä
413 1386 68 22 första
499 1386 153 30 paragraferna
670 1387 8 21 i
696 1386 138 30 lagförslaget
849 1386 73 23 derom
937 1394 27 14 en

218 1422 66 22 sådan
299 1422 85 29 lydelse,
401 1428 46 15 som
461 1422 90 21 innebär
566 1424 31 20 att
614 1422 147 26 ,lösdrifvare”
779 1423 23 21 är
817 1422 91 23 allenast
916 1422 47 28 den,

286 1465 126 20 Lagutskottets
425 1464 105 18 betänkande
542 1465 36 17 N:o
592 1463 26 18 16,
