1034 1703
248 137 26 19 10
529 136 53 22 N:o
599 135 56 23 20.

215 202 80 28 jemväl
311 202 62 27 eljest
388 202 68 22 skaffa
471 203 33 27 sig
517 204 130 26 upplysning
657 210 35 14 om
701 204 130 21 nödlidande
841 204 58 21 inom
908 204 60 22 kom-

216 243 79 15 munen
315 237 39 21 och
372 237 104 21 särskildt
493 243 34 16 om
547 238 58 25 barn,
625 243 45 16 som
686 238 7 20 i
708 238 97 21 hemmen
823 238 48 22 icke
887 238 81 22 erhälla

217 271 90 27 behörig
329 270 59 27 vård,
412 273 56 19 samt
485 272 86 26 vidtage
586 272 7 20 i
609 272 115 26 anledning
742 271 63 22 deraf
818 272 26 22 de
859 272 108 27 åtgärder,

218 305 87 21 hvartill
321 305 212 27 omständigheterna
547 306 117 21 föranleda.

563 357 11 27 8
591 358 32 20 14.

290 392 18 20 1.
338 385 18 27 A
372 391 235 28 fattigvärdsstyrelsen
630 391 124 22 ankommer
776 394 33 19 att
831 392 76 27 pröfva
929 392 39 22 och

217 425 125 26 bestämma,
358 425 106 22 huruvida
480 426 39 21 och
534 426 28 27 pä
577 425 55 22 hvad
648 427 43 20 sätt
706 426 117 27 fattigvård
837 427 36 20 mä
886 427 81 20 lemnas

217 460 46 26 den,
279 460 34 21 för
328 459 86 22 hvilken
434 460 119 27 ansökning
571 460 73 21 derom
659 462 24 19 är
698 461 68 26 gjord.
797 460 78 21 Finnes
891 461 76 21 sökan-

216 494 41 21 den
280 494 67 27 enligt
362 494 11 27 $
389 495 12 20 2
417 500 51 15 vara
491 495 72 20 dertill
586 495 128 26 berättigad,
734 501 48 14 men
801 495 87 21 tillhöra
903 497 65 19 annat

216 528 239 26 fattigvärdssamhälle,
479 529 65 26 drage
567 528 236 27 fattigvärdsstyrelsen
825 529 86 26 försorg
933 535 34 15 om

217 562 121 21 sökandens
354 562 133 26 nödtorftiga
501 562 113 21 underhåll
629 562 56 21 intill
701 562 50 22 dess
767 563 136 21 sistnämnda
913 569 55 15 sam-

215 596 58 21 hälle
288 602 34 16 om
337 596 78 21 honom
431 598 61 25 tager
507 597 63 21 hand.

288 632 18 20 2.
337 631 64 26 Barn,
422 631 22 21 åt
458 631 83 21 hvilket
555 632 118 26 fattigvård
688 632 97 26 beviljas,
801 632 65 21 varde
882 632 19 27 ej
917 632 51 21 alle-

216 668 48 18 nast
286 666 84 21 försedt
391 666 49 21 med
461 666 114 26 uppehälle
598 666 39 21 och
653 666 71 27 stadig
739 666 83 27 bostad,
838 668 52 19 utan
906 666 62 21 äfven

216 700 113 26 kristligen
345 699 139 27 uppfostradt
499 700 39 21 och
553 699 145 22 undervisadt.

561 771 3 6 8
592 752 32 20 15.

287 785 230 26 Fattigvärdsstyrelse
533 785 82 26 äligger
629 785 83 21 vidare:

288 820 32 20 att
334 819 58 21 hälla
410 819 135 26 förteckning
561 819 59 22 öfver
636 819 26 21 de
676 825 109 21 personer,
801 819 73 22 hvilka
885 820 84 27 ätnjuta

216 853 126 27 fattigvärd;

288 889 33 20 att
338 887 64 22 hafva
420 887 73 28 tillsyn
508 888 60 21 öfver
583 888 64 21 dessa
661 893 104 21 personer
780 890 56 19 samt
851 888 54 21 vaka
921 888 47 21 der-

218 921 64 26 öfver,
306 923 32 20 att
360 922 103 27 beviljadt
486 922 118 21 understöd
626 922 116 27 behörigen
758 923 107 20 användes
882 923 39 20 och
937 924 32 20 att

216 957 33 25 de,
266 962 45 15 som
327 956 23 21 af
364 957 104 26 styrelsen
485 957 113 26 emottagit
613 956 53 21 barn
681 957 52 20 eller
749 957 67 20 andra
831 957 34 21 till
879 957 89 26 försörj-

216 991 57 25 ning,
296 990 94 26 fullgöra
405 991 47 19 sina
467 991 153 26 skyldigheter,
635 992 34 19 för
683 990 82 21 hvilket
781 991 99 21 ändamäl
895 991 73 26 fattig-

216 1024 179 21 värdssamhället
409 1024 94 21 fördelas
514 1025 7 20 i
532 1024 231 27 tillsyningsomräden,
779 1025 72 20 hvilka
861 1025 63 21 hvart
934 1024 34 21 för

216 1059 33 26 sig
264 1059 34 21 stä
313 1059 68 20 under
395 1060 109 19 närmaste
519 1059 89 26 uppsigt
623 1059 22 20 af
659 1065 26 14 en
700 1059 178 26 tillsyningsman,
889 1059 79 21 utsedd

216 1093 154 21 företrädesvis
385 1093 65 21 bland
466 1093 248 26 fattigvärdsstyrelsens
729 1093 128 25 ledamöter;

287 1129 33 19 att
343 1127 59 21 öfver
424 1127 84 26 tiggare
527 1127 39 20 och
582 1127 182 26 kringstrykande
778 1126 64 22 hafva
857 1133 111 20 noggrann

215 1162 89 27 uppsigt
320 1163 55 20 samt
389 1162 48 20 med
453 1161 48 22 dem
514 1162 82 21 förfara
605 1161 28 28 pä
647 1163 44 20 sätt
701 1162 7 20 i
719 1162 92 21 artikeln
826 1162 31 21 VI
867 1162 23 21 af
900 1162 69 21 denna

214 1196 129 27 författning
358 1196 39 21 och
412 1196 153 27 förordningen
581 1196 110 27 angäende
706 1195 129 22 lösdrifvare
850 1197 39 20 och
905 1197 63 20 deras

214 1230 130 26 behandling
362 1231 98 26 stadgas;

286 1265 32 20 att
337 1263 74 27 hvarje
430 1263 23 21 är
469 1265 103 25 upprätta
586 1263 87 27 utgifts-
688 1263 39 21 och
742 1263 177 27 inkomstförslag
934 1263 34 22 för

215 1297 36 21 det
269 1297 144 27 nästföljande
432 1297 53 26 året,
501 1297 48 22 föra
563 1298 92 26 räkning
670 1297 59 22 öfver
744 1298 76 26 medel,
835 1297 74 22 hvilka
924 1300 44 25 sty-

214 1332 71 21 relsen
300 1331 40 22 har
355 1331 122 27 omhänder,
489 1334 56 19 samt
555 1332 34 21 för
599 1332 288 27 fattigvårdsförvaltningen
898 1333 70 21 lemna

214 1366 148 27 redovisning;

286 1402 33 20 att
337 1401 99 21 meddela
455 1400 139 22 Guvernören
609 1401 6 21 i
632 1401 59 21 länet
705 1401 44 21 alla
764 1402 27 20 de
805 1402 163 27 upplysningar,

214 1436 43 21 han
273 1442 34 15 om
322 1435 145 27 fattigvården
482 1436 43 21 kan
541 1436 62 26 äska;

287 1471 33 20 att
334 1470 110 27 angående
459 1470 146 27 fattigvården
621 1469 80 27 afgifva
714 1470 122 22 statistiska
846 1470 123 27 redogörel-
