1034 1703
217 147 27 18 42

393 147 31 20 U.
441 147 33 19 B.
490 157 27 3 —
535 147 84 23 Prop.
635 146 49 20 N:o
701 146 26 19 3.

568 214 15 26 $
599 215 32 18 16.

324 253 166 28 Efterbildning
510 253 30 27 af
553 252 114 21 konstverk
681 259 51 14 vare
747 253 20 27 ej
783 252 60 27 loflig
859 252 81 27 derige-

258 295 54 18 nom,
335 290 33 18 att
386 287 38 21 den
444 287 84 28 utföres
544 288 9 19 i
567 294 74 14 annan
661 287 80 20 storlek
760 289 28 18 än
805 287 135 27 originalets,

258 323 52 20 eller
328 324 33 18 att
381 321 75 20 dertill
475 321 108 21 användes
599 321 102 20 material
716 321 30 27 af
758 323 68 18 annat
841 321 54 27 slag,
912 322 28 20 el-

258 356 32 20 ler
305 358 33 18 att
352 356 8 20 i
375 356 123 20 densamma
514 356 96 26 vidtages
626 355 134 27 oväsendtlig
776 355 96 27 ändring
887 355 53 21 eller

258 390 139 26 uteslutning,
416 390 52 20 eller
483 392 33 18 att
531 389 74 21 dertill
618 391 63 21 göres
696 389 142 27 oväsendtligt
853 389 86 28 tillägg.

258 424 40 20 Att
320 423 116 27 efterbilda
455 424 49 20 verk
523 423 28 27 af
563 423 116 21 tecknande
695 424 52 19 eller
761 423 101 21 målande
877 423 63 21 konst

258 465 74 20 genom
344 458 96 26 plastisk
456 458 68 24 konst,
541 458 51 20 eller
609 459 57 19 tvärt
681 464 39 18 om,
731 464 50 14 vare
792 453 23 36 ej
817 457 121 27 förbjudet.

569 508 15 27 8
599 509 35 20 17.

327 549 56 22 Lika
397 549 48 21 med
462 549 25 21 19
504 550 12 25 &
532 549 8 20 i
554 549 161 28 propositionen.

570 601 15 25 $
599 602 35 19 18.

330 641 74 20 Säsom
420 641 63 26 olaga
499 640 156 27 efterbildning
669 647 62 13 anses
747 640 57 20 icke:

328 675 24 26 1)
368 674 153 27 efterbildning
542 674 30 26 af
585 674 118 25 konstverk,
719 681 44 13 som
780 675 76 19 tillhör
871 677 70 18 staten

260 709 52 20 eller
326 709 84 20 allmän
425 708 100 26 samling,
543 708 51 20 eller
609 710 27 18 är
651 708 92 20 utstäldt
750 708 32 26 pä
793 710 67 24 öppen
869 708 72 26 plats;

329 743 26 26 2)
370 741 122 21 konstverks
515 740 131 27 afbildande
667 742 6 19 i
693 741 156 27 vetenskapligt
871 742 71 20 arbete

261 776 52 20 eller
329 776 99 24 lärobok;

329 812 24 24 3)
368 809 123 21 konstverks
512 809 154 27 ejterbildning
685 808 29 27 af
725 809 42 20 elev
777 808 42 28 för
835 810 47 20 dess
897 812 46 18 stu-

262 845 52 25 dier,
338 844 51 20 eller
408 842 29 28 af
451 850 74 13 annan
539 842 41 28 för
598 843 110 25 ändamål,
729 850 44 14 som
789 844 20 27 ej
824 844 59 26 afser
898 844 45 20 vin-

262 880 60 25 ning.

572 923 15 27 $
601 924 35 20 24.

329 964 46 26 Äro
384 969 57 27 flere
457 969 108 27 delaktige
580 969 8 20 i
599 968 140 27 förbrytelse,
756 969 85 20 hvarom
853 970 9 19 i
871 970 72 20 denna

258 1004 136 26 förordning
408 1003 96 27 stadgas,
519 1003 57 20 skall
592 1010 25 12 en
633 1002 54 20 hvar
703 1010 61 13 anses
780 1002 55 27 efter
850 1003 23 20 de
881 1003 63 26 före-

262 1037 97 27 skrifter,
380 1043 45 14 som
448 1037 112 26 angående
579 1036 131 27 delaktighet
730 1037 9 20 i
754 1036 57 21 brott
825 1037 9 20 i
849 1037 95 21 allmän-

263 1072 35 20 het
312 1071 69 27 gälla.

331 1104 50 21 Har
405 1105 71 26 någon
502 1104 137 27 bedrägligen
663 1104 111 23 föranledt
797 1111 81 20 annan,
900 1112 44 14 som

262 1138 57 28 sjelf
337 1138 39 21 bör
388 1137 42 27 för
448 1138 71 21 saklös
539 1138 78 24 hållas,
635 1139 33 20 till
683 1139 80 20 sådant
777 1139 91 26 intrång
883 1139 8 21 i
906 1146 37 14 an-

264 1180 55 14 nans
341 1174 51 21 rätt,
411 1172 41 27 för
472 1172 80 21 hvilket
571 1172 67 27 straf
651 1174 26 19 är
691 1173 9 19 i
715 1173 59 20 detta
789 1172 82 28 kapitel
885 1174 60 21 stad-

263 1207 60 27 gadt,
340 1206 57 21 skall
413 1206 134 28 bedragaren
563 1213 62 14 anses
641 1207 70 20 såsom
726 1207 55 20 hade
795 1207 44 20 han
849 1208 57 27 sjelf
912 1210 33 18 ut-

258 1243 51 24 Jört
329 1241 40 19 den
389 1240 121 26 straffbara
531 1240 139 26 handlingen,
686 1248 47 13 men
749 1241 57 19 hvad
821 1242 39 19 den
877 1242 68 20 andre

264 1274 163 26 mångfaldigat
445 1280 50 14 vare
510 1274 59 19 ändå
585 1274 72 26 beslag
671 1274 161 21 underkastadt
847 1275 38 20 och
897 1275 50 26 för-

264 1308 96 25 verkadt,
382 1307 38 21 och
442 1307 41 21 han
508 1307 57 20 hålle
583 1308 34 26 sig
637 1307 34 21 till
690 1307 134 28 bedragaren
834 1308 41 27 för
890 1308 57 21 hvad

265 1342 43 21 han
324 1342 8 20 i
342 1342 61 27 följd
419 1341 69 27 deraf
498 1341 83 27 nödgas
597 1342 54 21 lida.

574 1394 15 26 $
603 1395 37 20 28.

333 1440 73 28 Enligt
428 1440 118 21 Utskottets
568 1439 132 22 betänkande
720 1440 48 22 med
788 1441 73 28 tillägg
875 1441 24 22 af
910 1441 37 22 föl-

263 1475 63 29 jande
342 1475 66 22 säsom
424 1476 47 27 nytt
486 1474 81 27 stycke:

265 1515 137 24 Lagutskottets
415 1514 112 18 betänkande
540 1519 31 13 n:o
583 1515 16 16 8.
