1036 1709
395 120 53 23 N:o
466 120 43 23 11.

349 352 68 24 Hans
433 352 148 30 Kejserliga
595 352 138 28 Majestäts
748 350 80 32 nådiga

279 386 131 30 proposition
434 387 33 23 till
485 386 102 25 Finlands
605 386 94 30 Ständer,
717 384 110 32 angående

279 420 116 25 ordnandet
417 422 24 23 af
462 421 195 31 skjutshällningen
680 422 37 23 och
735 422 93 30 gästgif-

279 456 102 24 verierna.

146 533 42 21 Vid
206 533 53 21 1867
276 533 35 21 ärs
327 533 104 26 landtdag
445 532 107 22 förelades
564 532 84 22 landets
659 533 28 21 dä
696 532 131 22 församlade

75 566 93 22 Ständer
183 567 65 27 nädig
263 567 141 27 proposition,
420 566 154 27 innefattande,
591 567 65 21 bland
665 569 71 24 annat,
745 567 82 27 förslag

74 602 32 21 till
122 601 126 27 förordning
264 601 110 27 angäende
385 601 193 27 skjutshällningen
590 601 41 21 och
641 602 185 27 gästgifverierna,

72 643 49 15 men
144 636 89 22 emedan
257 636 120 22 Ständerna
400 636 32 21 uti
451 636 58 22 vissa
523 636 8 21 i
546 636 42 22 den
603 636 122 26 föreslagna
741 636 86 22 författ-

76 671 79 27 ningen
174 670 92 22 berörda
281 670 183 27 privilegiifrägor
479 671 47 21 icke
541 671 89 26 kunnat,
646 671 8 21 i
669 671 95 27 enlighet
778 671 49 21 med

73 707 12 20 3
102 706 11 26 8
128 706 8 20 i
151 705 196 27 riksdagsbeslutet
369 705 23 21 af
409 705 41 21 den
466 705 27 21 23
508 705 52 22 Juni
577 705 61 27 1786,
654 704 75 22 förena
743 706 34 26 sig
793 712 34 15 om

73 742 133 25 gemensamt
228 740 78 26 beslut,
328 740 40 21 har
390 740 61 21 Hans
466 740 122 27 Kejserliga
602 740 104 27 Majestät
721 739 107 23 förklarat

72 774 93 22 nämnda
180 774 210 27 lagstiftningsfräga
405 774 86 22 komma
505 776 32 20 att
547 774 93 21 förfalla.
664 774 69 22 Sedan
743 774 85 22 Bonde-

73 809 86 21 ståndet
174 809 94 21 derefter
283 808 37 22 vid
336 809 54 21 1872
406 808 36 22 års
457 809 103 26 landtdag
576 808 32 22 uti
624 814 26 15 en
660 808 34 21 till
704 808 61 22 Hans
775 808 52 28 Kej-

73 844 80 26 serliga
175 844 104 26 Majestät
293 843 95 27 ingifven
403 843 92 27 petition
510 842 92 22 anhällit
617 844 32 20 att
664 843 82 27 förslag
761 844 8 20 i
784 845 43 19 äm-

72 879 37 20 net
132 877 54 27 ånyo
208 877 70 21 blefve
297 878 126 20 utarbetadt
441 878 40 21 och
499 877 121 22 Ständerna
635 877 36 21 vid
686 877 63 22 deras
765 879 64 20 nästa

76 912 159 21 sammanträde
250 910 113 28 förelagdt,
379 911 40 21 har
434 911 61 21 Hans
509 911 123 27 Kejserliga
646 911 103 27 Majestät
757 911 72 22 funnit

72 946 53 26 godt
148 946 32 21 till
204 946 69 20 denna
294 945 175 22 Bondeständets
492 945 100 22 anhållan
614 945 76 21 bifalla
708 948 56 19 samt
778 946 50 21 låtit

73 982 98 25 uppgöra
186 980 39 20 här
240 980 88 27 bilagda
342 979 83 28 förslag
440 980 34 21 till
489 980 126 26 förordning
626 979 110 27 angående
747 980 80 27 skjuts-

74 1014 124 28 hållningen
214 1014 40 21 och
268 1014 187 27 gästgifverierna.

144 1049 38 21 Uti
198 1048 36 22 det
250 1048 23 22 af
287 1048 121 22 Ständerna
419 1049 12 21 å
441 1049 147 21 förstberörde
602 1048 79 27 nådiga
690 1048 136 28 proposition

76 1083 82 27 afeifna
181 1083 148 27 underdäniga
351 1089 50 15 svar
417 1083 65 21 hafva
497 1083 121 21 Ständerna
632 1082 117 22 framställt
764 1089 64 20 ange-

73 1118 129 26 lägenheten
223 1117 24 21 af
265 1117 215 28 jordlägenheternas
503 1117 125 28 frigörande
649 1117 49 21 frän
720 1118 37 20 det
779 1117 48 22 dem

74 1152 114 27 äliggande
204 1152 241 26 skjutsningsbesväret,
462 1152 39 22 och
516 1151 159 28 otvifvelaktigt
690 1158 51 15 vore
757 1152 70 21 denna

74 1186 102 21 befrielse
191 1186 7 20 i
214 1186 42 27 hög
275 1186 54 26 grad
344 1186 115 21 önskvärd.
489 1186 49 22 Men
554 1186 124 21 densamma
692 1186 65 21 beror
773 1186 54 21 dock

72 1220 8 21 i
95 1220 91 21 främsta
202 1222 92 19 rummet
305 1219 62 22 deraf
375 1220 107 21 huruvida
493 1220 160 27 skjutsningens
664 1219 164 27 ombesörjande

72 1254 69 22 redan
155 1260 30 15 nu
199 1254 35 21 mä
249 1254 74 21 kunna
338 1253 141 22 öfverlemnas
494 1254 22 21 ät
526 1254 42 21 den
578 1254 98 21 enskilda
686 1253 141 27 företagsam-

72 1288 66 22 heten
153 1290 57 20 samt
224 1288 121 22 kostnaden
359 1288 34 22 för
409 1288 218 27 skjutsinrättningen
642 1288 91 22 sälunda
748 1288 81 21 ähvälf-

73 1329 38 15 vas
130 1324 84 20 ensamt
232 1323 47 25 den,
300 1329 45 14 som
360 1323 110 26 begagnar
485 1324 33 26 sig
533 1322 23 22 af
570 1322 130 22 densamma.
732 1322 39 22 Om
787 1322 40 22 ock

76 1358 91 25 antagas
189 1356 57 27 finge
269 1358 33 19 att
323 1356 57 22 inom
403 1356 85 22 landets
511 1357 68 20 tätast
596 1356 115 21 befolkade
727 1356 60 21 delar
802 1362 27 15 en

76 1390 95 22 särskild
186 1390 192 28 skjutsinrättning
393 1390 72 22 kunde
475 1391 7 21 i
492 1390 99 26 förening
606 1390 50 22 med
670 1390 42 21 den
722 1389 108 22 allmänna

73 1425 136 28 postgängen
227 1426 29 26 pä
273 1425 59 21 vissa
347 1425 63 21 linier
425 1424 156 28 ävägabringas
598 1426 52 20 utan
664 1430 72 16 annan
751 1426 78 20 ersätt-

74 1460 52 27 ning
141 1462 28 19 än
184 1460 143 28 skjutslegan,
344 1459 69 22 skulle
429 1458 62 24 äfven
505 1459 59 22 inom
579 1458 63 23 dessa
653 1458 60 22 delar
723 1459 24 21 af
755 1459 74 21 landet
