1025 1703
197 141 27 21 12
433 140 20 21 U.
470 140 19 21 B.
505 151 27 4 —
547 139 52 28 Prop.
614 139 30 22 N:o
659 139 31 20 20.

168 202 224 23 striktsföreständare
415 202 53 21 eller
491 202 92 21 särskild
606 201 90 28 styrelse
715 207 27 15 m.
761 208 28 14 m.
820 201 50 22 Som
888 203 33 18 ut-

168 237 81 21 skottet
267 236 48 21 icke
333 236 70 21 funnit
422 236 46 21 skäl
487 235 34 21 till
537 236 140 26 anmärkning
692 237 45 19 mot
752 235 115 26 desamma,
882 235 40 21 har

167 271 106 22 utskottet
288 272 71 19 ansett
371 271 48 21 dem
434 270 71 21 kunna
520 270 130 26 godkännas.

236 339 34 21 En
288 339 47 21 icke
355 339 61 27 ringa
436 338 108 27 svärighet
559 339 39 21 har
613 339 37 21 det
663 339 8 21 i
687 339 117 21 allmänhet
818 339 56 21 visat
890 339 33 27 sig

168 381 53 15 vara
235 375 32 21 att
277 374 118 20 bestämma
405 373 53 21 hvar
469 379 26 19 en
505 379 78 21 person
594 374 55 20 skall
661 380 40 20 ega
711 372 134 22 hemortsrätt
854 385 28 3 —
893 375 31 19 ett

168 410 8 20 i
191 408 109 26 ätskilliga
314 408 116 21 utländska
444 408 62 26 lagar
520 408 94 21 användt
629 408 188 26 beteckningssätt,
833 413 45 16 som
893 408 31 21 af-

169 450 35 14 ser
218 442 112 22 förmänen
345 444 32 19 att
392 442 67 21 under
475 443 26 21 de
516 442 8 21 i
538 442 36 27 lag
585 442 103 27 stadgade
698 442 70 22 vilkor
778 442 103 21 komma
867 438 12 36 i
893 442 30 21 ät-

168 477 102 27 njutande
290 476 23 21 af
333 476 194 27 fattigförsörjning
544 476 57 21 inom
621 478 31 20 ett
669 477 54 21 visst
737 476 186 27 fattigvärdssam-

168 512 64 21 hälle.
262 511 44 21 Det
320 512 25 18 är
360 510 135 27 naturligtvis
511 510 151 28 flyttningarna
676 510 48 22 frän
740 516 26 16 en
776 510 103 22 kommun
890 511 34 20 till

170 552 75 20 annan,
261 551 46 16 som
322 545 67 21 vällat
404 545 166 26 svärigheterna.

236 580 58 21 Frän
310 579 59 22 äldre
385 579 56 21 tider
451 579 39 21 har
499 580 39 21 hos
550 585 34 15 oss
596 580 54 26 gällt
660 581 32 20 att
701 580 75 27 hvarje
786 579 138 28 fattigvärds-

170 615 103 21 samhälle
289 614 80 21 lemnat
379 613 137 28 försörjning,
528 615 38 20 der
576 615 37 20 det
622 614 50 22 kom
682 615 7 21 i
700 615 67 26 fräga,
779 614 22 21 ät
811 614 55 27 dem,
878 621 45 14 som

169 650 58 21 inom
242 649 114 22 samhället
371 649 54 26 egde
441 649 37 21 sitt
493 649 27 21 bo
536 649 39 22 och
590 649 97 28 hemvist,
703 651 52 20 utan
770 650 32 21 att
811 649 70 27 nägon
893 649 32 22 ät-

170 684 84 21 skilnad
269 684 68 27 gjorts
354 683 91 21 emellan
456 683 86 27 sådana,
553 690 46 15 som
614 684 72 21 städse
701 684 84 22 tillhört
799 684 126 26 detsamma,

170 718 40 22 och
229 718 80 22 sådana
328 724 46 15 som
393 717 97 28 inflyttat.
520 718 61 21 Mera
599 718 127 22 utvecklade
741 718 184 22 samhällsförhål-

169 753 78 21 landen
270 752 39 22 och
331 752 56 21 ökad
405 752 195 27 fattigvårdstunga
621 752 126 22 föranledde
769 753 55 21 dock
843 752 82 21 önskan

170 789 32 19 att
220 787 28 27 på
266 787 66 27 något
350 788 43 20 sätt
408 786 81 27 skydda
503 787 154 21 kommunerna
671 788 46 20 mot
731 787 103 21 förluster
848 792 77 21 genom

170 821 152 27 inflyttningar,
338 821 73 21 hvilka
427 820 26 22 de
469 821 63 27 eljest
546 821 19 27 ej
583 821 69 21 skulle
667 821 82 21 kunnat
764 821 89 27 afvärja.
883 820 42 22 Ge-

170 862 49 16 nom
237 856 72 26 kongl.
328 855 144 27 kungörelsen
488 855 23 21 af
525 856 41 20 den
580 855 14 21 5
608 855 120 21 December
743 856 56 21 1788
813 855 112 22 tillerkän-

170 892 38 20 des
231 890 84 22 derföre
333 890 75 26 hvarje
431 889 125 28 församling
574 889 103 28 rättighet
695 891 32 20 att
744 892 66 25 vägra
828 890 97 28 inhyses-

169 926 51 26 hjon
236 926 56 20 samt
306 924 103 27 gammalt
424 924 39 21 och
477 924 82 22 mindre
575 924 116 22 arbetsfört
705 924 130 27 tjenstehjon
845 924 80 28 inflytt-

170 960 61 26 ning;
247 959 39 21 och
296 965 77 20 genom
384 958 56 22 1805
451 958 34 21 års
496 958 189 28 legohjonsstadga
695 958 136 22 förmenades
841 959 84 22 mindre

171 993 113 27 godkända
302 993 131 27 tjenstehjon
452 994 31 20 att
500 992 61 28 flytta
578 995 58 19 utom
652 994 65 20 länet.
746 993 132 27 Ytterligare
893 994 33 20 in-

171 1027 156 26 skränkningar
346 1027 7 21 i
373 1027 40 21 den
432 1027 41 21 fria
491 1027 206 26 bosättningsrätten
716 1027 75 27 gjorde
809 1027 117 27 kejserliga

170 1061 144 27 kungörelsen
329 1061 24 20 af
367 1061 40 21 den
423 1061 12 21 9
448 1061 125 27 September
584 1061 62 26 1817,
658 1067 45 16 som
714 1061 85 21 likvisst
808 1061 7 21 i
825 1062 100 21 väsendt-

170 1096 45 26 liga
230 1095 60 22 delar
305 1095 107 21 ändrades
428 1101 77 20 genom
520 1095 52 26 kejs.
584 1095 143 26 kungörelsen
743 1095 23 20 af
779 1095 41 21 den
836 1097 10 20 1
863 1096 62 26 April

172 1130 61 25 1822,
253 1129 25 21 så
296 1130 32 19 att
340 1129 86 26 jemlikt
440 1129 99 26 nämnda,
554 1129 34 20 för
602 1130 134 21 närvarande
751 1129 100 26 gällande
867 1130 58 20 stad-

170 1164 85 26 ganden
277 1162 126 28 församling
422 1163 42 21 kan
483 1165 66 25 vägra
567 1164 32 20 att
618 1165 107 26 emottaga
739 1169 104 21 personer
857 1164 70 21 under

171 1198 28 21 15
214 1198 40 21 och
273 1197 59 21 öfver
350 1197 29 21 40
394 1198 30 26 år,
439 1198 73 21 hvilka
526 1199 51 19 utan
592 1198 111 26 uppgifvet
717 1198 54 22 visst
785 1198 140 26 näringsfång

172 1232 21 20 ”i
213 1232 107 26 egenskap
339 1231 24 21 af
379 1232 149 26 inhyseshjon”
550 1232 52 26 vilja
623 1232 88 22 bosätta
729 1233 33 26 sig
776 1232 57 21 inom
849 1232 76 26 henne,

172 1265 109 21 äfvensom
300 1265 83 21 mindre
399 1265 113 26 godkända
526 1265 137 27 tjenstehjon,
678 1266 89 21 vanföra
783 1266 53 21 eller
849 1266 77 20 bräck-

170 1299 45 27 liga
233 1305 103 21 personer
354 1298 39 21 och
413 1299 80 21 sådana
512 1305 46 15 som
576 1299 47 21 icke
638 1301 37 19 äro
691 1300 140 27 välfräjdade,
847 1300 40 20 allt
901 1300 25 20 så

171 1334 65 21 framt
254 1334 63 22 dessa
336 1333 47 22 icke
402 1335 97 25 prestera
515 1334 81 27 borgen
615 1334 34 21 för
666 1336 32 20 att
717 1334 26 22 de
759 1335 19 27 ej
794 1334 85 22 komma
894 1336 33 20 att

171 1368 53 22 falla
238 1368 166 27 församlingens
419 1367 116 28 fattigvård
550 1368 33 22 till
597 1368 49 21 last.

240 1403 11 21 I
266 1403 88 27 Sverige
369 1402 46 22 blef
429 1403 41 21 den
485 1403 178 26 församlingarna
673 1409 77 22 genom
761 1404 55 22 1788
827 1403 36 22 års
872 1403 54 22 kun-

172 1438 85 27 görelse
275 1437 130 22 tillerkända
419 1439 44 20 rätt
477 1437 96 28 upphäfd
588 1444 75 21 genom
680 1438 55 22 1847
751 1439 36 21 års
802 1438 125 27 förordning

240 1478 169 17 Ekonomiutskottets
421 1478 103 17 betänkande
536 1478 34 17 N:o
584 1479 15 16 8.
