1031 1703
300 132 62 28 Ständ.
378 134 31 23 Sy.
425 148 24 3 —
466 136 54 28 Prop.
535 136 32 23 N:o
579 137 35 23 41,
776 139 25 21 21

246 195 84 29 tillägg,
348 197 70 28 plikte
436 200 58 20 ända
514 200 34 21 till
563 200 121 22 tvåhundra
699 200 69 22 mark.
798 196 36 26 Är

245 230 145 28 anmärkning
404 232 30 27 af
444 234 96 27 resande,
555 236 137 26 entreprenör
707 236 52 20 eller
772 238 60 25 gäst-

244 262 85 28 gifvare
343 265 9 20 i
366 266 109 27 dagboken
490 267 81 28 införd,
587 268 37 21 bör
636 268 112 22 Länsman
758 270 14 20 &
782 270 50 20 lan-

245 296 35 22 det
301 298 39 21 och
361 300 155 22 vederbörande
537 302 123 28 myndighet
676 302 10 20 i
704 302 57 27 stad,
776 302 57 28 efter

244 331 96 22 erhållen
362 332 97 29 kunskap
482 342 33 14 om
537 332 178 32 anmärkningen,
737 336 9 21 i
764 336 67 21 saken

244 366 96 21 anställa
354 367 160 30 undersökning
528 372 56 19 samt
599 370 94 21 insända
708 370 38 21 sitt
756 370 74 22 dervid

238 399 72 27 förda
324 401 111 27 protokoll
453 404 35 20 till
505 403 143 28 Guvernören,
662 411 52 20 som,
730 404 38 22 der
782 404 49 22 skäl

244 434 36 21 till
302 435 50 28 laga
374 436 48 21 åtal
437 437 152 28 förekommer,
598 437 102 28 förvisar
714 438 66 22 saken
795 439 37 21 till

243 469 98 28 domstol,
356 470 64 22 hvars
434 473 72 27 utslag
520 472 37 21 bör
569 468 136 25 Guvernören
715 473 115 21 meddelas.

246 502 43 23 Vid
302 505 187 29 undersökningen
504 513 49 14 vare
568 507 41 21 den
623 506 101 22 resandes
734 506 96 22 hörande

242 537 46 21 icke
302 539 82 27 nödigt,
400 540 46 20 med
460 540 84 21 mindre
558 540 44 22 han
616 540 57 28 sjelf
684 540 72 22 derom
769 540 61 28 gjort

237 571 113 27 förbehåll
374 574 52 20 eller
447 574 109 21 särskilda
574 574 180 28 omständigheter
768 574 62 28 eljest

243 606 74 21 dertill
326 606 127 27 föranleda.

506 672 16 24 $
537 671 34 20 16.

298 709 47 21 För
366 709 57 21 hvad
445 710 89 21 resande
552 711 14 20 &
582 709 129 29 gästgifveri
732 710 97 27 åtnjuter

242 745 58 19 utom
322 750 54 20 rum,
398 746 76 25 värme,
489 744 139 28 upplysning,
643 743 60 28 bord,
718 744 57 21 bänk
789 744 39 21 och

242 778 48 26 stol,
304 784 45 15 som
364 778 36 21 vid
417 785 124 21 genomresa
556 777 152 28 kostnadsfritt
722 779 106 28 upplätes,

242 811 86 28 erlägge
349 811 43 22 han
410 812 110 27 betalning
535 813 67 27 enligt
617 815 58 24 taxa,
690 812 85 22 hvilken
790 813 38 21 bör

241 848 98 25 upptaga
361 846 14 20 å
397 849 61 18 orten
480 846 139 28 tillgängliga
641 849 110 19 matvaror
771 849 57 19 samt

241 879 55 22 korn
317 880 52 21 eller
390 879 74 28 hafra,
486 879 26 22 hö
536 880 38 21 och
596 880 65 27 halm,
676 880 44 28 ljus
736 880 38 22 och
789 881 39 21 ved

240 913 110 27 äfvensom
369 914 115 28 nattläger,
501 914 37 21 och
553 914 85 21 hvilken
653 917 52 18 taxa
719 914 58 22 skall
785 915 43 27 för

240 948 74 21 landet
329 948 29 27 af
371 948 137 21 Guvernören
523 948 55 28 efter
591 948 175 22 Häradsrättens
776 948 52 28 för-

240 982 48 28 slag
310 982 38 21 och
362 982 42 28 för
420 983 50 21 stad
485 983 29 27 af
524 983 120 27 Magistrat
658 983 51 21 eller
723 983 107 29 stadssty-

239 1017 70 20 relsen
325 1017 75 27 hvarje
414 1017 47 21 höst
470 1016 42 28 för
526 1018 35 20 det
575 1017 126 21 kommande
716 1018 46 21 året
766 1016 61 29 fast-

239 1051 77 22 ställas
339 1051 37 22 och
395 1052 13 20 å
426 1053 81 26 väggen
527 1052 8 21 i
548 1054 140 25 gästrummet
696 1051 77 28 finnas
788 1059 42 14 an-

239 1086 81 28 slagen.
354 1085 41 22 Vid
409 1085 107 29 äfventyr,
530 1093 45 14 som
590 1086 8 21 i
612 1086 16 27 $
642 1087 29 20 14
686 1087 91 21 nämndt
791 1088 37 25 är,

239 1120 57 22 skall
317 1120 133 28 gästgifvare
466 1121 8 20 i
488 1121 50 20 stad
560 1120 38 21 och
616 1121 33 27 på
671 1121 80 27 landet,
770 1119 60 29 efter:

240 1157 70 19 ortens
319 1154 167 27 förhållanden,
496 1154 41 27 för
551 1155 26 21 de
592 1155 100 21 resandes
707 1154 66 28 behof
784 1155 44 21 all-

240 1189 32 20 tid
294 1188 67 27 hafva
380 1191 33 18 att
428 1189 63 27 tillgå
506 1189 26 20 de
546 1189 9 20 i
571 1191 67 19 taxan
653 1191 112 26 upptagna
774 1188 54 27 för-

238 1223 135 27 nödenheter,
387 1230 83 21 snygga
486 1223 38 21 och
538 1229 74 15 varma
622 1229 56 20 rum,
687 1222 139 29 sängkläder,

239 1257 59 21 linne
320 1257 38 20 och
380 1257 90 28 bordtyg
486 1257 38 20 och
539 1259 69 19 annat
622 1257 76 28 nödigt
711 1256 114 28 husgeråd.

298 1287 85 25 Önskar
398 1291 89 21 resande
501 1298 73 21 genom
590 1297 50 22 egen
656 1290 108 29 betjening
778 1291 47 21 låta

240 1325 88 20 tillreda
347 1326 23 20 åt
388 1326 34 25 sig
442 1328 45 17 mat
502 1326 52 20 eller
568 1325 73 27 dryck,
656 1325 35 20 må
706 1325 80 20 sådant
800 1323 30 28 af

238 1358 134 28 gästgifvare
391 1359 21 25 ej
426 1357 127 28 förvägras,
568 1364 47 14 men
630 1359 77 19 ersätte
722 1357 35 21 till
772 1360 56 18 mat-

239 1392 91 28 lagning
345 1392 112 28 begagnad
470 1392 44 21 ved.

295 1426 17 22 I
324 1426 138 28 gästgifveris
476 1428 98 26 gästrum
588 1425 57 22 skall
650 1424 76 28 finnas
736 1427 88 26 väggur,

239 1461 113 21 hvarutom
366 1460 26 21 de
401 1459 205 30 gästgifverier,
574 1455 34 38 för
616 1459 72 21 hvilka
698 1459 134 28 skjutslaget.
