1036 1709
246 142 12 19 2
534 142 54 22 N:o
604 136 47 26 11.

217 209 42 21 den
273 209 124 21 nuvarande
411 208 144 28 hällskjutsen
570 209 46 21 icke
631 209 45 21 helt
691 210 39 20 och
746 209 67 21 hället
827 210 73 20 kunna
914 210 54 20 und-

217 248 70 20 varas,
302 242 91 22 likasom
408 243 49 21 med
471 243 30 21 all
513 243 81 21 visshet
604 243 43 21 kan
657 243 94 22 förutses
762 245 33 19 att
804 244 73 27 hvarje
888 244 80 27 skjuts-

217 277 125 27 inrättning,
354 276 48 22 huru
411 277 42 21 den
462 279 26 19 än
497 277 34 21 mä
540 278 142 26 organiseras,
687 278 57 21 inom
753 278 41 21 den
803 280 26 19 än
837 278 129 27 ojemförligt

218 313 81 20 största
315 311 61 22 delen
391 311 23 22 af
423 312 73 22 landet
506 312 46 21 icke
563 312 42 21 kan
616 312 109 27 uppbäras
735 313 93 21 allenast
838 312 23 22 af
869 312 98 22 trafiken.

289 346 43 21 Vid
354 347 31 20 ett
407 346 78 22 sädant
502 346 134 22 förhällande
656 346 115 28 föreligger
785 349 96 19 närmast
896 347 72 21 säsom

217 380 43 22 mål
283 382 33 20 att
337 380 130 23 åtminstone
483 381 53 21 söka
550 380 97 28 aflägsna
663 382 26 20 de
705 381 144 27 olägenheter,
865 381 103 22 hvarmed

218 415 41 21 den
274 415 123 21 nuvarande
412 415 154 28 hällskjutsens
582 416 120 26 utgörande
716 416 23 21 in
749 418 78 19 natura
838 418 24 19 är
871 416 96 22 förenad.

217 450 10 20 I
243 450 60 21 detta
326 449 56 27 syfte
405 452 24 18 är
443 450 117 27 föreslaget
576 452 32 20 att
623 450 148 27 hällgöringen
786 450 66 22 borde
868 450 98 22 öfverallt

216 484 8 20 i
239 484 73 21 landet
334 484 102 26 utbjudas
458 484 28 27 pä
501 484 148 27 entreprenad,
665 484 48 22 med
728 484 155 22 kommunerna
898 484 70 22 förbe-

216 518 72 22 hällen
303 520 44 19 rätt
361 520 33 20 att
409 518 76 27 pröfva
500 519 39 21 och
554 521 79 25 antaga
643 519 105 26 anbuden,
759 519 139 27 hvarigenom
908 519 59 21 kom-

216 559 104 15 munerna
336 552 73 28 sjelfve
420 553 6 21 i
438 553 120 27 väsendtlig
572 553 49 21 män
633 553 85 21 komma
716 548 12 36 i
746 553 85 21 tillfälle
843 555 32 19 att
883 553 85 27 ingripa

216 588 32 20 uti
264 587 39 22 och
319 587 65 21 verka
399 586 34 22 för
447 588 93 21 nämnda
553 587 50 21 mäl.
634 587 109 21 Ehuruväl
760 587 110 27 förslaget,
886 587 34 21 för
935 589 33 19 att

216 621 85 22 minska
319 622 159 26 ersättningens
497 622 77 27 belopp
594 622 40 21 och
649 622 29 27 pä
692 622 26 21 de
733 622 92 21 resande
840 621 86 22 hvälfva
941 628 26 15 en

218 658 71 20 större
316 656 33 22 del
375 656 24 21 af
423 656 262 28 skjutsningskostnaden,
701 656 72 22 tillika
794 656 119 22 innehåller
935 659 31 19 att

216 690 134 28 skjutslegan
365 691 35 20 vid
417 691 143 27 entreprenad
574 691 68 21 borde
657 691 33 21 till
705 691 96 27 förhöjdt
815 691 77 27 belopp
908 692 58 26 utgå,

216 727 24 19 är
262 725 67 21 likväl
351 727 33 19 att
399 727 81 19 emotse
495 725 36 21 det
546 726 64 20 dessa
626 726 144 26 ersättningar
786 726 77 21 sådant
878 726 89 21 oaktadt

216 759 67 21 blifva
298 759 82 27 ganska
393 759 117 27 betydliga.
536 760 39 20 Att
590 759 86 21 frikalla
691 760 27 21 de
734 760 234 27 skjutsningsskyldiga

215 794 156 26 fastigheterna
385 793 49 21 frän
449 794 69 20 denna
533 793 66 27 utgift
614 794 39 20 och
669 793 122 27 öfverflytta
806 794 124 21 densamma
939 795 27 26 pä

215 828 85 21 landets
315 827 49 22 hela
379 828 169 27 skattäragande
563 827 126 28 befolkning
704 828 72 21 såsom
791 829 100 27 personel
902 828 64 27 skatt,

216 863 70 21 skulle
302 863 54 21 dock
371 863 176 27 ovedersägligen
562 862 107 22 innefatta
684 870 26 14 en
725 863 118 27 obillighet.
873 864 47 21 Den
934 866 32 18 art

216 898 23 21 af
252 897 145 27 beskattning,
421 897 281 28 hållskjutsningsbesväret
724 898 96 26 innebär,
843 898 39 21 har
901 898 66 22 redan

216 932 68 22 under
306 932 71 22 sekler
399 932 73 26 ålegat
483 932 189 28 jordfastigheten,
688 932 71 27 ingått
774 932 7 21 i
796 932 171 22 bestämmandet

215 967 23 21 af
252 967 50 21 dess
317 966 66 22 värde
399 966 39 22 och
453 967 66 27 tagits
534 967 7 21 i
557 966 119 28 beräkning
692 967 34 21 vid
741 967 89 27 köpslut
845 967 39 21 och
900 967 67 21 andra

215 1001 151 27 afhandlingar
380 1007 35 15 om
430 1001 41 21 den
485 1001 57 22 fasta
558 1001 136 27 egendomen.
718 1002 33 20 En
766 1001 127 27 fullständig
904 1002 63 21 efter-

215 1036 41 24 gift
270 1035 24 21 af
308 1036 60 21 detta
382 1036 77 21 besvär
475 1036 70 21 skulle
560 1036 40 21 ock
616 1035 85 22 derföre
714 1037 79 26 utgöra
803 1042 26 15 en
839 1036 84 22 förmån
933 1036 34 21 för

214 1071 28 21 de
256 1070 124 22 nuvarande
392 1070 149 27 jordägarene,
558 1072 51 20 utan
624 1071 151 21 motsvarande
791 1071 114 27 åliggande
919 1070 49 22 från

215 1105 63 21 deras
302 1104 46 21 sida
371 1104 38 21 och
432 1104 27 27 på
478 1104 69 27 öfriga
563 1104 180 27 skattdragandes
759 1104 127 22 bekostnad.
916 1104 51 22 Men

215 1138 88 22 emedan
314 1139 8 20 i
332 1138 78 22 sakens
426 1140 63 19 natur
505 1139 68 26 ligger
588 1140 32 20 att
636 1138 240 27 skjutsningsbesväret,
890 1144 77 21 genom

215 1179 26 15 en
257 1172 56 22 ökad
328 1172 130 27 befolkning,
475 1172 86 27 stegrad
579 1172 114 22 industriel
709 1172 143 27 verksamhet,
868 1172 100 28 stigande

214 1207 99 26 välmäga
332 1207 39 21 och
390 1206 39 21 allt
448 1206 124 28 derigenom
590 1206 92 27 lifligare
698 1206 134 27 samfärdsel,
848 1206 70 22 måste
932 1207 34 21 för

212 1241 159 26 jordbrukaren
390 1241 68 21 under
477 1241 95 21 tidernas
588 1241 50 26 lopp
655 1241 65 20 blifva
735 1247 46 15 mer
796 1241 38 20 och
850 1247 46 15 mer
910 1243 57 25 tryc-

215 1274 75 27 kande,
313 1274 98 27 påkallar
433 1274 125 26 billigheten
581 1274 40 21 och
640 1280 26 15 en
684 1274 139 22 förutseende
839 1274 100 22 omtanke
954 1275 13 21 å

215 1309 68 21 andra
306 1308 62 22 sidan
391 1310 32 19 att
438 1308 57 22 inom
511 1308 87 22 kretsen
614 1308 23 22 af
651 1308 53 24 dem,
721 1314 46 16 som
783 1308 34 22 för
831 1309 135 21 närvarande

215 1342 64 22 hafva
301 1344 33 20 att
351 1342 98 28 uppbära
465 1342 154 28 skjutsningen,
636 1343 101 27 indragas
753 1344 40 20 allt
807 1342 53 23 flera
875 1344 91 21 elemen-

215 1379 33 19 ter
264 1378 38 21 och
317 1377 155 22 företrädesvis
487 1378 33 25 de,
535 1377 73 23 hvilka
623 1377 24 22 af
660 1378 84 22 landets
759 1378 207 22 kommunikations-

213 1412 70 22 medel
299 1412 68 28 draga
382 1413 81 21 största
477 1411 75 23 fördel.
582 1412 32 22 På
628 1413 70 27 grund
712 1412 65 22 häraf
789 1412 119 22 innehåller
922 1412 44 22 för-

215 1447 70 27 slaget
300 1446 73 22 vidare
388 1448 33 20 att
435 1447 8 21 i
458 1446 235 28 skjutsningsbesväret
708 1447 70 21 skulle
793 1447 115 22 framdeles
922 1447 44 22 del-

214 1483 51 25 taga
288 1481 29 22 all
336 1481 4 21 i
354 1481 81 22 mantal
452 1483 44 20 satt
509 1481 161 27 jordegendom,
687 1482 23 21 af
723 1482 56 21 hvad
794 1483 65 20 natur
874 1482 40 21 och
929 1482 37 20 be-
