1034 1703
353 157 52 22 N:o
423 158 43 21 11.
746 160 24 19 19

53 223 115 27 skyndsam
184 225 80 21 anstalt
279 225 73 21 derom
367 227 32 19 att
413 226 79 26 skjuts-
503 226 39 21 och
552 226 249 27 gästgifverihällningen

52 258 67 20 varda
134 258 6 20 i
156 259 65 26 nödig
236 259 91 26 ordning
342 259 141 27 ombesörjda.
507 260 31 20 Pä
553 260 79 25 landet,
644 261 37 20 der
692 262 109 24 entrepre-

52 293 40 19 nör
106 292 74 26 finnes,
196 293 39 20 bör
251 293 60 20 detta
326 293 38 20 ske
378 293 28 26 pä
421 293 53 21 hans
491 293 38 21 och
544 293 54 21 hans
609 293 131 27 löftesmäns,
752 299 49 15 men

53 325 62 26 eljest
136 326 28 26 pä
187 326 140 26 skjutslagets
346 326 125 22 bekostnad.
502 327 30 20 Af
545 327 120 21 domstolen
679 327 66 21 varde
760 327 41 21 den

52 359 126 27 försumlige
193 361 167 25 entreprenören
375 361 52 20 eller
443 360 151 26 gästgifvaren,
608 360 54 22 efter
671 361 130 21 förseelsens

52 392 154 28 beskaffenhet,
225 394 64 20 dömd
305 396 32 18 att
351 394 51 21 böta
417 395 55 20 ända
487 395 33 20 till
536 394 116 22 etthundra
665 394 68 26 mark,
750 394 52 21 eller

54 427 39 21 ock
112 429 32 19 att
162 427 48 21 från
226 428 32 20 sin
273 428 122 26 befattning
410 428 80 27 skiljas.
520 429 11 20 I
547 429 132 21 sistnämnda
693 428 38 22 fall
746 428 56 22 skall

53 462 246 26 gästgifveriinrättning
320 462 28 26 på
369 462 80 26 landet,
465 469 34 15 om
515 463 123 21 densamma
653 464 55 20 varit
722 463 29 26 på
766 468 36 15 en-

54 496 115 26 treprenad
184 496 110 26 upplåten,
310 496 133 21 fortfarande
459 497 31 21 till
507 496 160 22 arrendetidens
684 496 80 27 utgång
774 496 28 26 på

55 532 178 30 entreprenörens
250 530 38 20 och
304 530 53 21 hans
372 530 125 22 löftesmäns
508 530 120 22 bekostnad
638 530 163 27 upprätthållas.

55 559 31 25 Är
104 564 46 26 den,
171 570 46 14 som
236 564 23 20 af
273 564 93 21 domstol
380 564 72 21 blifvit
466 564 47 21 från
528 564 274 27 gästgifveribefattningen

55 598 61 26 skild,
139 598 47 21 icke
206 599 145 26 entreprenör,
367 598 54 21 skall
437 604 69 15 annan
522 598 137 27 gästgifvare,
675 599 7 20 i
698 599 40 20 den
754 598 48 21 ord-

54 633 51 26 ning
120 633 11 26 $
149 633 25 20 10
189 632 146 27 föreskrifver,
351 633 22 20 af
387 632 140 22 Guvernören
542 635 95 24 antagas.

397 695 13 27 S
427 696 32 20 17.

127 735 80 26 Hvarje
229 735 132 27 gästgifveri,
377 736 7 20 i
400 736 48 20 stad
471 736 51 20 eller
539 735 29 27 på
585 735 79 26 landet,
684 735 69 21 förses
768 742 36 20 ge-

56 776 48 14 nom
120 769 151 21 Guvernörens
287 769 85 27 försorg
388 769 39 21 och
442 769 28 27 på
485 770 117 20 bekostnad
613 770 23 20 af
644 770 107 20 allmänna
761 776 43 15 me-

56 804 34 20 del
112 804 49 20 med
184 810 25 14 en
232 804 91 26 dagbok,
346 804 85 20 hvaruti
454 804 39 20 bör
515 804 69 20 finnas
602 804 130 21 antecknadt
749 804 56 21 huru

56 838 77 26 många
155 844 47 14 rum
225 838 62 20 skola
308 844 52 14 vara
374 837 34 21 till
423 838 101 20 resandes
541 838 138 26 begagnande
694 838 109 26 upplåtna,

55 872 135 26 väglängden
212 872 32 20 till
268 872 25 20 de
312 873 108 19 närmaste
435 872 183 26 gästgifverierne,
635 872 32 20 dit
682 872 122 26 skjutsning

57 906 55 26 sker,
129 906 79 26 skjuts-
223 906 40 20 och
279 905 112 26 båtlegans
407 906 76 26 belopp
500 906 47 20 från
564 906 38 20 och
613 906 33 20 till
656 906 149 26 gästgifveriet

57 942 55 19 samt
132 940 36 20 det
183 940 58 20 antal
256 940 80 26 hästar,
353 945 45 15 som
415 939 38 21 bör
469 939 67 21 finnas
552 941 33 19 att
600 939 67 27 tillgå,
684 940 39 20 och
738 940 67 20 andra

56 974 80 21 sådana
159 973 189 27 omständigheter,
367 979 45 15 som
429 973 7 20 i
451 974 100 20 afseende
567 973 12 21 å
594 973 121 21 kontrollen
732 974 73 20 kunna

57 1008 67 21 finnas
140 1006 112 27 behöfliga.

129 1041 45 22 Gör
188 1041 132 27 gästgifvare
335 1041 7 21 i
357 1041 85 27 dagbok
458 1042 116 26 ändringar
589 1041 39 21 och
643 1041 81 26 tillägg,
738 1041 68 26 plikte

58 1076 56 21 ända
132 1075 33 21 till
183 1075 121 21 tvåhundra
323 1075 66 20 mark.
419 1070 31 25 Är
465 1075 141 26 anmärkning
622 1075 22 20 af
658 1075 97 25 resande,
771 1081 36 14 en-

58 1111 112 25 treprenör
189 1109 51 20 eller
256 1109 131 26 gästgifvare
402 1109 8 20 i
425 1109 112 26 dagboken
552 1108 77 26 införd,
646 1108 39 21 bör
699 1108 107 21 Länsman

59 1144 13 20 å
86 1143 74 21 landet
178 1143 39 20 och
234 1143 160 20 vederbörande
409 1142 125 27 myndighet
548 1143 7 20 i
571 1143 55 25 stad,
642 1142 54 21 efter
711 1142 96 21 erhållen

59 1177 98 26 kunskap
181 1183 33 14 om
237 1177 174 25 anmärkningen,
427 1176 7 20 i
451 1177 64 20 saken
538 1176 92 21 anställa
648 1176 159 25 undersökning

60 1212 56 20 samt
130 1211 90 20 insända
231 1211 39 20 sitt
280 1210 74 21 dervid
364 1209 63 21 förda
436 1209 107 26 protokoll
554 1209 33 21 till
598 1209 145 26 Guvernören,
755 1215 52 20 som,

60 1245 38 21 der
114 1245 46 20 skäl
176 1244 33 21 till
224 1244 49 26 laga
289 1244 44 21 åtal
347 1243 149 27 förekommer,
512 1243 92 21 förvisar
620 1243 65 20 saken
701 1243 33 20 till
749 1244 59 19 dom-

61 1279 48 26 stol,
124 1279 64 20 hvars
204 1278 73 26 utslag
291 1279 40 20 bör
346 1278 138 20 Guvernören
499 1277 115 21 meddelas.
638 1277 42 20 Vid
690 1276 118 21 undersök-

60 1313 78 26 ningen
154 1319 50 14 vare
220 1313 39 20 den
275 1312 103 21 resandes
395 1311 95 22 hörande
505 1311 47 21 icke
566 1311 81 26 nödigt,
663 1311 48 20 med
726 1310 83 22 mindre

60 1347 43 20 han
119 1346 49 26 sjelf
182 1346 73 20 derom
271 1346 57 25 gjort
343 1345 104 20 förbehäll
463 1345 52 20 eller
530 1344 107 20 särskilda
650 1343 159 26 omständighe-

62 1381 33 20 ter
110 1379 63 27 eljest
188 1379 71 21 dertill
275 1378 117 21 föranleda.

406 1441 11 27 $
435 1441 32 21 18.

134 1483 43 20 För
199 1482 56 21 hvad
277 1481 91 22 resande
386 1481 13 22 å
413 1480 126 27 gästgifveri
561 1480 93 26 åtnjuter
676 1481 60 20 utom
757 1485 54 22 rum,
