1031 1709
213 167 27 19 26
507 166 52 22 N:o
575 166 46 21 11.

186 233 94 27 görande
300 233 24 21 af
337 233 52 21 håll-
405 234 40 20 och
459 232 196 28 reservskjutsning
671 234 56 19 samt
741 230 193 28 gästgifveribygg-

185 268 42 20 nad
250 267 55 21 skall
320 267 48 21 från
391 268 39 20 och
444 268 49 21 med
509 268 24 20 år
549 267 39 21 187
627 266 106 27 upphöra;
749 265 40 22 och
804 265 130 21 tillkommer

186 303 65 25 ägare
273 301 23 21 af
314 302 63 20 dessa
394 302 129 26 lägenheter,
542 301 71 21 såsom
630 300 137 27 godtgörelse
781 300 34 21 för
830 300 40 20 den
887 300 49 20 dem

187 335 90 22 sålunda
291 335 134 27 frångångna
439 336 72 25 frihet,
526 336 7 20 i
549 337 32 19 ett
595 335 34 21 för
640 335 39 20 allt
690 336 31 19 ett
728 334 77 27 belopp
815 334 22 20 af
845 334 90 26 636,885

186 370 61 21 mark
262 369 66 21 finskt
343 369 139 27 silfvermynt,
497 370 77 21 hvaraf
587 370 88 26 belöper
690 369 33 26 sig
737 369 34 21 för
786 368 152 27 lägenheterna

186 404 58 21 inom
259 404 96 27 Nylands
374 404 35 21 län
428 405 91 25 252,904
534 404 67 26 mark,
617 404 34 20 för
663 404 152 26 lägenheterna
822 403 58 21 inom
889 396 47 27 Åbo

188 438 39 22 och
234 438 145 28 Björneborgs
388 439 35 21 län
433 440 89 25 189,372
530 439 67 25 mark,
603 438 33 21 för
644 438 153 26 lägenheterna
804 438 59 20 inom
870 437 68 21 Tava-

189 473 74 21 stehus
279 473 35 21 län
331 474 89 25 160,112
435 474 62 20 mark
512 474 39 20 och
565 473 34 21 för
613 473 153 27 lägenheterna
773 472 57 21 inom
839 472 101 26 samtliga

188 508 70 26 öfriga
281 508 36 20 län
340 508 75 25 34,497
431 508 68 25 mark,
516 509 32 19 att
563 507 90 21 emellan
668 509 98 25 ägarene,
782 507 8 20 i
804 506 134 22 förhållande

187 542 34 21 till
236 548 26 15 en
276 542 65 21 hvars
356 542 155 21 innehafvande
525 542 87 26 mantal,
628 542 101 21 fördelas.

460 599 74 27 Enligt
555 599 61 21 Hans
634 598 122 28 Kejserliga
773 599 114 27 Majestäts
902 598 37 21 nå-

393 633 51 27 diga
465 633 124 27 befallning,
612 633 71 27 gifven
705 633 8 21 i
735 633 90 21 Livadia
847 633 41 21 den
910 634 28 26 +

394 668 96 21 Oktober
507 669 60 21 1876.

286 743 63 21 EM.
371 743 469 22 STJERNWALL-WALLEEN.

538 874 55 19 Ch.
607 874 67 18 Em.
688 874 39 17 af
732 874 185 18 Frosterus.

308 1508 123 24 Helsingfors,
444 1510 12 18 &
468 1510 105 24 Kejserliga
585 1510 89 19 Senatens
687 1512 86 22 tryckeri,
787 1512 49 17 1876.
