1025 1695
286 130 35 22 .U.
336 130 27 22 B.
380 142 26 3 —
422 130 72 27 Prop.
508 130 47 22 N:o
569 132 34 20 19.
778 133 13 19 9

209 197 157 30 Ridderskapet
389 198 37 22 och
450 198 69 22 Adeln
535 203 54 17 samt
606 198 83 22 Preste-
704 199 38 22 och
761 200 58 21 Bon-

140 231 117 22 destånden
273 236 36 22 att,
327 232 47 22 med
388 232 137 29 frångående
541 232 28 28 af
581 232 49 22 sina
641 232 131 29 föregående
784 234 35 20 be-

140 266 42 20 slut
204 266 93 21 rörande
320 273 62 14 mom.
404 266 18 21 2
441 266 27 28 af
481 266 14 28 &
513 266 39 26 14,
569 266 117 29 godkänna
702 267 56 22 detta
775 274 44 14 mo-

140 303 55 17 ment
211 299 64 28 enligt
295 299 108 22 Utskottets
418 300 92 29 förslag.

138 338 123 28 Angående
276 338 21 29 8
313 341 34 21 15
360 340 107 22 inhemtas
482 341 23 20 af
519 340 229 28 protokollsutdragen,
766 342 29 19 att

173 384 182 28 Ridderskapet
369 386 48 21 och
431 386 82 22 Adeln

138 424 96 27 godkänt
249 425 73 20 denna
338 425 20 25 $,
376 425 56 20 dock
447 425 49 21 med
512 425 131 27 uteslutning
656 427 23 19 af
686 426 48 20 dess
743 432 77 14 senare

72 458 33 21 del
121 457 46 21 från
184 459 39 20 och
240 459 49 20 med
305 459 61 20 ordet
380 459 100 26 ,utom*;
498 461 29 19 att

173 501 186 24 Presteständet

138 543 79 21 ändrat
239 545 36 24 $:n
294 545 7 19 i
316 544 95 27 enlighet
426 545 50 21 med
493 546 29 19 ett
536 544 25 21 sä
576 545 95 26 lydande
686 545 133 20 redaktions-

70 574 72 35 förslag
153 585 8 20 :
358 596 3 2 :

139 634 11 11 n
152 618 96 27 Tiderna
264 619 33 20 för
311 619 127 26 uppbörden
454 617 90 23 föreslås
559 619 24 20 af
591 617 227 29 regleringskomit6n
807 613 13 37 ;

70 652 39 21 och
132 653 47 26 bör,
203 653 44 20 ifall
270 653 127 26 uppbörden
414 653 126 20 verkställes
556 653 23 20 af
592 653 90 20 utsedde
698 651 121 28 uppbörds-

70 688 58 25 män,
154 687 42 20 den
219 687 114 26 uppburna
356 687 123 26 aflöningen
502 687 59 21 inom
583 688 76 25 fjorton
679 687 68 26 dagar
766 686 54 20 efter

71 721 116 20 verkställd
210 721 97 25 uppbörd
331 721 29 20 till
380 721 126 26 löntagaren
523 720 119 21 aflemnas*
659 727 19 14 o.
696 727 17 14 s.
731 727 19 13 v.
767 720 7 19 i
790 720 28 20 öf-

71 754 202 21 verensstämmelse
289 755 50 21 med
356 755 170 27 propositionen;
544 757 55 19 samt
614 757 30 17 att

173 797 212 28 Borgareständet

138 840 6 20 i
160 840 63 26 öfrigt
237 839 97 27 godkänt
348 840 154 25 betänkandet,
519 842 60 19 utom
593 842 30 19 att
638 840 61 21 ordet
714 840 105 25 ,bestäm-

147 873 80 27 utbytts
243 875 44 20 mot
303 874 61 21 ordet
380 869 13 36 ,,
394 873 115 28 föreslås";
526 875 111 20 hvaremot

171 916 185 25 Bondeståndet

139 960 28 27 på
189 962 40 19 sätt
252 961 110 20 ofvanföre
384 960 91 21 nämndt
494 964 31 24 är,
547 961 7 20 i
575 961 70 20 stället
659 961 33 20 för
704 961 116 20 Utskottets

71 995 79 27 förslag
173 995 134 20 beträffande
330 995 58 20 detta
410 995 87 27 kapitel,
523 995 80 27 antagit
620 995 57 22 Herr
692 994 128 22 Hollmerus'

71 1029 140 21 reservation.

138 1073 36 22 Då
195 1074 160 27 Ridderskapet
373 1075 39 20 och
429 1075 81 21 Adelns
525 1075 70 20 beslut
611 1075 6 20 i
632 1074 143 21 förevarande
791 1074 28 19 af-

71 1109 81 21 seende
166 1109 117 21 föranledts
299 1109 24 20 af
335 1109 49 20 dess
400 1109 69 20 beslut
483 1109 136 21 beträffande
634 1115 78 14 senare
724 1114 95 15 momen-

72 1146 28 19 tet
116 1145 24 19 af
154 1144 12 24 $
181 1144 34 26 14,
233 1150 50 14 men
299 1143 159 28 Ridderskapet
474 1144 39 21 och
530 1143 69 20 Adeln
616 1143 6 20 i
637 1143 36 21 det
688 1141 133 28 föregående

71 1178 102 27 inbjudits
196 1180 29 18 att
247 1176 77 28 frångå
346 1177 58 20 detta
426 1177 77 26 beslut,
525 1179 55 18 samt
595 1175 160 23 Presteståndet
771 1175 50 21 med

72 1212 72 20 denna
159 1213 13 23 $
188 1211 87 26 vidtagit
291 1211 77 20 endast
382 1217 27 15 en
426 1211 257 26 redaktionsförändring,
698 1217 46 14 som
756 1210 65 20 likväl

70 1246 49 20 icke
142 1246 24 20 af
185 1245 68 26 öfriga
277 1243 67 22 Stånd
366 1245 97 25 biträdts,
485 1245 40 20 och
540 1243 161 22 Bondeståndet
716 1243 48 21 åter
778 1242 44 22 står

71 1281 84 19 ensamt
170 1285 35 15 om
221 1279 33 19 sitt
269 1278 70 21 beslut
354 1280 28 18 att
398 1278 126 27 uppbörden
537 1278 66 27 enligt
614 1278 74 27 regeln
696 1277 55 21 skall
759 1277 61 20 verk-

71 1313 72 21 ställas
159 1314 24 19 af
195 1312 140 26 löntagarene
352 1312 81 26 sjelfve,
450 1312 7 20 i
473 1312 110 20 anseende
598 1312 83 20 hvartill
693 1312 63 20 äfven
766 1311 54 20 Bon-

71 1345 113 21 deståndet
199 1346 6 20 i
221 1346 36 20 det
271 1343 134 28 föregående
421 1345 102 26 inbjudits
538 1346 30 18 att
583 1344 96 21 nämnda
686 1338 68 37 beslut
765 1342 55 22 från-

72 1379 34 27 gå,
124 1379 32 21 får
170 1379 107 21 Utskottet
291 1379 110 20 vördsamt
416 1377 79 22 föreslå

209 1428 30 17 att
253 1423 157 30 Ridderskapet
426 1423 38 22 och
475 1422 68 23 Adeln
555 1427 55 18 samt
623 1423 82 22 Preste-
714 1422 38 22 och
762 1422 59 23 Bon-

141 1458 118 22 destånden
281 1457 62 22 måtte
365 1457 118 29 godkänna
508 1457 111 22 Utskottets
639 1457 85 28 förslag
740 1456 82 29 beträf-

98 1505 71 24 Bihang
183 1505 28 18 till
223 1504 102 19 Sammans.
342 1504 48 24 Lag-
403 1510 17 12 o.
428 1504 185 19 Ekonomiutskottets
625 1503 111 19 betänkunde
748 1503 38 19 N:o
800 1503 20 18 6.

70 872 61 23 mas"
