1048 1703
302 168 78 23 Ständ.
396 168 38 23 Sv.
450 179 28 4 —
491 168 68 29 Prop.
575 168 39 23 N:o
628 168 21 22 4.
804 168 13 21 3

100 239 23 17 är
137 235 8 21 i
161 235 55 22 1858
231 234 33 22 års
278 235 134 28 Kungörelse
427 234 48 23 dem
489 235 73 29 tillagd
576 235 49 22 med
639 235 130 28 åberopande
783 234 24 23 af
812 235 35 22 det

98 269 135 28 privilegium
254 268 33 22 för
306 269 35 22 det
362 269 108 22 lutherska
484 269 133 26 läroståndet,
633 277 34 14 om
682 269 62 22 hvars
759 269 86 30 upphäf-

97 303 68 22 vande
180 311 29 14 nu
224 307 22 18 är
260 303 65 29 fråga,
340 305 52 21 trott
406 304 32 29 sig
452 304 50 21 böra
516 304 34 22 till
564 304 40 22 den
614 303 117 29 föreslagna
738 304 107 28 lagtexten

97 342 50 24 göra
164 339 30 20 ett
212 337 73 29 tillägg
300 337 24 22 af
336 337 99 27 innehåll,
452 340 30 20 att
496 339 26 20 de
537 338 8 21 i
559 338 138 22 nästnämnde
712 337 133 29 Kungörelse

97 372 107 21 bestämda
219 371 221 29 undantagsförmåner
454 372 118 29 upphäfvas
587 372 107 28 samtidigt
708 372 39 20 och
761 371 27 29 på
799 379 46 14 ena-

96 406 70 22 handa
188 406 74 26 vilkor,
285 413 44 14 som
352 406 35 21 det
408 406 109 22 lutherska
536 405 137 23 läroståndets
687 405 158 29 ifrågavarande

96 440 141 28 privilegium.

100 484 125 22 Ständerna
244 484 30 27 få
297 484 67 21 alltså
385 485 9 20 i
415 484 174 28 underdånighet
603 485 95 26 anmäla,
714 487 33 19 att
761 485 85 21 Preste-

180 518 88 22 ståndet
289 518 105 28 samtyckt
417 519 35 21 till
470 521 33 19 att
518 519 25 21 de
557 525 76 21 genom
647 519 64 21 10:de
723 518 99 28 punkten
838 519 9 20 i

182 551 79 29 Kongl.
284 552 162 28 Privilegierna
468 554 40 20 den
530 554 29 20 16
576 552 91 21 Oktober
682 554 58 20 1723
752 555 94 25 prester-

181 586 85 28 skapets
290 586 38 21 och
351 586 143 22 läroståndets
518 586 138 22 medlemmar
680 586 165 28 tillförsäkrade

181 620 237 28 undantagsförmåner
438 620 38 26 för
491 622 64 20 deras
570 620 85 29 gårdar
669 620 36 22 och
723 620 123 28 lägenheter

180 654 8 20 i
210 653 50 21 stad
281 654 70 21 varda
370 655 10 20 i
394 654 217 24 öfverensstämmelse
625 655 49 21 med
687 654 158 22 nedanstående

182 687 162 28 bestämningar
358 687 120 28 upphäfda,

97 721 109 27 äfvensom
230 723 32 18 att
285 721 41 21 den
348 722 82 27 nådiga
441 723 166 27 propositionen
622 723 21 27 ej
656 722 84 21 kunnat
755 723 91 26 oförän-

96 755 56 20 drad
173 755 127 27 godkännas
322 755 29 27 af
370 755 130 26 Ständerna,
520 757 73 21 hvilka
607 756 37 25 för
658 757 35 20 sin
708 757 36 21 del
759 757 87 22 beslutit

96 789 38 20 och
149 789 87 27 antagit
250 795 26 14 en
286 788 141 29 författning
442 789 31 28 af
480 790 104 27 följande
599 790 93 29 lydelse:

290 857 51 21 Med
356 858 96 27 ändring
468 858 30 27 af
508 859 61 21 10:de
579 859 98 28 punkten
686 859 9 21 i
702 859 80 28 Kongl.
790 860 54 21 Pri-

232 891 120 27 vilegierna
370 891 42 27 för
431 893 161 27 presterskapet
610 893 31 26 af
651 893 40 21 den
707 895 28 20 16
753 894 90 22 Oktober

231 925 59 20 1723
304 928 56 18 samt
375 926 30 27 af
418 925 93 28 Kejserl.
526 927 149 28 Kungörelsen
686 928 41 21 den
737 929 30 20 29
781 928 62 22 Mars

232 958 64 26 1858,
317 960 113 27 angående
446 960 163 29 grekisk-ryska
621 962 173 27 presterskapets
811 963 34 21 be-

226 991 81 27 Jrielse
318 992 58 27 från
394 994 174 28 stadsutskylder
577 995 42 28 för
635 996 64 21 deras
715 997 8 19 i
738 997 104 21 städerna

230 1025 160 27 innehafvande
406 1027 98 21 boställs-
520 1028 38 20 och
573 1028 100 22 enskilda
687 1029 91 28 gårdar,
793 1037 49 15 var-

230 1058 38 21 der
282 1060 104 27 stadgadt
400 1068 44 14 som
461 1060 79 28 följer:

286 1092 49 22 Den
354 1094 38 26 uti.
408 1095 61 20 10:de
481 1095 96 27 punkten
593 1096 29 26 af
633 1096 79 28 Kongl.
728 1097 113 29 Privilegi-

230 1132 53 14 erna
308 1126 42 21 den
372 1128 27 20 16
423 1127 90 22 Oktober
535 1130 58 20 1723
609 1130 161 28 presterskapet
785 1134 56 19 samt

230 1160 125 25 akademie-,
375 1162 119 26 gymnasii-
510 1162 38 21 och
562 1163 137 28 skolbetjente
713 1166 9 19 i
737 1166 104 20 städerna

228 1192 37 26 för
286 1193 64 21 deras
376 1195 56 21 inom
454 1196 115 21 städernas
588 1197 147 27 jurisdiktion
750 1199 91 28 belägna

228 1228 91 26 gärdar,
344 1230 81 24 tomter,
450 1236 50 20 egor
515 1230 36 21 och
567 1230 74 28 öfriga
657 1232 124 27 lägenheter
797 1234 43 20 till-

223 1259 134 27 försäkrade
374 1261 74 26 frihet
464 1262 58 27 från
545 1263 31 21 all
599 1263 106 28 borgerlig
720 1268 67 26 tunga
803 1267 36 21 och

228 1292 74 22 besvär
316 1294 58 20 skall
386 1294 54 27 frän
457 1296 38 20 och
510 1297 47 21 med
573 1297 40 21 den
628 1299 13 19 1
655 1298 99 22 Januari
769 1300 43 21 187

227 1327 107 27 upphöra.
364 1328 60 21 Dock
439 1330 34 20 mä
490 1330 25 20 de
527 1331 29 27 af
555 1332 173 28 presterskapets
737 1334 37 21 och
783 1334 55 22 läro-

227 1362 98 21 ständets
336 1362 138 27 förbemälde
488 1365 143 26 medlemmar,
647 1365 73 22 hvilka
729 1369 68 26 sagde
806 1369 33 20 tid

228 1394 116 29 innehafva
359 1397 84 27 gärdar
458 1397 36 22 och
512 1399 122 28 lägenheter
649 1401 48 21 med
710 1402 127 28 ätnjutande

228 1429 30 27 af
270 1430 60 27 dylik
340 1430 100 27 förmån,
456 1431 119 24 bibehållas
591 1433 75 22 dervid
681 1435 60 22 intill
751 1437 36 21 sin
797 1437 42 22 död

226 1463 54 21 eller
301 1465 45 20 tills
367 1467 33 19 att
421 1465 25 21 de
466 1466 154 28 dessförinnan
636 1469 95 27 upphört
746 1474 33 18 att
795 1472 42 21 till-

224 1498 119 28 godonjuta
362 1500 172 29 presterskapets
553 1503 134 28 privilegier,
703 1507 56 20 samt
774 1506 64 22 deras
