1023 1711
200 155 27 21 38
420 153 20 22 U.
454 153 20 22 B.
489 165 28 4 —
531 153 51 28 Prop.
596 153 30 21 N:o
641 152 30 22 20.

408 215 118 22 Enahanda
540 216 44 21 rätt
599 215 122 22 tillkommer
731 215 81 27 jemväl
823 214 40 21 den
874 221 44 14 som

340 252 67 21 under
426 258 80 14 annans
520 250 155 27 målsmanskap
691 249 48 22 eller
754 249 164 22 husbondevälde

341 286 51 26 står,
412 292 33 14 om
465 285 103 21 målsman
587 285 48 22 eller
652 285 104 21 husbonde
775 283 69 23 dertill
862 290 56 15 sam-

341 320 73 27 tycker.

654 350 30 24 E.
702 350 25 24 J.
745 349 123 25 Andelin.

238 460 41 22 Vid
298 459 188 28 öfverläggningen
504 466 34 15 om
553 460 12 27 8
581 460 26 21 29
627 459 23 22 af
668 459 79 27 nådiga
760 459 160 28 propositionen

170 495 109 28 angående
294 495 106 22 allmänna
415 495 142 27 fattigvården
571 495 95 21 uttalade
681 494 159 22 undertecknad
850 495 70 21 såsom

170 531 33 22 sin
222 531 60 26 åsigt,
301 531 32 20 att
351 536 34 15 om
404 529 164 22 medlemmarne
583 530 8 21 i
606 531 31 20 ett
654 529 103 22 samhälle
773 530 13 21 å
801 536 40 15 ena
860 530 60 21 sidan

169 566 72 20 kunna
256 565 112 27 förpligtas
383 566 31 20 att
429 565 65 21 vårda
510 565 26 21 de
551 565 105 26 arbetare,
671 565 73 21 hvilka
759 571 76 20 genom
852 564 69 22 ålder-

171 599 151 27 domssvaghet
338 598 52 22 falla
404 599 142 27 fattigvården
561 599 33 21 till
609 598 48 28 last,
673 599 25 21 så
712 599 53 21 böra
780 598 62 22 äfven
858 599 12 21 å
885 605 36 15 an-

171 635 38 21 dra
224 634 60 22 sidan
304 634 62 22 dessa
384 634 98 22 arbetare
500 634 72 22 kunna
587 634 112 27 förpligtas
714 635 32 21 att
760 634 7 21 i
782 634 68 22 första
865 640 56 15 rum-

170 670 44 21 met
232 669 76 27 sjelfva
327 668 57 28 sörja
402 668 34 22 för
455 669 38 27 sig,
509 670 15 20 t.
541 675 31 15 ex.
587 674 76 22 genom
681 670 32 20 att
726 668 51 27 ingå
791 669 7 21 i
812 669 110 27 pensions-

169 704 148 27 inrättningar,
337 704 37 21 der
393 704 71 27 dylika
482 703 68 22 finnas
569 704 52 20 eller
640 703 71 22 kunna
725 704 85 27 uppstå;
826 710 49 15 men
890 705 32 21 att

170 746 34 15 om
220 746 26 15 en
261 739 67 21 sådan
346 738 133 28 förpligtelse
497 744 62 16 anses
579 738 33 22 för
628 739 30 21 ett
673 738 128 27 otillbörligt
815 738 64 28 tvång
894 738 28 28 på

170 775 136 21 arbetarenes
321 774 71 26 frihet,
408 773 24 21 så
446 774 38 21 bör
500 774 37 20 det
551 773 13 21 å
579 774 66 21 andra
660 773 61 21 sidan
736 773 65 22 också
816 780 62 15 anses
888 774 34 21 för

171 811 31 21 ett
223 809 127 27 otillbörligt
370 808 65 27 tvång
453 809 28 27 på
500 808 61 22 deras
579 808 71 27 frihet,
669 808 72 22 hvilka
759 808 111 27 förpligtas
890 810 32 20 att

169 845 67 21 vårda
254 844 84 26 honom,
358 850 33 15 om
410 844 48 20 dem
476 843 87 27 älägges
583 850 26 14 en
629 843 65 22 sådan
713 843 129 28 skyldighet.
872 844 50 21 Just

171 880 26 21 de
212 879 104 26 arbetare,
332 878 72 21 hvilka
423 878 66 27 enligt
504 878 98 27 gällande
618 878 133 26 stadganden
765 878 47 21 icke
827 880 37 19 äro
880 878 42 21 för-

170 915 95 26 pligtade
284 915 32 20 att
334 913 86 26 deltaga
434 913 8 20 i
456 913 139 21 kommunens
611 913 72 26 tunga,
698 914 37 19 äro
751 913 122 26 antagligen
889 913 32 27 de,

170 949 72 21 hvilka
259 947 115 22 framdeles
388 948 86 21 komma
488 949 32 20 att
534 947 70 22 lemna
619 948 41 21 den
675 947 54 22 allra
744 949 80 20 största
838 947 83 22 kontin-

170 985 78 25 genten
263 982 33 22 till
311 982 149 27 fattigvården.
489 982 97 21 Rättvisa
601 982 39 21 och
655 982 98 27 billighet
766 983 74 27 tyckes
850 982 73 22 fordra

170 1020 32 19 att
217 1025 33 14 om
266 1017 48 22 dem
330 1017 13 21 å
358 1023 39 16 ena
416 1017 60 21 sidan
494 1017 81 21 lemnas
594 1017 39 21 full
651 1017 64 21 frihet
730 1018 32 20 att
776 1017 92 22 förvalta
883 1017 39 21 och

170 1053 62 21 sköta
248 1053 46 21 sina
308 1051 184 28 angelägenheter,
508 1052 59 21 detta
582 1051 135 22 förhållande
733 1052 12 21 å
761 1053 40 20 den
817 1052 67 21 andra
894 1052 28 21 si-

170 1088 42 21 dan
226 1087 63 22 äfven
303 1086 39 21 bör
356 1087 97 20 medföra
467 1086 39 21 full
523 1086 136 27 ansvarighet
673 1087 34 21 för
719 1087 40 21 den
771 1087 108 26 händelse,
890 1088 32 20 att

171 1122 69 20 denna
254 1121 130 26 förvaltning
398 1122 25 19 är
438 1121 58 26 dålig
511 1121 52 21 eller
577 1120 117 27 lättsinnig.
724 1121 38 21 Att
776 1121 94 26 betunga
881 1121 41 21 den

171 1156 69 26 öfriga
255 1156 62 21 delen
332 1154 23 22 af
368 1154 113 22 samhället
498 1155 49 22 med
564 1154 106 27 följderna
685 1155 23 21 af
722 1155 62 21 deras
800 1155 122 27 försumlig-

170 1191 37 21 het
224 1190 42 21 kan
284 1189 48 22 icke
349 1195 51 16 vara
419 1190 91 21 rättvist.
541 1190 31 22 På
590 1190 69 26 grund
674 1190 23 21 af
711 1190 36 21 det
761 1190 90 21 anförda
866 1189 56 22 före-

171 1225 43 21 slår
229 1224 164 26 undertecknad,
410 1226 32 20 att

239 1258 101 26 antingen
355 1258 61 21 ordet
430 1258 232 26 ,ålderdomssvaghet"
677 1259 6 20 i
700 1260 11 26 &
727 1259 13 21 2
755 1258 25 21 af
793 1259 41 20 den
843 1258 79 26 nådiga

170 1292 158 28 propositionen
344 1292 65 21 måtte
424 1292 60 26 utgå;
503 1292 53 22 eller
571 1292 64 22 också
650 1293 31 20 att
697 1292 11 28 $
723 1292 27 22 29
765 1292 8 21 i
789 1292 40 22 den
844 1292 78 27 nådiga

170 1327 159 30 propositionen
344 1326 65 22 måtte
425 1326 82 22 erhålla
522 1326 93 28 följande
630 1326 85 28 tillägg:

412 1361 20 27 »$
449 1360 98 22 händelse
565 1360 218 28 pensionsinrättning
804 1361 36 27 för
862 1361 58 22 arbe-

342 1398 44 20 tare
403 1396 68 27 finnes
490 1395 48 22 eller
556 1396 89 27 uppstår
663 1396 57 22 inom
735 1396 124 22 kommunen
874 1404 48 14 vare

342 1432 122 21 kommunen
480 1431 115 28 berättigad
609 1433 30 20 att
654 1438 33 14 om
701 1431 40 22 den
755 1431 26 22 så
792 1432 69 26 finner
870 1431 50 22 skä-

341 1467 37 28 ligt
396 1466 97 28 påbjuda
511 1466 118 22 arbetarene
647 1466 57 22 inom
723 1467 47 22 dess
789 1466 85 22 område
892 1468 30 20 att

239 1508 163 19 Ekonomiutskottets
414 1507 101 18 betänkande
527 1507 32 17 N:o
572 1507 17 18 8.
