1045 1698
244 145 14 20 2
426 145 27 18 U.
469 146 32 16 B.
515 154 27 4 —
557 145 83 22 Prop.
654 145 47 17 N:o
717 145 18 16 7.

217 210 106 27 ningsmäl
333 209 133 22 beträffande
476 209 75 26 lagens
565 209 95 21 innehäll
675 209 7 20 i
697 208 72 26 öfrigt.
794 208 80 21 Härtill
882 208 74 25 hörde,

217 243 66 21 bland
298 244 72 25 annat,
385 244 33 19 att
431 243 161 26 bestämningar
606 242 67 21 borde
688 242 7 21 i
711 242 63 26 lagen
789 243 106 25 upptagas
911 247 47 21 ,om

217 277 40 21 och
276 277 28 26 pä
322 276 57 21 hvad
398 277 44 20 sätt
460 276 71 26 privat
543 275 233 28 jernvägsanläggning
791 275 34 20 mä
840 275 73 20 kunna
927 275 31 20 in-

217 310 89 21 tecknas
321 310 40 23 och
376 309 55 22 reelt
444 309 109 27 hypothek
569 309 44 22 deri
628 309 95 26 vinnas,"
739 308 109 21 äfvensom
864 310 32 19 att
911 310 48 19 rän-

218 343 108 26 tegaranti
346 343 60 25 eller
418 344 65 19 annat
502 343 226 26 penningeunderstöd
748 342 47 21 frän
814 344 83 19 statens
912 342 47 20 sida

218 377 67 20 borde
303 377 78 25 utgöra
400 382 26 15 en
444 376 156 26 förutsättning
618 375 34 21 för
671 376 81 21 sädana
766 376 7 20 i
789 382 26 14 en
830 375 129 21 koncession

218 409 106 26 ingäende
342 409 167 27 bestämningar,
530 416 46 15 som
594 411 33 19 att
646 411 70 19 staten
732 409 55 21 efter
802 409 43 21 viss
860 409 33 20 tid
907 410 53 19 utan

219 443 60 21 lösen
302 443 82 20 erhölle
403 443 127 26 eganderätt
549 443 34 21 till
599 443 118 26 jernvägen
737 443 39 20 och
792 443 48 20 dess
856 442 104 25 materiel,

219 478 32 19 att
270 478 49 25 post
338 476 68 21 borde
424 478 52 19 utan
491 477 120 26 ersättning
626 476 114 21 framföras
756 477 55 19 samt
826 477 32 19 att
873 477 87 19 statste-

218 510 108 27 legrafens
345 510 75 21 trädar
439 510 56 27 finge
510 510 67 22 fästas
591 510 37 22 vid
640 510 131 27 jernvägens
785 509 176 27 telegrafstolpar

219 544 40 21 och
273 544 67 21 borde
355 544 39 21 der
408 544 84 21 värdas.

286 578 11 20 I
324 578 41 20 den
386 578 149 26 underdäniga
557 577 118 26 skrifvelse,
699 578 61 20 hvari
782 577 121 21 Ständerna
925 577 37 21 vid

220 618 80 14 samma
314 611 105 27 landtdag
434 611 85 27 afgäfvo
535 612 39 20 sitt
588 611 116 27 afböjande
719 618 49 14 svar
783 611 13 21 &
811 612 41 20 den
861 610 27 22 dä
898 610 63 21 fram-

220 645 64 26 lagda
297 645 81 26 nådiga
391 645 162 26 propositionen
564 645 46 20 "om
625 645 122 26 antagande
762 644 24 21 af
799 651 26 15 en
833 644 129 27 författning

220 678 110 27 angäende
345 678 122 26 underpant
482 678 7 20 i
501 678 260 27 jernvägsanläggningar
776 679 49 20 med
841 678 72 21 dertill
924 678 37 20 hö-

221 712 67 21 rande
307 712 44 20 fast
370 711 40 21 och
430 711 32 21 lös
482 712 123 26 egendom,*
621 712 95 21 erkände
732 712 121 21 Ständerna
868 711 93 22 visserli-

220 752 41 20 gen
281 746 37 20 det
336 745 84 27 skäliga
439 745 52 27 deri,
507 747 33 20 att
555 746 47 25 den,
618 752 45 14 som
678 746 117 21 försträckt
812 746 151 27 anläggnings-

220 780 121 20 kostnaden
356 780 33 20 för
404 781 32 19 ett
450 779 91 27 företag,
556 780 67 20 borde
639 786 40 20 ega
693 780 65 21 bästa
772 782 44 19 rätt
833 782 33 19 att
881 786 26 14 ur
922 780 41 20 der

220 814 7 20 i
250 814 40 20 och
311 813 35 21 för
367 812 107 27 företaget
493 813 123 21 anskaffade
634 814 143 26 egendomens
799 814 66 21 värde
881 814 82 21 erhälla

220 847 112 26 betalning
347 846 33 22 för
395 846 33 22 sin
443 846 94 22 fordran.
568 847 49 21 Men
630 847 66 27 jemte
711 848 37 21 det
763 848 121 21 Ständerne
898 848 65 21 fram-

221 881 65 26 höllo,
305 882 33 19 att
357 881 112 20 enahanda
484 881 167 27 betalningsrätt
665 882 132 27 följdrigtigt
810 883 67 20 borde
892 882 71 21 tillde-

221 915 32 21 las
273 914 63 22 äfven
352 915 54 26 dem,
422 921 45 15 som
481 915 28 26 pä
523 915 72 21 kredit
609 915 107 22 levererat
731 917 97 21 materiel
844 916 23 21 af
880 916 83 26 hvarje-

221 948 72 21 handa
312 948 46 26 slag
373 948 46 26 och,
435 948 89 21 framför
539 948 74 28 öfrige,
630 949 54 26 dem,
699 950 75 20 hvilka
788 950 7 20 i
810 950 56 26 hopp
883 956 33 15 om
932 957 31 14 er-

222 982 96 26 sättning
337 982 83 20 afträdt
431 982 51 26 jord
497 983 40 20 och
552 983 70 26 grund
637 983 33 20 till
685 984 166 26 anläggningen,
867 984 96 21 uttalade

222 1015 121 21 Ständerna
358 1015 41 21 den
413 1015 92 27 mening,
521 1018 33 18 att
562 1016 110 21 saknaden
681 1016 23 21 af
710 1017 177 27 bestämningar
877 1011 11 37 i
897 1018 68 26 sagde

221 1048 80 26 nädiga
315 1048 134 27 proposition
465 1055 33 14 om
514 1050 72 26 dylike
596 1049 186 27 fordringsegares
790 1053 50 24 rätt,
850 1051 67 21 bland
928 1058 36 14 an-

222 1084 43 24 nat,
289 1082 118 26 ådagalade
430 1082 200 27 ,nödvändigheten
653 1084 24 20 af
696 1090 27 15 en
745 1085 49 20 utaf
814 1085 91 21 Monark
925 1086 39 20 och

223 1116 92 20 Ständer
333 1116 76 20 stiftad
428 1116 36 26 lag
482 1116 112 26 angäende
608 1118 169 25 grundvilkoren
792 1118 35 21 vid
843 1119 121 21 koncessio-

222 1155 49 15 ners
290 1149 122 26 beviljande
431 1148 34 22 för
484 1150 99 21 enskilda
599 1150 207 28 jernvägsföretag,*
826 1158 34 15 om
883 1152 82 26 förslag

222 1184 87 20 hvartill
330 1183 121 21 Ständerna
470 1184 27 20 dä
509 1184 80 26 jemväl
603 1185 68 21 redan
685 1186 90 20 beslutit
790 1188 32 19 att
836 1187 8 20 i
858 1187 107 21 underdä-

223 1216 75 26 nighet
312 1216 93 21 anhålla.
436 1216 76 27 Först
527 1218 66 20 sedan
609 1224 76 20 genom
701 1225 26 15 en
742 1219 36 27 lag
793 1220 23 20 af
829 1220 8 20 i
852 1220 62 26 fråga
929 1227 36 15 va-

222 1250 68 19 rande
305 1251 34 18 art
354 1250 126 20 utförandet
495 1250 24 20 af
532 1251 26 19 de
571 1251 265 27 jernvägsanläggningar,
852 1259 46 15 som
913 1253 52 21 kon-

223 1282 139 25 eessioneras,
381 1282 72 20 blifvit
467 1282 130 26 betryggadt
611 1284 92 20 medelst
717 1284 103 28 lämpliga
834 1286 131 21 bestämnin-

224 1321 43 20 gar,
291 1321 45 15 som
358 1314 131 22 förekomma
511 1318 34 19 att
563 1316 182 23 koncessionerna
759 1319 27 26 gä
800 1320 8 20 i
823 1320 78 22 handel
917 1320 47 21 frän

223 1355 49 15 man
291 1348 34 21 till
344 1355 55 20 man,
419 1351 51 20 utan
489 1350 66 21 tanke
573 1351 28 26 pä
615 1351 62 22 deras
693 1352 151 28 realiserande,
860 1355 55 20 samt
929 1361 36 14 en-

224 1382 71 21 skilda
316 1388 108 21 personer,
448 1383 59 22 såväl
524 1384 115 27 jordegare
659 1391 45 16 som
723 1387 105 27 arbetare,
845 1388 72 22 blifvit
932 1391 33 19 sä-

223 1416 110 21 kerstälde
350 1416 34 21 för
404 1417 26 21 de
448 1417 109 28 förluster,
577 1425 45 15 som
641 1425 77 22 genom
737 1421 117 28 företagets
870 1419 95 36 misslyc-

223 1451 71 20 kande
316 1451 48 20 dem
382 1451 73 21 kunna
475 1452 149 27 tillskyndas;*
647 1454 80 27 ansägo
750 1455 121 23 Ständerna
892 1458 73 26 tiden

291 1495 126 22 Lagutskottets
428 1496 111 19 Betänkande
551 1497 32 18 N:o
594 1497 17 18 2.
