1025 1703
325 131 21 21 U.
360 132 20 21 B.
396 144 27 3 —
438 132 51 28 Prop.
505 131 29 22 N:o
550 132 30 21 20.
796 134 24 21 11

94 194 80 27 jemväl
190 194 24 21 sä
228 194 84 27 mycket
326 195 68 21 hellre
409 195 71 21 kunna
490 195 81 21 lemnas
581 196 154 21 kommunerna
746 197 55 20 samt
811 196 41 21 fat-

96 228 234 28 tigvärdsstyrelserna,
345 235 45 15 som
404 228 139 23 Guvernören
558 235 57 21 eger,
628 230 87 26 jemlikt
725 230 11 26 $
747 230 20 26 9,
778 230 73 21 förrän

96 262 139 22 fastställelse
254 263 110 21 meddelas
379 263 13 21 &
407 263 274 27 fattigvärds-reglemente,
697 264 75 26 pröfva
786 264 64 20 huru-

95 297 50 20 vida
159 296 80 26 nödiga
257 297 104 21 anstalter
378 296 84 22 träffats
477 298 33 20 till
525 297 144 27 fullgörandet
684 296 24 21 af
721 297 56 21 hvad
791 298 60 20 kom-

96 336 50 15 mun
162 330 67 27 enligt
243 331 36 26 lag
294 330 82 27 äligger
391 330 46 27 och,
453 331 28 26 pä
495 331 69 26 grund
579 330 23 21 af
616 331 37 20 det
662 331 68 21 redan
741 330 109 21 ofvanföre

95 364 111 27 påpekade
229 365 129 27 stadgandet
375 365 8 21 i
398 365 11 27 &
425 365 28 21 45
475 371 63 15 mom.
558 365 20 26 3,
596 365 58 21 tillse
673 365 32 21 att
723 365 128 20 kommunen

95 399 81 27 fullgör
190 399 46 22 sina
252 399 134 28 äligganden.

164 433 11 21 I
190 435 32 20 ett
236 433 103 22 afseende
355 434 68 21 skulle
438 433 105 22 utskottet
552 433 66 22 likväl
630 434 75 21 önskat
716 439 26 16 en
752 435 99 20 närmare

95 468 112 22 föreskrift
221 469 87 26 intagen
323 468 7 21 i
346 469 67 20 denne
429 469 35 20 del
475 468 23 21 af
507 469 159 26 författningen.
696 469 11 20 1
723 468 11 27 $
751 469 27 20 14
789 470 61 25 säges

95 503 107 27 nemligen
212 505 33 19 att
254 503 60 27 barn,
324 503 22 21 åt
355 503 82 21 hvilket
447 503 117 27 fattigvård
571 503 88 26 lemnas,
668 503 56 21 skall
732 503 19 26 ej
760 503 91 21 allenast

95 537 69 21 förses
187 538 49 20 med
255 537 114 27 uppehälle
388 537 41 21 oeh
447 537 77 21 bostad
542 539 52 19 utan
613 537 40 21 ock
670 537 113 26 kristligen
798 543 52 20 upp-

95 572 80 21 fostras
191 572 39 20 och
245 572 133 21 undervisas.
408 572 38 21 Att
461 572 44 20 låta
520 572 36 21 det
571 572 51 21 bero
638 572 36 20 vid
684 573 32 19 ett
728 571 24 21 så
762 571 89 21 allmänt

95 606 68 21 hållet
178 606 124 26 stadgande,
319 612 51 20 som,
387 606 67 26 enligt
464 606 56 21 hvad
530 606 150 21 erfarenheten
691 606 62 25 visat,
767 607 25 19 är
801 605 50 21 full-

95 640 91 27 komligt
205 640 160 27 betydelselöst,
385 640 55 22 låter
459 640 67 27 enligt
544 640 116 21 utskottets
674 640 65 21 tanke
754 639 97 21 försvara

95 675 33 26 sig
144 675 76 21 endast
235 675 38 20 der
289 675 37 21 det
340 674 47 22 icke
402 674 67 22 finnes
485 675 67 26 utsigt
566 674 33 21 för
614 676 32 19 att
656 674 22 21 få
691 680 25 15 en
730 674 121 21 ändamåls-

95 709 58 27 enlig
172 711 98 20 närmare
288 709 151 22 bestämmelse
459 709 159 22 efterkommen.
648 709 51 22 Men
713 709 68 21 finnes
796 709 55 20 folk-

95 744 62 21 skola
171 744 95 21 inrättad
273 744 8 21 i
288 744 134 27 kommunen,
433 744 66 22 borde
510 744 67 27 enligt
587 744 116 21 utskottets
714 744 56 27 åsigt
779 743 73 27 fattig-

96 779 180 27 vårds-styrelsen
292 779 150 26 ovillkorligen
457 779 67 27 draga
538 779 86 26 försorg
639 784 34 15 om
688 778 87 21 barnets
785 778 66 20 insät-

95 814 65 21 tande
175 813 7 21 i
198 813 74 21 sådan.
301 813 112 22 Utskottet
431 813 40 21 har
488 813 84 22 derföre
591 813 74 21 tillåtit
684 813 32 26 sig
735 814 32 20 att
781 812 70 21 införa

96 849 32 20 ett
141 847 77 28 tillägg
233 848 75 21 bärom
323 847 7 21 i
346 848 132 21 sistnämnda
493 848 19 27 $.

164 883 34 20 En
214 888 69 15 annan
298 881 104 22 afvikelse
417 881 48 22 från
481 882 167 27 grundsatserna
662 881 8 21 i
687 881 54 22 1852
757 881 35 21 års
807 881 43 20 för-

96 916 91 27 ordning
205 918 25 19 är
248 917 32 20 att
299 916 128 27 stadgandet
442 917 8 20 i
465 917 48 20 dess
533 917 11 26 8
563 917 35 25 46,
614 923 45 14 som
676 915 87 28 ålägger
778 916 72 25 fattig-

95 951 169 22 vårdssamhälle
284 952 32 19 att
330 951 37 20 vid
381 951 130 21 allmännare
527 950 43 22 nöd
585 950 53 21 söka
653 949 67 22 skaffa
735 949 115 22 arbetsför-

94 985 68 27 tjenst
177 985 22 21 åt
214 985 120 21 arbetsföra
351 985 140 26 behöfvande,
507 985 41 21 fått
562 985 72 21 lemna
649 991 47 15 rum
711 985 34 20 för
755 985 37 21 det
801 985 50 21 vida

96 1019 150 21 inskränktare
262 1019 127 26 stadgandet
405 1018 21 28 ($
439 1019 43 26 18),
499 1021 31 19 att
545 1018 235 27 fattigvärdsstyrelsen
795 1018 7 21 i
818 1018 33 21 sä-

97 1053 51 21 dant
166 1053 40 21 fall
223 1053 40 21 bör
281 1053 114 21 hemställa
414 1053 34 21 till
467 1053 243 27 fattigvärdssamhället
729 1059 34 14 om
782 1053 68 21 vidta-

96 1087 69 27 gande
180 1087 24 21 af
218 1087 26 21 de
260 1087 107 27 ätgärder,
382 1087 74 22 hvilka
471 1087 62 22 deraf
546 1087 130 26 föranledas,
691 1089 52 19 utan
753 1089 32 19 att
795 1093 55 15 sam-

95 1122 69 21 hället
179 1121 121 27 förpligtats
316 1121 34 21 till
360 1122 58 21 vissa
428 1121 146 27 skyldigheter
583 1121 135 22 härutinnan.
747 1121 35 21 Dä
792 1121 59 21 detta

97 1156 76 21 endast
187 1157 25 18 är
227 1162 26 15 en
268 1156 134 26 konsegvens
413 1156 24 21 af
445 1155 41 21 den
496 1156 121 26 grundsats,
626 1161 46 16 som
682 1155 117 27 genomgär
809 1155 41 22 den

96 1190 78 26 nädiga
193 1190 167 26 propositionen,
375 1190 62 21 torde
452 1189 164 28 ifrägavarande
636 1190 117 26 stadgande
769 1190 81 21 obetin-

96 1224 53 27 gadt
162 1224 73 21 kunna
249 1225 96 25 antagas.

166 1258 11 21 I
193 1257 65 27 öfrigt
276 1258 178 21 öfverenstämma
473 1258 26 21 de
514 1258 123 27 föreslagna
652 1258 148 27 stadgandena
814 1263 37 16 an-

97 1292 83 27 gäende
195 1291 226 28 fattigvärdsstyrelse,
433 1293 49 20 dess
492 1292 134 21 tillsättande
637 1292 39 21 och
689 1292 162 27 skyldigheter
840 1287 15 36 i

97 1325 121 22 hufvudsak
232 1326 50 20 med
297 1327 27 20 de
338 1326 29 26 pä
381 1327 70 24 grund
466 1326 22 21 af
503 1326 152 25 förordningen
670 1326 23 20 af
703 1327 40 20 den
754 1326 27 20 22
791 1325 60 21 Mars

98 1359 56 21 1852
174 1359 39 21 och
231 1359 178 26 förordningarna
424 1360 110 26 angäende
549 1359 280 26 kommunalförvaltningen
843 1360 8 20 i

98 1393 49 21 stad
165 1393 40 21 och
219 1392 27 27 pä
261 1393 73 21 landet
349 1399 28 15 nu
395 1393 106 27 gällande,
518 1393 74 22 endast
608 1394 32 20 att
654 1393 148 27 stadgandena
817 1399 34 15 om

99 1427 97 22 distrikts
211 1426 121 29 fördelning
347 1428 135 26 naturligtvis
497 1428 107 21 föranledt
620 1427 135 22 föreskrifter
771 1434 34 15 om
820 1428 32 21 di-

167 1468 168 17 Ekonomiutskottets
347 1468 104 17 betänkande
463 1468 34 17 N:o
511 1468 15 16 8.
