1011 1706
224 147 28 20 88
413 136 28 32 U.
456 140 27 27 E.
502 142 23 17 —
539 135 75 37 Prop.
628 136 47 30 N'd
687 136 32 30 il.

510 204 93 30 813.

264 237 79 39 (Mom.
349 242 34 33 1)
414 246 134 29 Skjutslegan
566 239 72 35 utgör:
656 244 57 32 från
733 245 49 21 stad
796 245 61 29 tjugu
869 244 72 28 penni,

198 282 36 21 och
247 284 29 26 pä
284 280 75 26 landet,
367 282 38 20 der
414 281 141 29 entreprenad
560 279 41 28 för
609 273 188 38 skjutshällningen
806 283 26 17 är
841 278 100 24 inrättad,

197 320 71 17 sexton
283 316 69 28 penni,
369 319 54 17 samt
438 316 37 20 der
490 315 139 28 entreprenad
644 315 41 20 icke
699 317 26 19 är
733 314 101 26 inrättad,
843 309 45 36 tolf
889 310 53 31 pen-

195 352 23 20 ni
235 350 41 28 för
298 354 85 21 versten,
406 350 117 27 ersättning
542 348 42 28 för
603 342 144 35 begagnandet,
764 347 30 29 af
808 348 134 37 skjutsandes

194 385 70 21 äkdon
279 383 37 23 och
331 380 128 32 körredskap
475 385 9 20 i
497 384 74 26 hvarje
582 382 47 28 fall
642 383 47 21 deri
704 383 128 31 inbegripen.

263 418 73 28 (Mom.
354 418 29 28 2.)
413 418 54 21 Lika
481 418 48 21 med
544 424 62 14 mom.
622 418 14 20 2
650 417 7 21 i
673 418 10 27 8
701 417 26 21 15
743 415 23 23 af
777 412 165 32 propositionen.

538 475 12 25 8
568 474 32 21 14.

262 510 55 21 Lika
332 509 47 21 med
395 509 11 28 &
423 509 26 21 16
464 509 7 21 i
486 508 160 28 propositionen
661 508 76 22 endast
751 508 49 22 med
816 508 91 28 ändring
922 508 24 21 af

195 551 25 14 en
238 544 46 20 deri
298 543 172 22 förekommande
486 542 126 28 hänvisning
626 542 32 21 till
673 542 71 22 annan
760 543 18 27 $.

539 600 11 27 8
568 600 32 20 15.

262 634 72 28 (Mom.
352 634 28 28 1.)
409 634 84 27 Hvarje
514 634 134 29 gästgifveri,
670 635 8 19 i
697 635 47 20 stad
759 634 48 22 eller
824 636 27 26 pä
860 634 81 28 landet,

200 683 20 3 —
238 681 87 4 ———
343 681 23 4 —
382 676 19 14 o.
417 676 16 14 s.
449 676 18 13 v.
484 669 67 27 enligt
565 668 11 28 8
594 668 24 21 17
634 668 8 21 i
656 668 160 28 propositionen
833 678 24 5 —
874 682 23 2 —
915 681 25 3 —

194 708 54 16 sami
270 704 33 20 det
325 703 58 21 antal
405 703 72 21 hästar
498 703 36 21 och
550 703 66 24 båtar,
633 710 46 14 som
693 703 38 21 bör
740 704 74 28 finnas
830 706 29 18 att
875 703 65 29 tillgå,

193 738 112 27 anvisning
324 745 34 14 om
373 738 24 20 de
413 738 149 28 anteckningar
578 738 88 20 resande
681 738 38 20 bör
735 738 9 20 i
758 738 106 28 dagboken
879 741 60 25 göra,

193 776 54 16 samt
270 772 69 20 andra
361 772 82 20 sädana
462 771 183 29 omständigheter,
661 779 45 13 som
721 772 9 20 i
744 771 98 27 afseende
857 773 14 19 &
885 772 54 21 kon-

192 806 74 22 trollen
282 806 70 21 kunna
360 806 75 28 finnas
451 806 83 28 nödiga.

262 840 73 28 (Mom.
351 841 30 26 2.)
411 840 54 21 Lika
479 840 48 21 med
542 846 62 15 mom.
620 841 13 20 2
648 840 8 21 i
671 840 11 28 $
699 840 25 21 17
741 840 24 22 af
774 840 165 28 propositionen.

533 885 17 40 s
561 897 33 21 16.

261 932 43 20 För
324 898 64 66 öfrigt
402 930 45 22 lika
461 931 48 21 med
524 932 11 27 &
552 931 27 21 18
594 931 7 21 i
616 927 158 46 propositionen
789 933 58 21 utom
863 933 32 21 att
902 908 39 46 fö

194 965 150 22 rekommande
358 965 152 28 hänvisningar
524 966 78 21 ändras
617 965 8 21 i
640 965 93 28 enlighet
747 966 47 35 med
801 966 140 40 paragrafer-

193 1007 39 14 nas
247 999 108 22 blifvande
369 995 205 48 ordningsnummer.

532 1057 12 27 8
562 1057 32 23 17.

260 1091 54 21 Lika
328 1073 48 39 med
392 1091 54 26 8.19
461 1090 8 20 i
484 1091 165 27 propositionen.

532 1147 60 28 8:18.

261 1183 73 27 (Mom.
352 1182 28 27 1.)..
414 1181 40 21 Vid
473 1182 33 21 bot
521 1181 32 28 af
569 1189 18 14 0.
601 1189 53 14 s..v.
671 1182 66 27 enligt
751 1183 12 28 8
776 1184 30 24 20
821 1183 9 22 i
843 1184 96 27 proposi-

193 1217 72 22 tionen
281 1229 25 3 —
324 1228 67 4 —.—
403 1215 54 28 förr
477 1220 27 17 än
523 1217 41 22 han
584 1216 129 30 skjutslegan
725 1217 41 28 för
782 1211 37 40 den
824 1218 113 29 begagna-

192 1253 24 19 de
239 1252 71 19 hästen
331 1251 61 20 betalt
411 1254 54 17 samt
481 1252 35 19 sitt
530 1258 64 14 namn
610 1251 36 21 och
661 1251 73 29 öfriga
745 1251 142 28 föreskrifna
899 1260 39 14 an-

192 1285 123 27 teckningar
330 1285 9 19 i
352 1284 107 28 dagboken
475 1285 113 24 inskrifvit.

260 1317 73 29 (Mom.
350 1318 29 27 2.)
408 1317 54 22 Lika
477 1318 48 21 med
540 1319 149 21 motsvarande
704 1321 96 20 moment.
811 1320 7 21 i
833 1320 9 27 s
859 1301 30 52 20,
903 1327 36 17 en-

192 1352 48 22 dast
254 1352 50 21 med
319 1351 64 28 nödig
398 1352 91 30 ändring
504 1352 23 21 af
540 1359 32 14 en
581 1352 131 29 hänvisning.

533 1405 11 27 8
562 1404 32 21 19.

259 1437 54 22 Lika
327 1437 48 22 med
390 1438 12 27 8
417 1439 26 20 21
460 1437 7 21 i
482 1438 165 28 propositionen.

260 1477 136 24 Sammansatta
409 1479 49 28 Lag-
471 1485 30 17 och
515 1479 180 23 Ekonomiutskottets
709 1480 113 23 betänkande
833 1478 37 26 N:o
885 1486 19 19 4.
