1045 1706
298 130 26 18 U.
336 131 28 17 B.
382 141 15 2 —
410 131 78 23 Prop.
501 132 43 18 N:o
556 132 18 17 ?.
763 132 11 20 7

77 197 113 28 menighet,
215 200 56 19 samt
287 198 178 22 koncessionären
483 199 90 22 behöfva
587 200 33 21 tör
635 200 68 21 sädan
717 200 87 29 anlägg-

76 232 51 27 ning
143 234 94 26 upptaga
251 232 36 21 län
302 235 57 19 emot
372 234 108 27 hypothek
491 234 7 21 i
503 235 122 27 jernvägen,
634 235 23 20 sä
664 240 50 15 vore
721 234 82 27 sådant,

76 266 35 21 vid
132 266 172 28 lagstiftningens
326 267 123 22 nuvarande
473 268 65 26 skick,
555 268 96 27 omöjligt
669 267 34 21 för
717 268 85 26 honom,

77 303 55 18 samt
143 300 128 28 jernvägens
286 301 105 21 tillkomst
405 302 27 26 pä
447 302 77 21 sädant
539 303 43 19 sätt
591 302 133 27 följaktligen
733 303 70 21 äfven-

76 334 68 28 tyrad.
182 334 174 28 —Fördelaktigare
378 335 69 21 skulle
467 336 66 21 saken
555 336 124 27 visserligen
693 336 64 22 ställa
771 338 33 26 sig

77 368 33 22 för
125 368 47 26 den,
188 375 45 15 som
248 370 13 19 å
276 376 52 20 egen
343 369 99 27 lägenhet
451 370 52 21 eller
515 370 115 20 afsöndrad
636 370 50 27 jord
695 370 49 21 ville
752 370 51 28 byg-

79 410 27 20 ga
129 410 25 14 en
177 403 82 21 enskild
278 404 95 27 jernväg,
389 404 89 20 emedan
493 404 35 20 det
543 404 60 21 stode
617 404 78 21 honom
710 404 47 21 fritt
772 407 32 19 att

78 436 107 30 medgifva
200 437 122 28 inteckning
339 438 7 20 i
358 438 77 28 jorden
449 438 48 21 med
511 438 55 21 hvad
578 438 71 21 dertill
655 438 69 22 hörer.
754 438 49 22 Men

78 472 69 22 skulle
168 472 43 21 han
229 472 58 22 finna
303 472 37 21 sitt
354 473 91 21 intresse
459 472 73 22 fordra
548 474 32 20 att
594 472 45 22 läta
652 472 100 22 inteckna
766 480 37 14 an-

76 507 217 29 läggningskapitalet
314 508 8 20 i
341 508 117 27 jernvägen
474 508 75 26 allena,
564 508 25 21 sä
602 514 50 14 vore
666 508 137 28 wöjligheten

77 541 71 22 dertill
162 542 34 22 för
210 542 79 22 honom
304 542 100 22 afskuren
420 543 6 20 i
442 542 80 22 saknad
538 542 23 21 af
571 542 135 27 lag
615 537 10 37 i
637 542 69 27 ämnet.
736 542 67 22 Hvar-

76 576 41 21 ken
131 576 34 22 för
181 583 62 21 egare
258 577 23 21 af
291 577 114 27 jernvägar
419 576 48 22 utaf
477 584 29 14 nu
514 576 115 22 omordade
637 576 106 22 särskilda
750 576 53 28 slag,

77 610 51 22 eller
150 610 33 22 för
205 618 90 20 egarene
310 610 24 22 af
348 611 40 21 den
406 611 96 21 enskilda
514 611 96 27 jernväg,
625 617 46 14 som
685 610 66 22 redan
764 610 39 22 fin-

75 652 38 14 nes
136 646 7 20 i
165 645 97 26 Finland,
278 647 45 20 stär
337 646 70 27 nägon
422 648 65 25 utväg
502 646 69 26 öppen
586 648 22 18 att
631 652 76 20 genom
722 646 81 20 inteck-

75 680 52 27 ning
144 679 103 21 förskaffa
262 680 32 27 sig
310 680 25 21 de
349 680 88 26 kapital,
453 687 46 14 som
514 679 72 21 kunna
600 679 107 22 erfordras
722 679 34 22 för
770 686 33 14 re-

76 716 60 19 mont
160 714 52 21 eller
230 713 124 28 trafikering
368 713 68 21 under
450 713 154 27 förhällanden,
620 713 27 21 dä
661 713 78 22 sädant
752 720 51 15 vore

77 748 98 28 önskligt.

131 782 42 21 Vid
188 782 154 27 öfvervägande
360 782 23 22 af
394 782 39 21 allt
447 782 59 22 detta
520 784 56 19 samt
590 784 31 20 att
636 781 35 22 det
681 782 120 27 uppenbar-

75 817 56 27 ligen
156 824 50 14 vore
227 816 34 21 för
284 816 72 22 landet
379 817 108 28 gagneligt
506 818 31 20 att
549 817 114 27 jernvägar
677 816 71 22 kunde
762 817 40 21 här

75 851 80 28 byggas
179 850 61 22 äfven
264 858 76 20 genom
362 851 82 21 enskild
460 851 172 27 företagsamhet,
647 850 72 21 kunna
733 851 27 25 vi,
775 850 28 22 dä

77 886 35 21 det
134 885 35 21 vid
185 885 163 22 koncessioners
366 885 118 27 beviljande
500 892 61 21 synes
576 892 52 14 vara
641 884 84 28 möjligt
740 886 32 20 att
785 885 17 21 i-

76 920 87 26 akttaga
176 920 18 26 ej
211 918 81 22 mindre
307 919 55 21 hvad
376 919 35 27 lag
426 919 76 27 bjuder
517 921 27 19 än
559 919 64 21 ocksä
638 918 29 22 all
682 918 65 28 nödig
755 926 47 14 var-

76 954 83 21 samhet
173 953 102 24 deremot,
284 955 32 18 att
329 953 180 21 koncessionerna
522 953 47 21 icke
580 954 34 20 mä
624 953 57 27 gifva
688 952 115 28 anledning

76 989 34 21 till
133 988 124 21 svindlande
280 987 164 27 spekulationer,
463 987 35 21 för
514 988 38 20 vär
566 986 34 22 del
614 986 47 22 icke
675 993 52 15 anse
741 986 62 22 Stän-

78 1023 76 21 dernas
178 1021 110 22 uttalande
305 1021 35 21 vid
360 1022 52 20 1872
428 1022 34 20 års
477 1021 103 27 landtdag
594 1021 93 21 behöfva
701 1020 102 22 tillmätas

78 1058 40 20 den
136 1056 50 27 vigt,
202 1058 32 19 att
252 1056 117 21 detsamma
384 1055 69 22 skulle
466 1056 54 21 böra
535 1055 82 22 afhälla
630 1062 30 13 nu
674 1055 129 21 församlade

79 1091 90 22 Ständer
184 1089 56 22 ifrän
255 1092 32 19 att
301 1089 57 28 gifva
372 1089 33 22 sin
416 1089 126 21 medverkan
550 1088 34 22 till
590 1088 103 21 stiftande
703 1087 23 22 af
734 1095 26 15 en
768 1089 35 28 lag

78 1133 35 14 om
137 1125 122 27 inteckning
283 1125 7 20 i
306 1124 120 28 jernvägar,
441 1123 56 22 helst
512 1123 35 21 det
560 1123 47 21 icke
622 1123 24 20 är
661 1122 96 29 omöjligt
771 1125 33 20 att

79 1159 71 21 dertill
167 1158 94 28 anknyta
277 1165 25 14 en
317 1158 132 27 underdänig
465 1157 99 22 anhållan
580 1163 35 14 om
628 1156 65 28 nådig
707 1157 97 27 proposi-

78 1193 46 22 tion
141 1192 33 21 till
188 1191 176 22 nästkommande
378 1191 110 28 landtdag,
503 1190 109 29 angäende
627 1197 26 14 en
667 1191 35 27 lag
717 1197 34 14 om
766 1191 37 20 vil-

78 1229 66 20 koren
158 1227 35 22 för
204 1227 126 27 jernvägars
344 1226 117 28 byggande.

134 1261 28 21 Vi
177 1267 51 15 anse
243 1260 61 21 äfven
319 1260 35 21 det
368 1260 81 27 förslag
463 1259 33 22 till
511 1258 123 27 förordning
648 1258 7 21 i
670 1259 76 25 ämnet,
757 1265 47 14 som

79 1295 62 28 ingår
154 1295 8 21 i
178 1295 40 21 den
232 1295 78 27 nådiga
325 1294 167 27 propositionen,
507 1293 73 21 kunna
593 1292 48 21 med
656 1292 57 21 vissa
719 1291 85 22 ändrin-

79 1337 39 19 gar
132 1329 73 26 läggas
220 1328 33 21 till
268 1328 69 27 grund
351 1327 34 21 för
400 1335 26 13 en
441 1327 67 22 sädan
521 1327 42 26 lag.

135 1361 108 22 Rubriken
258 1361 34 21 till
304 1361 63 27 lagen
381 1361 8 20 i
404 1362 70 20 ämnet
488 1362 34 19 tro
536 1360 21 21 vi
571 1360 72 20 kunna
654 1359 107 21 förenklas
770 1358 36 22 till

81 1397 124 25 Förordning
229 1395 103 26 angående
345 1395 112 26 inteckning
467 1396 11 23 i
490 1395 118 26 jernvägar,
623 1391 56 22 helst
693 1391 60 23 äfven
768 1399 35 14 ru-

80 1430 75 22 briken
169 1429 34 22 till
218 1428 40 22 den
273 1428 107 22 allmänna
394 1427 196 28 inteckningslagen
604 1427 24 22 af
640 1426 61 22 den
696 1422 14 38 9
713 1426 91 23 Novem-

80 1465 39 22 ber
142 1464 54 21 1868
217 1465 30 20 är:
262 1463 143 28 "Förordning
421 1470 34 14 om
469 1462 123 27 inteckning
605 1462 8 21 i
627 1461 43 22 fast
684 1461 119 28 egendom",

156 1505 72 22 Bihang
239 1504 30 17 till
281 1504 139 23 Lagutskottets
433 1502 115 19 betänkande
560 1502 34 18 N:o
607 1503 16 17 2.
