1031 1709
320 119 63 22 Ständ.
398 120 31 22 Sv.
446 132 24 4 —
487 120 53 28 Prop.
554 120 33 22 N:o
602 120 31 22 19.
783 120 26 20 17

268 182 59 26 ladt;
341 182 90 22 hvarvid
447 183 92 22 komiten
554 184 83 28 åligger
649 182 87 30 afgifva
739 182 108 28 fullstän-

268 217 48 27 digt
331 217 90 29 förslag
443 219 62 20 säväl
513 218 41 27 för
568 219 36 21 det
613 218 49 27 fall
676 220 34 19 att
718 217 128 27 framställ-

266 252 80 27 ningen
361 252 78 21 varder
452 253 71 27 gillad
537 260 45 14 som
590 252 43 28 för
644 254 88 20 motsatt
739 252 107 22 händelse.

267 285 102 23 Börande
387 286 93 22 komitön
494 287 37 21 hos
546 287 156 21 vederbörande
716 286 130 28 domkapitel

266 323 76 25 genast
356 322 89 20 anmäla
460 321 75 28 hvarje
550 321 60 28 dylik
618 321 178 28 framställning.

527 390 15 28 $
556 391 35 21 18.

323 430 44 22 Det
381 429 29 28 af
421 430 93 22 komiten
528 430 131 28 upprättade
668 430 90 28 förslag
772 430 74 21 insän-

267 464 35 22 des
326 465 35 21 till
379 466 138 26 guvernören,
539 472 45 14 som
610 464 100 28 deröfver
731 464 116 28 infordrar

266 499 117 28 yttranden
407 499 29 27 af
460 499 154 21 vederbörande
636 498 136 29 församling
794 499 53 21 eller

259 533 163 29 församlingar
445 534 37 20 och
506 534 111 27 löntagare
638 536 62 22 samt,
724 534 8 20 i
746 533 101 21 händelse

265 569 72 27 någon
349 568 127 28 presttjenst
490 568 58 21 inom
559 570 122 25 pastoratet
696 570 26 18 är
732 568 64 27 ledig,
811 567 35 27 äf-

265 609 38 15 ven
326 602 29 27 af
373 602 204 28 kontraktsprosten,
593 601 108 28 hvarefter
714 604 132 26 guvernören

264 637 110 21 meddelar
399 636 140 28 domkapitlet
567 636 25 21 de
616 636 8 20 i
645 636 65 21 saken
733 636 112 21 tillkomna

266 672 133 28 handlingar
421 674 55 18 samt
498 671 107 28 slutligen,
628 670 47 22 med
690 670 115 28 bifogande
821 670 29 28 af

266 706 150 28 domkapitlets
438 706 38 21 och
492 708 44 25 eget
550 705 113 22 utlåtande
679 705 9 21 i
702 706 95 26 ärendet,
812 704 33 28 öf-

265 741 119 21 verlemnar
410 740 118 22 detsamma
554 740 35 21 till
614 739 104 21 Senatens
737 739 109 28 pröfning

266 775 38 21 och
320 775 126 29 afgörande.

528 838 15 28 $
558 839 35 20 19.

330 878 149 29 Tillämpning
506 878 29 27 af
551 878 110 27 faststäld
691 878 156 27 lönereglering

270 914 56 22 skall
348 915 58 20 inom
428 913 76 27 hvarje
521 915 101 25 pastorat
637 912 88 28 vidtaga
740 912 36 21 vid
786 912 61 27 först

269 948 135 29 inträfande
430 948 80 28 ombyte
538 946 30 28 af
582 949 132 25 pastorateis
736 946 112 22 ordinarie

263 984 144 28 presterskap,
422 990 48 14 men
485 982 35 21 mä
536 982 38 20 ock
589 982 93 27 tidigare
688 982 97 25 inträda,
800 981 48 21 der-

266 1022 31 19 est
313 1019 136 27 församling
472 1017 38 21 och
530 1017 46 21 dess
587 1016 139 28 presterskap
742 1016 8 21 i
765 1016 83 21 önskan

266 1054 76 21 härom
363 1054 34 28 sig
411 1052 89 28 förena,
515 1052 52 21 eller
581 1050 36 22 vid
632 1050 134 28 inträffande
782 1050 65 28 ledig-

267 1089 34 21 het
316 1088 29 28 af
353 1088 128 28 presttjenst
497 1087 6 20 i
514 1085 108 29 pastorat,
637 1086 39 20 der
685 1085 59 27 flera
759 1085 89 21 ordina-

268 1124 32 20 rie
312 1126 84 25 prester
411 1124 38 19 äro
465 1121 108 27 anstälda,
581 1122 133 25 pastoratets
729 1120 118 28 inbyggare

264 1158 88 28 päyrka
377 1157 145 27 regleringens
547 1154 140 28 tillämpning
709 1154 38 21 och
768 1154 80 21 sådant

267 1195 55 19 utan
331 1191 162 28 förnärmande
507 1189 29 28 af
548 1189 34 21 det
597 1188 73 28 öfriga
678 1189 170 27 presterskapets

268 1230 46 19 rätt
328 1227 36 21 ske
378 1226 50 21 kan.

525 1288 15 26 $
553 1288 37 20 20.

329 1329 51 21 Har
401 1328 80 27 åtgärd
502 1328 9 19 i
532 1326 100 27 afseende
656 1326 15 20 &
694 1326 156 28 lönereglering

269 1364 58 20 inom
339 1364 101 26 pastorat
456 1360 71 27 blifvit
541 1360 107 27 vidtagen,
664 1365 47 14 men
726 1359 124 21 densamma

268 1398 46 20 icke
336 1397 76 21 hunnit
429 1394 135 28 fastställas,
587 1392 39 22 och
643 1392 41 21 har
698 1392 38 21 der
751 1394 97 27 uppstått

268 1432 92 28 ledighet
375 1431 28 27 af
416 1430 110 22 ordinarie
537 1428 133 28 presttjenst,
684 1427 36 21 mä
729 1427 41 21 den
778 1428 71 27 lediga

270 1468 92 26 tjensten
376 1465 140 21 äterbesättas
531 1463 38 21 och
580 1462 133 28 regleringen
729 1462 45 20 icke
785 1463 65 21 träda

748 1502 11 18 2
