1042 1700
335 130 63 22 Ständ.
414 131 30 21 Sv.
460 143 29 4 —
503 130 53 28 Prop.
571 130 33 22 N:o
618 130 33 21 20.
825 132 12 20 3

113 192 52 27 följd
180 192 60 22 deraf
252 192 61 22 äfven
328 192 103 28 förskjuta
444 193 148 27 kostnaderna,
607 193 77 27 hvilka,
699 193 7 21 i
720 193 101 22 händelse
836 194 33 22 de.

114 226 18 27 ej
163 226 91 27 utginge,
274 226 69 22 skulle
371 229 77 19 stanna
477 227 140 27 nyssberörda
638 227 101 21 samhälle
763 227 32 21 till
828 228 43 22 last

113 260 39 21 Att
175 260 67 21 denna
264 262 73 25 tunga,
360 266 46 16 som
426 261 68 21 under
514 260 123 22 missvextår
653 256 41 36 kan
707 256 68 36 blifva
789 262 82 26 ganska

114 294 54 26 svår,
184 294 53 20 skall
253 294 81 21 drabba
348 294 158 27 kommunerna,
521 295 72 21 kunna
607 294 118 22 Ständerna
739 294 34 22 för
787 295 32 21 sin
835 295 40 22 del:

114 328 18 27 ej
148 327 58 22 finna
220 328 75 27 billigt.

182 362 34 21 En
238 362 138 27 anmärkning
390 362 8 21 i
413 368 80 16 samma
512 362 53 28 syfte
582 362 62 22 hafva
664 363 120 21 Ständerna
799 364 72 20 ansett

114 396 31 27 sig
159 396 55 21 böra
228 398 52 25 göra
295 398 45 20 mot
356 396 25 22 de
396 396 130 27 stadganden
540 396 8 22 i
563 396 12 28 $
589 397 34 25 28,
639 397 64 27 enligt
717 397 72 21 hvilka
799 396 72 27 fattig-

113 430 171 26 vårdssamhälle,
307 436 46 15 som
371 430 86 27 åbragts
477 431 114 21 kostnader
610 430 33 21 för
666 437 107 20 personer,
790 431 26 21 de
831 431 40 21 der

114 463 106 22 oafbrutet
241 464 68 21 under
329 463 64 22 minst
414 463 42 22 fem
474 465 25 20 år
516 464 73 22 vistats
609 464 7 21 i
635 465 156 26 kejsaredömet
807 465 63 27 Ryss-

113 498 56 26 land,
193 498 51 21 eller
266 497 81 22 hvilkas
369 498 139 21 hemortsrätt
522 498 17 27 ej
556 498 81 21 kunnat
656 500 93 25 utrönas,
771 498 52 22 eller
836 498 35 22 för

114 532 84 27 sådane,
215 539 45 14 som
275 532 18 27 ej
310 534 36 20 äro
362 531 67 22 finske
446 532 143 27 medborgare,
605 533 68 20 skulle
687 532 57 22 blott
759 532 7 21 i
782 533 36 21 det
832 532 37 22 fall

113 565 73 22 härför
201 565 64 22 undfå
279 566 116 22 understöd
411 565 23 22 af
446 566 87 27 kronan,
544 568 33 20 att
586 566 112 22 samhället
707 573 51 15 vore
769 566 22 22 af
799 566 71 28 fattig-

113 600 52 21 vård
180 600 7 20 i
202 600 65 26 högre
290 600 52 27 grad
360 600 123 26 betungadt,
504 602 54 20 samt
578 600 59 22 detta
651 600 74 22 endast
740 600 8 22 i
763 601 40 21 den
818 607 51 15 mon

113 633 33 22 för
166 634 76 21 sådant
260 634 99 21 ändamål
377 634 101 26 anslagna
492 634 67 22 medel
574 634 97 21 lemnade
685 634 90 27 tillgång
791 634 78 27 dertill,

114 668 110 21 hvaremot
242 668 128 21 kommunen
385 668 7 20 i
408 674 68 15 annan
491 668 99 22 händelse
605 668 55 27 finge
675 668 116 22 vidkännas
807 669 63 21 dessa

114 702 92 27 utgifter.

182 736 39 21 Att
238 736 278 27 fattigvårdsförvaltningen
534 736 137 22 öfverhufvud
691 736 68 22 blifvit
773 736 97 22 kommu-

113 776 67 16 nerna
201 770 101 27 åhvälfdt,
324 770 98 22 härleder
444 770 36 27 sig,
504 770 65 27 enligt
589 770 129 22 Ständernas
735 770 70 28 tanke,
821 771 48 22 icke

114 804 64 27 deraf,
202 806 32 20 att
254 804 68 22 denna
341 804 153 27 angelägenhet
514 804 17 27 ej
552 810 50 15 vore
618 810 26 15 en
658 804 143 27 statsuppgift,
815 806 54 20 utan

114 838 61 22 deraf
188 840 32 20 att
235 839 121 21 densamma
375 838 48 21 bäst
438 838 39 21 och
492 838 197 27 ändamålsenligast
703 838 129 22 handhafves
847 838 24 22 af

114 873 62 21 dessa
197 872 81 22 mindre
300 872 118 22 samhällen
439 872 57 22 inom
515 874 75 20 staten.
622 873 65 21 Detta
705 872 66 22 motiv
791 873 78 21 saknar

114 907 54 21 dock
182 907 96 27 giltighet
292 906 8 22 i
315 906 97 22 afseende
428 908 12 20 å
456 906 139 28 nyssnämnda
605 906 46 28 slag
661 906 22 22 af
691 906 93 28 utgifter,
795 906 76 22 hvaraf

114 948 26 14 en
156 941 33 21 del
205 940 153 28 otvifvelaktigt
372 941 84 21 komme
471 943 32 19 att
516 940 149 23 företrädesvis
681 940 80 22 drabba
772 941 26 21 de
810 943 59 20 östra

113 976 110 21 trakterna
237 975 23 21 af
272 975 78 27 landet,
367 976 38 20 och
420 976 71 21 hvilka
505 975 114 22 kostnader
634 974 64 22 oftast
712 975 120 21 föranledas
847 975 24 21 af

112 1016 108 21 personer,
243 1010 25 21 de
288 1010 37 21 der
344 1009 68 27 aldrig
430 1010 91 27 bidragit
539 1009 32 22 till
589 1009 132 22 betäckande
737 1009 22 22 af
771 1010 98 21 kommu-

113 1050 51 15 nens
184 1050 156 21 gemensamma
359 1043 92 28 utgifter.
481 1044 112 28 Uttrycket
608 1050 49 19 ,,om
671 1044 37 21 det
723 1046 24 19 är
761 1043 23 22 af
797 1043 72 28 fattig-

112 1078 53 22 vård
187 1079 7 20 i
215 1078 66 27 högre
303 1078 53 27 grad
376 1078 138 27 betungadt*,
536 1084 61 21 synes
619 1078 119 21 Ständerna
760 1078 107 21 dessutom

113 1118 51 16 vara
182 1112 70 22 alltför
268 1112 120 22 obestämdt
403 1112 39 22 och
458 1113 68 21 såsom
541 1112 76 22 sådant
630 1112 72 21 kunna
717 1112 49 21 leda
780 1112 33 20 till
827 1111 42 21 för-

113 1147 125 26 vecklingar.

182 1181 31 20 På
235 1175 89 39 anförda
338 1181 49 29 skäl
407 1180 63 21 hafva
489 1181 118 21 Ständerna
624 1180 32 21 till
678 1181 4 20 1
699 1187 62 14 mom.
779 1179 45 28 af
816 1175 11 39 $
840 1180 27 20 26

112 1214 59 27 fogat
194 1216 31 19 ett
239 1214 73 27 tillägg
332 1213 22 22 af
371 1214 98 27 innehåll,
485 1217 31 19 att
529 1214 48 21 med
592 1214 155 21 hemsändande
763 1213 22 22 af
797 1213 71 27 fattig-

112 1249 51 27 hjon
186 1248 54 27 finge
262 1248 88 22 förfaras
373 1249 70 21 såsom
461 1248 103 26 hitintills,
583 1248 115 26 hvarjemte
715 1248 93 21 kronans
823 1249 44 20 rätt

112 1282 34 22 till
161 1282 117 27 ersättning
292 1282 33 21 för
340 1282 91 21 kostnad
448 1282 35 21 vid
499 1282 66 27 dylikt
579 1282 156 20 hemsändande
749 1280 68 22 blifvit
832 1287 36 20 ge-

112 1323 51 15 nom
186 1316 64 21 delvis
272 1316 115 21 förändrad
406 1316 111 21 redaktion
535 1315 23 22 af
570 1322 80 15 samma
664 1317 94 19 moment
772 1314 94 28 tydligen

113 1350 90 26 uttalad.
220 1349 107 21 äfvensom
342 1349 62 21 ordet
419 1366 11 8 ,,
432 1349 128 21 understöd"
575 1348 8 21 i
597 1348 12 28 8
624 1349 27 21 28
659 1348 82 27 utbytts
748 1350 45 19 mot
805 1348 62 21 ordet

114 1383 150 27 nersättning*,
274 1383 39 21 och
334 1382 66 27 öfriga
414 1383 7 20 i
435 1382 66 21 första
517 1384 116 19 momentet
653 1382 108 20 afsamma
767 1380 101 28 paragraf

114 1418 111 21 anmärkta
239 1417 85 27 uttryck
339 1416 113 22 uteslutits.

182 1452 11 21 I
212 1451 59 27 fråga
294 1458 34 15 om
346 1450 75 28 bidrag
440 1450 32 21 till
486 1450 139 28 fattigvården
639 1449 88 22 föreslås
741 1450 8 20 i
764 1449 11 27 $
791 1450 26 20 29
833 1450 33 20 att
