1045 1706
277 139 80 23 Ständ.
372 140 37 22 Sv.
425 152 26 3 —
466 140 71 28 Prop.
552 140 40 22 N:o
605 140 21 21 3.
773 140 25 20 17

150 206 55 20 nom,
221 202 32 20 att
267 201 43 21 den
323 201 85 27 utföres
428 202 4 20 i
450 208 75 15 annan
541 201 79 22 storlek
642 203 29 19 än
693 201 135 27 originalets,

150 234 53 20 eller
218 237 33 19 att
265 235 75 22 dertill
354 236 107 21 användes
477 236 100 22 material
591 235 30 27 af
635 237 68 19 annat
721 236 55 26 slag,
799 235 27 21 el-

151 269 32 21 ler
197 271 33 19 att
244 270 9 20 i
267 270 125 22 densamma
406 270 96 29 vidtages
518 270 133 28 oväsendtlig
666 269 96 28 ändring
776 269 52 21 eller

149 303 141 29 uteslutning,
306 305 52 21 eller
372 307 33 19 att
420 305 73 21 dertill
507 306 62 27 göres
586 304 143 28 oväsendtligt
744 304 83 27 tillägg.

217 338 40 22 Att
272 338 114 28 efterbilda
401 340 50 21 verk
469 340 30 27 af
517 340 114 22 tecknande
654 339 52 21 eller
727 338 101 22 målande

149 372 62 22 konst
225 380 76 21 genom
312 374 96 28 plastisk
423 375 67 27 konst,
505 374 52 22 eller
567 376 57 20 tvärt
634 381 39 19 om,
688 380 51 15 vare
752 374 20 27 ej
776 372 52 28 för-

150 408 80 27 bjudet.

174 448 3 4 :
456 438 15 27 $
485 439 34 20 1.

160 493 10 3 >
218 470 50 22 Har
283 472 72 27 någon
370 474 55 18 utan
440 472 130 28 beställning
586 471 29 28 af
625 478 74 14 annan
713 470 72 28 utfört
790 470 38 28 fo-

150 505 105 28 tografisk
270 505 126 29 afbildning
412 506 54 27 efter
485 509 101 24 naturen,
605 506 53 21 eller
674 512 74 22 genom
767 505 59 27 foto-

148 539 58 28 grafi
222 540 113 28 återgifvit
350 540 117 26 konstverk,
483 540 63 22 hvars
561 540 157 28 efterbildande
733 542 27 19 är
774 540 54 21 hvar

149 574 39 21 och
203 581 26 14 en
244 575 85 26 tillåtet,
344 575 36 21 må
396 576 41 20 den
451 575 127 28 afbildning
593 575 70 21 under
673 575 49 27 fem
736 576 38 20 års
796 574 32 22 tid

148 609 47 21 icke
209 608 31 28 af
251 616 75 14 annan
338 610 32 27 på
381 609 135 28 fotografisk
530 612 40 26 väg
588 610 35 21 till
636 609 140 29 försäljning
795 608 33 28 ef-

150 646 103 25 tergöras,
269 644 95 28 såframt
374 644 131 28 fotografen
517 644 82 28 försett
613 644 74 28 hvarje
707 644 69 27 deraf
792 646 36 19 ut-

148 678 68 28 gifvet
231 679 108 27 exemplar
354 679 46 21 med
415 680 38 20 sitt
468 686 66 14 namn
549 679 39 22 och
603 679 35 21 det
653 679 66 26 årtal,
737 678 28 22 dä
775 678 53 28 för-

148 715 35 19 sta
197 712 155 28 afbildningen
366 716 53 26 togs.

216 742 34 26 Är
260 748 135 27 fotografisk
410 748 127 28 afbildning
553 748 75 26 utförd
645 748 31 27 på
697 748 130 28 beställning

149 782 31 26 af
190 788 81 19 annan,
287 789 50 14 vare
352 782 134 22 densammas
501 782 195 28 mångfaldigande
707 782 41 28 för
758 784 69 19 annat

149 816 104 22 ändamål
268 817 20 27 ej
302 816 80 22 tillåtet
396 819 53 19 utan
464 817 105 28 samtycke
584 816 29 26 af
623 817 46 25 den,
685 823 45 15 som
741 816 85 22 beställ-

149 851 80 28 ningen
243 851 81 27 gjorde.

455 887 16 27 $
486 887 33 20 18.

219 920 75 21 Såsom
309 920 65 27 olaga
388 920 154 28 efterbildning
557 927 62 15 anses
633 920 56 22 icke:

216 956 33 20 1:o
264 954 156 29 efterbildning
436 955 30 27 af
476 955 119 26 konstverk,
610 962 45 14 som
667 955 76 22 tillhör
754 958 71 19 staten

148 989 53 21 eller
215 990 83 20 allmän
313 989 101 28 samling,
430 990 51 20 eller
496 991 27 19 är
537 989 91 22 utstäldt
639 990 32 26 på
681 991 69 26 öppen
757 990 69 27 plats;

215 1026 34 19 2:0
271 1023 124 22 konstverks
416 1023 128 27 afbildande
561 1025 9 20 i
584 1024 160 28 vetenskapliga
765 1024 60 20 arbe-

148 1060 35 18 ten
198 1058 37 21 och
250 1058 134 25 läroböcker;

215 1093 34 20 3:0
264 1092 123 21 konstverks
405 1092 138 28 begagnande
561 1093 30 27 af
608 1091 157 22 handtverkare
787 1092 37 21 och

143 1126 141 27 fabrikanter
298 1127 71 20 såsom
380 1126 122 27 förebilder
517 1127 34 20 vid
571 1126 136 29 tillverkning
726 1126 30 27 af
774 1126 50 21 hus-

147 1161 67 27 geråd
230 1161 38 21 och
283 1161 72 21 andra
371 1161 35 21 till
415 1161 149 28 förbrukning
579 1161 92 21 ämnade
687 1167 64 15 varor
772 1161 51 21 eller

148 1196 35 20 till
194 1195 128 28 prydnader
338 1196 58 25 derå,
412 1198 56 19 samt

214 1231 33 21 4:0
263 1229 123 22 konstverks
401 1230 154 27 efterbildning
569 1229 29 28 af
615 1230 68 21 elever
697 1229 42 28 för
760 1231 62 20 deras

147 1264 90 21 studier.

441 1310 14 22 4
469 1309 56 30 Kap.

209 1357 39 22 Om
264 1363 73 16 ansvar
351 1358 34 21 för
400 1357 116 27 eftertryck
531 1357 39 21 och
585 1357 33 21 för
634 1356 124 22 konstverks

404 1398 157 21 efterbildande.

450 1445 16 28 $
481 1445 34 21 19.

214 1479 62 22 Hvar
290 1486 50 19 som,
356 1479 47 22 med
422 1479 89 28 intrång
527 1479 8 20 i
549 1485 84 16 annans
651 1478 169 28 utgifningsrätt

739 1518 13 18 2
