1025 1700
307 138 2 2 —
326 136 109 26 Ständ?Nv,
453 152 23 5 —
491 140 59 28 Prop,
559 140 39 22 N:o
609 140 30 21 AL.
799 140 27 22 29

104 203 16 21 6
135 203 101 22 Februari
256 204 61 26 1865,
337 204 51 21 icke
402 203 68 22 blefve
484 203 23 21 af
519 202 82 22 Eders
611 202 153 27 Kejserliga
779 202 76 28 Maje-

103 238 58 26 stät
175 237 7 21 i
197 238 65 21 nåder
282 235 132 29 stadfästädt,
433 237 92 21 beslutat
539 236 55 27 gifva
609 237 12 21 5
636 242 62 16 mom.
715 236 23 21 af
750 237 12 21 5
778 236 12 28 $
804 236 8 21 i
826 243 29 14 nu

102 269 161 33 ifrågavarande
278 271 123 27 förordning
415 270 91 28 följande
520 270 89 28 lydelse:

326 333 256 27 Entreprenadsumman,
601 332 38 20 der
653 332 71 20 sådan
739 332 93 20 kommer
846 332 9 20 i

263 367 79 27 fråga,
361 367 106 27 uppbäres
486 366 29 27 af
526 366 157 27 Kronofogden
698 365 55 27 efter
767 365 29 27 af
807 366 47 20 Hä-

269 400 175 27 radsskrifvaren
467 401 108 21 verkstäld
595 400 130 27 fördelning
752 400 68 27 deraf
841 401 13 19 å

269 436 46 20 alla
330 435 54 26 dem,
397 442 43 14 som
451 436 9 19 i
469 434 229 28 skjutsningsbesväret
706 435 59 20 inom
775 433 79 28 skjuts-

270 470 57 27 laget
341 470 93 27 deltaga.

171 515 78 22 Vidare
269 515 20 22 få
305 515 119 22 Ständerna
438 515 8 20 i
460 514 167 27 underdånighet
641 514 89 27 anmäla,
746 516 32 19 att
793 514 61 21 Stän-

101 549 69 22 derna
181 549 78 27 jemväl
273 549 87 21 beslutit

324 597 33 19 att
372 595 34 20 det
418 595 9 20 i
438 595 40 20 den
488 594 81 27 nådiga
576 594 164 26 propositionen
748 594 105 27 ingående

261 629 91 27 förslag
367 629 34 20 till
411 628 134 27 förordning
561 634 33 14 om
609 627 153 27 upphäfvande
777 627 29 27 af
812 628 41 20 den

266 664 91 20 säterier
377 665 57 19 samt
452 663 36 20 rå-
507 662 37 21 och
559 662 146 20 rörshemman
721 661 131 21 tillerkända

267 697 99 26 befrielse
378 696 59 28 från
456 697 56 21 håll-
527 696 37 21 och
583 696 195 27 reservskjutsning
797 698 56 18 samt

265 731 235 28 gästgifveribyggnad,
510 730 29 28 af
546 730 81 28 anförd
637 730 124 28 anledning,
772 730 80 21 komme

329 768 8 4 N
606 754 7 15 '

267 769 32 19 att
308 766 112 27 förfalla;

98 796 58 20 samt

323 826 33 17 att
372 824 33 20 till
419 823 69 21 Eders
504 822 124 28 Kejserliga
641 822 105 26 Majestät
756 822 8 20 i
774 822 77 20 under-

265 857 104 27 dänighet
390 856 137 27 öfverlemna,
550 859 33 18 att
601 856 115 20 bestämma
736 856 58 20 tiden
809 858 43 18 när

265 892 41 20 den
329 890 110 28 Dblifvande
456 890 161 28 förordningen
637 890 37 20 bör
690 890 64 20 träda
769 890 9 20 i
792 890 58 20 verk-

264 925 88 21 samhet.

169 988 117 21 Ständerna
308 987 62 21 hafva
392 987 98 27 slutligen
510 987 44 21 icke
569 987 80 21 kunnat
665 986 69 27 undgä
749 988 32 20 att
796 986 54 22 fästa

97 1020 35 22 sin
146 1022 185 26 uppmärksamhet
346 1022 35 21 vid
396 1028 25 15 en
437 1022 91 27 antydan
539 1022 7 20 i
557 1022 39 20 den
606 1021 76 27 nädiga
692 1020 157 28 propositionen

98 1055 80 27 derom,
201 1057 32 20 att
252 1056 105 27 ätskilliga
375 1056 22 22 af
410 1056 25 21 de
450 1056 7 20 i
473 1056 39 21 den
526 1056 105 21 blifvande
646 1054 154 28 författningen,
816 1057 33 19 rö-

98 1090 66 21 rande
179 1090 187 27 skjutshällningen
382 1090 39 22 och
436 1090 175 27 gästgifverierna,
627 1089 102 27 ingäende
744 1089 105 21 föreskrif-

96 1124 35 21 ter
150 1124 67 22 skulle
235 1124 72 22 kunna
325 1125 83 26 ändras,
429 1127 50 19 utan
495 1124 126 21 Ständernas
636 1123 132 22 medverkan.
799 1123 50 21 Med

96 1158 114 27 anledning
233 1159 22 21 af
273 1165 26 15 en
323 1159 8 20 i
352 1159 77 26 nädiga
448 1159 156 26 propositionen
623 1158 8 20 i
645 1158 80 21 samma
740 1160 60 19 ämne
816 1158 32 21 till

98 1192 55 21 1867
181 1193 34 21 års
241 1193 101 26 landtdag
366 1192 169 22 förekommande
558 1192 109 21 enahanda
690 1192 98 27 antydan,
812 1198 36 15 an-

94 1225 62 22 förde
178 1226 118 22 Ständerna
310 1227 8 20 i
333 1227 36 21 sitt
390 1226 142 27 underdäniga
552 1233 53 19 svar,
626 1227 32 20 att
672 1225 55 22 både
744 1227 54 20 1734
813 1227 34 20 års

94 1259 211 28 gästgifveriordning
321 1261 39 21 och
374 1261 75 26 Kongl.
466 1260 151 27 Förklaringen
632 1259 22 22 of
667 1260 40 21 den
724 1261 24 19 11
760 1261 87 20 Decem-

95 1292 39 23 ber
150 1295 61 25 1766,
227 1300 45 16 som
287 1294 105 22 innehålla
408 1294 26 22 de
448 1301 29 14 nu
492 1294 95 27 gällande
603 1293 193 27 hufvudsakligaste
812 1294 35 20 be-

94 1328 159 26 stämningarna
268 1335 34 14 om
317 1328 128 26 gästgifveri-
460 1328 40 20 och
514 1328 192 25 skjutshållningen,
725 1328 121 20 tillkommit

93 1367 77 21 genom
193 1361 127 21 medverkan
335 1361 23 21 af
370 1362 81 25 Regent
474 1361 39 21 och
531 1361 94 25 Ständer,
645 1362 54 19 samt
714 1362 32 19 att
761 1360 7 21 i
782 1362 20 24 4,
818 1361 26 21 25

95 1394 41 22 och
151 1395 26 22 28
192 1395 47 27 kap.
256 1395 23 21 B.
296 1396 23 20 B.
336 1394 23 22 af
373 1395 55 21 1734
443 1396 33 20 års
490 1394 34 27 lag
539 1394 106 22 dessutom
655 1393 130 23 förekomme
794 1394 51 22 flere

94 1428 9 22 i
117 1428 105 28 förslagen
237 1429 44 21 dels
296 1428 109 28 återgifna,
422 1429 44 21 dels
482 1428 91 22 ändrade
583 1428 135 27 stadganden,
730 1428 115 28 hvarjemte

94 1462 62 23 äfven
172 1463 65 27 öfriga
251 1464 8 20 i
274 1464 64 26 sagda
352 1463 78 27 förslag
439 1463 85 27 intagna
533 1462 163 28 bestämningar,
708 1463 46 21 med
765 1463 79 21 undan-
