1048 1698
321 124 28 20 U.
362 124 31 19 B.
407 134 22 4 —
443 125 80 23 Frop.
537 125 46 17 N:o
597 124 23 18 6.
785 126 27 20 17

96 190 172 22 socknemännens
285 191 141 27 obenägenhet
441 191 32 21 att
490 190 104 27 medgifva
614 190 88 27 ändring
722 190 48 21 eller
789 197 53 21 upp-

96 225 101 22 häfvande
217 226 23 21 af
255 226 201 21 knektekontrakten.
491 226 10 20 TI
519 225 52 27 följd
591 225 61 21 häraf
671 226 79 21 komme
770 225 72 22 ofvan-

98 261 112 27 åberopade
226 261 126 27 slutmening
367 261 32 21 att
414 260 97 22 bortfalla
526 262 54 20 samt
595 260 65 21 likaså
670 260 123 28 stadgandet
808 267 34 15 om

99 296 113 28 Styrelsens
228 297 42 21 rätt
290 297 33 20 till
346 296 118 21 utsättande
491 296 22 21 af
531 296 56 21 tiden
609 296 31 21 för
660 296 123 21 storskiftets
805 296 37 21 och

98 332 191 28 skattläggningens
305 331 132 28 företagande
457 332 38 20 och
513 331 159 28 genomförande
688 332 31 20 att
734 338 24 14 ur
777 331 30 21 ett
823 331 23 22 af

99 367 24 21 de
140 373 70 15 senare
225 367 118 21 momenten
359 366 105 22 uteslutas.

169 403 31 20 Pä
214 402 177 28 hufvudsakligast
407 401 106 22 enahanda
524 402 44 21 skäl
578 402 36 21 har
628 402 77 27 jemväl
720 402 124 28 stadgandet

98 439 8 21 i
121 438 75 28 nådiga
212 438 151 27 propositionen
383 444 33 15 om
435 438 142 21 rubelräntans
588 437 132 29 nedsättning
730 439 31 20 för
771 438 71 27 lägen-

98 473 202 22 hetsinnehafvarene
320 473 7 21 i
346 473 118 22 Kemiträsk
483 474 73 21 socken
578 473 35 22 vid
630 473 103 22 blifvande
753 473 90 22 definitiv

98 509 156 28 skattläggning
269 509 132 22 oförändradt
416 509 122 22 bibehållits.

169 545 49 21 Med
240 545 95 22 afseende
354 545 12 21 &
385 545 38 22 den
446 545 122 21 vintertiden
592 545 95 22 stundom
711 545 131 22 förefallande

98 581 177 27 nödvändigheten
296 581 31 21 att
343 581 50 21 fälla
413 580 98 28 gärtallar
532 581 37 21 och
590 581 106 21 nödvuxna
716 587 76 22 granar
812 581 31 21 för

98 616 102 21 vinnande
215 616 22 21 af
253 615 97 28 skägglaf
366 616 33 21 till
417 615 47 22 föda
482 616 31 21 för
534 616 114 27 rendjuren,
670 616 26 21 dä
716 616 104 21 renlafven
836 616 7 21 i

98 652 51 27 följd
165 651 22 22 af
206 651 243 22 väderleksförhällanden
469 651 17 28 ej
508 654 22 19 är
552 651 105 28 åtkomlig,
678 652 89 27 föreslog
788 658 54 15 sam-

99 687 105 21 mansatta
220 687 67 21 Stats-
304 687 38 21 och
358 687 201 21 Ekonomiutskottet
577 687 34 21 vid
629 687 92 22 sistlidne
737 687 105 28 landtdag,

99 723 67 22 säsom
183 723 59 21 ofvan
258 723 85 25 anförts,
361 723 30 21 att
407 723 139 28 inbyggarene
562 723 62 21 borde
635 723 113 21 bibehällas
763 723 34 21 vid
812 723 31 21 sin

98 759 42 20 rätt
156 758 32 21 till
207 758 83 21 renbete
309 759 56 20 inom
386 758 158 27 kronojordarna
567 758 39 27 "på
626 758 55 21 förut
702 758 57 28 öfligt
778 759 64 24 sätt;*

99 795 38 20 och
152 794 37 21 har
209 794 58 21 äfven
288 801 27 14 nu
334 794 56 21 inom
409 794 57 21 detta
481 794 85 21 Utskott
583 794 66 21 röster
667 794 53 27 höjts
739 794 31 21 för
789 794 55 21 inta-

99 829 66 28 gande
182 829 22 22 af
218 829 106 22 enahanda
341 829 137 28 bestämning.
510 829 48 22 Men
578 829 84 22 emedan
678 829 88 22 flertalet
782 829 62 22 bland

99 865 116 21 Utskottets
231 865 140 25 medlemmar,
391 865 7 21 i
413 864 135 28 öfvertygelse
564 865 32 21 att
614 865 154 28 befolkningens
784 865 63 21 behof

99 901 31 21 uti
146 900 131 22 förevarande
292 900 114 21 hänseende
423 900 16 27 ej
457 900 56 21 skola
523 901 79 21 lemnas
613 901 50 21 utan
676 901 100 26 afseende,
793 901 52 21 trott

100 936 34 21 det
150 936 50 21 böra
219 936 21 21 åt
258 936 191 21 administrationen
466 936 135 21 öfverlemnas
622 936 31 21 att
671 936 71 22 bärom
761 936 84 28 vidtaga

100 971 225 27 detaljbestämmelser,
341 971 37 21 har
393 971 65 28 något
472 971 76 28 tillägg
563 972 7 20 i
581 971 73 28 antydt
664 972 52 27 syfte
733 972 17 27 ej
768 972 76 21 ansetts

100 1013 48 15 vara
164 1006 23 22 af
200 1007 72 21 nöden.

170 1042 62 22 Hvad
247 1042 115 22 sedermera
378 1042 125 22 vidkommer
519 1044 25 20 de
559 1043 80 21 mindre
654 1043 124 28 lägenheter,
800 1050 45 15 som

100 1078 83 22 komma
204 1078 31 21 att
255 1078 64 21 blifva
341 1078 56 21 inom
419 1078 173 22 kronomarkerna
614 1079 92 27 belägna,
731 1086 47 14 men
801 1080 44 20 icke

100 1114 68 21 kunna
183 1114 33 21 till
232 1114 109 28 nybyggen
356 1114 48 21 med
419 1114 98 22 framtida
535 1114 87 22 bestånd
642 1114 71 27 bildas,
736 1117 22 19 är
774 1115 70 21 natur-

100 1150 40 27 ligt
159 1150 36 25 att,
218 1150 26 26 på
264 1150 42 20 sätt
326 1149 75 27 nådiga
421 1149 152 27 propositionen
593 1150 118 26 innehåller,
734 1150 110 26 desamma,

101 1185 51 22 efter
167 1184 122 28 föregående
305 1185 97 27 pröfning
421 1184 22 22 af
460 1184 57 22 deras
536 1185 94 28 förmåga
650 1186 31 20 att
700 1186 74 27 utgöra
789 1185 56 27 sjelf-

101 1220 109 22 bestående
225 1220 124 27 lägenheter,
370 1220 57 21 skola
442 1220 97 27 antingen
558 1220 112 21 bibehållas
688 1220 67 22 såsom
770 1221 76 21 krono-

101 1256 106 28 skogstorp
229 1256 54 25 eller,
306 1255 66 21 derest
393 1255 24 21 de
436 1255 51 21 efter
507 1255 77 28 antydd
605 1256 66 27 grund
690 1256 44 21 icke
755 1256 92 21 befinnas

102 1291 68 22 dertill
187 1291 105 28 lämpliga,
314 1290 105 28 fråntagas
440 1291 44 21 sina
504 1291 137 26 innehafvare,
662 1291 69 22 hvilka
752 1291 25 21 då
797 1292 50 21 böra

101 1327 63 21 undfå
187 1326 39 21 full
248 1325 115 28 ersättning
386 1326 31 20 för
441 1325 91 28 odlings-
560 1327 38 20 och
624 1326 221 28 byggnadskostnader.

103 1361 131 22 Sistnämnda
254 1360 73 27 åtgärd
347 1363 22 18 är
391 1361 116 27 nödvändig
528 1361 30 20 för
580 1361 30 20 att
632 1360 129 28 småningom
782 1361 65 21 befria

101 1397 172 21 kronomarkerna
288 1395 46 22 från
350 1395 184 28 backstugusittare
550 1396 50 21 utan
616 1395 40 22 fast
671 1395 79 29 näring,
770 1396 76 27 hvilka,

102 1439 34 15 om
153 1432 24 21 de
193 1434 32 24 än,
242 1431 66 22 såsom
325 1432 82 27 upplyst
422 1431 73 27 blifvit,
512 1432 34 21 vid
562 1431 124 22 närvarande
697 1431 96 28 tidpunkt
803 1433 45 21 icke

102 1469 58 22 torde
176 1475 49 15 vara
239 1468 82 28 begifne
337 1468 27 27 på
379 1468 181 28 skogsafverkning
579 1468 32 21 till
630 1468 71 27 afsalu,
722 1469 102 21 sannolikt
839 1469 8 21 i

168 1517 128 16 Sammansatta
309 1515 46 23 Lag-
368 1516 29 17 och
410 1515 174 19 Ekonomiutskottets
596 1516 106 17 betänkande
715 1515 35 18 N:o
764 1516 18 18 5.

705 1551 11 18 2
