1034 1714
296 138 31 22 U.
343 138 33 21 B.
392 150 26 2 —
434 138 85 26 Prop.
536 138 46 22 N:o
598 139 28 21 3.
777 138 26 20 13

89 208 31 20 sta
135 206 81 28 stycket
231 208 78 21 utsatta
323 206 136 29 skyddstiden
473 206 24 23 af
508 207 43 22 fem
566 207 23 22 år
603 207 63 22 borde
681 206 102 23 förkortas
798 206 33 23 till

88 242 32 20 tre
139 239 29 27 år,
184 240 39 21 och
238 240 44 22 dels
297 243 31 20 att
342 240 229 30 öfversättningsrätten
586 241 63 22 borde
663 240 94 28 frigifvas
772 243 58 19 utom

89 274 7 20 i
112 274 35 21 det
166 274 42 25 fall,
229 282 44 14 som
288 274 8 21 i
310 270 64 26 andra
394 276 81 26 stycket
490 275 137 25 omförmäles,
643 274 106 29 nemligen
764 274 26 22 då
805 282 25 14 en

88 307 62 21 skrift
169 308 107 28 samtidigt
290 309 113 21 utkommit
418 308 26 28 på
459 310 49 20 flera
523 309 68 29 språk.
621 309 86 21 Jemväl
721 309 38 21 har
773 308 57 22 inom

89 342 108 22 Utskottet
218 342 77 28 yrkats,
316 344 31 20 att
366 343 82 21 skilnad
467 343 63 21 borde
545 347 60 24 göras
621 343 88 21 emellan
725 342 106 22 öfversätt-

88 376 51 28 ning
157 375 47 22 från
223 376 107 22 inhemskt
349 376 32 22 till
400 376 108 23 utländskt
523 377 61 29 språk
599 377 39 22 och
652 378 96 25 tvärtom,
764 376 13 22 å
792 384 39 14 ena

88 410 65 25 sidan,
174 412 54 20 samt
246 410 150 30 öfversättning
410 410 46 22 från
472 412 34 21 det
522 419 39 14 ena
575 411 33 22 till
623 411 35 22 det
673 411 64 21 andra
751 411 80 21 inhem-

88 445 37 21 ska
145 445 89 28 språket,
250 445 13 22 å
278 445 64 22 andra
360 445 64 27 sidan,
441 446 22 22 så
478 448 30 20 att
522 446 8 21 i
545 454 71 14 senare
631 445 59 23 fallet
704 446 126 28 rättigheten

88 481 30 20 att
140 479 112 22 öfversätta
272 488 25 13 en
317 479 62 22 skrift
398 480 67 22 skulle
485 480 118 29 inbegripas
617 480 68 22 under
699 479 131 23 författarens

88 514 38 21 och
148 514 52 21 hans
222 514 201 28 sterbhusdelegares
445 514 161 29 utgifningsrätt.
641 514 34 22 Af
694 514 59 22 dessa
775 514 55 22 olika

87 547 76 29 åsigter
184 549 38 20 har
241 549 118 21 Utskottets
379 549 107 28 pluralitet
504 549 97 22 omfattat
616 549 46 22 den,
679 551 30 20 att
724 549 107 21 öfversätt-

87 582 129 28 ningsrätten
231 583 37 20 bör
282 582 32 22 stå
330 591 26 12 en
370 583 52 21 hvar
438 587 66 24 öppen
520 585 58 20 utom
592 582 8 21 i
615 583 35 20 det
665 582 42 26 fall,
724 590 44 13 som
778 582 8 21 i
796 590 34 13 an-

89 615 36 22 dra
148 616 82 28 stycket
247 616 23 21 af
283 618 13 20 6
312 617 13 26 &
340 621 92 22 nämnes,
448 617 8 20 i
471 617 82 22 hvilket
571 616 38 21 fall
628 618 30 20 ett
673 616 12 21 &
699 617 50 20 flere
768 615 62 30 språk

87 650 106 29 samtidigt
214 651 119 22 utkommet
352 651 69 22 arbete
442 651 64 29 enligt
525 650 144 29 pluralitetens
684 651 63 21 tanke
763 655 23 17 är
799 652 31 21 att

87 693 60 14 anses
162 685 44 22 lika
220 685 48 22 med
283 687 30 20 ett
328 685 158 29 originalarbete
500 685 13 22 &
527 685 73 29 hvarje
615 685 23 22 af
651 685 59 22 dessa
724 685 68 28 språk.
818 685 12 21 I

86 720 65 21 andra
165 719 38 22 fall
217 720 93 22 deremot
325 727 62 21 synes
401 720 35 21 det
445 719 12 22 å
468 727 26 14 en
504 719 151 30 öfversättning
664 719 102 29 nedlagda
776 719 53 29 sjelf-

87 754 95 29 ständiga
201 756 53 20 samt
268 754 27 29 på
309 754 64 29 insigt
388 754 7 21 i
410 756 70 20 ämnet
495 755 39 21 och
549 754 8 21 i
572 753 93 30 språkets
680 754 127 28 behandling
822 754 8 21 i

87 788 61 22 skrift
170 789 106 28 grundade
299 789 79 22 arbetet
397 789 101 28 berättiga
517 789 150 22 öfversättaren
682 791 30 20 att
727 788 21 22 få
762 789 67 22 såsom

87 823 32 22 sin
138 822 61 23 skrift
214 822 80 30 utgifva
309 823 119 26 detsamma,
445 831 48 14 men
507 823 147 22 företrädesvis
668 823 39 22 har
721 823 108 22 Utskottet

86 858 7 21 i
108 857 58 28 fråga
185 865 34 14 om
238 857 230 29 öfversättningsrätten
487 860 50 20 trott
555 858 31 29 sig
600 858 49 21 böra
663 857 54 23 fästa
731 857 97 22 afseende

87 891 35 22 vid
141 891 40 22 den
196 891 110 22 inhemska
320 892 110 21 kulturens
445 892 109 29 oafvisliga
568 891 64 22 behof
646 891 63 27 deraf,
725 893 30 20 att
770 891 59 22 skrif-

87 928 31 19 ter
133 925 12 22 å
160 925 130 22 främmande
309 925 62 30 språk
390 926 59 21 skola
468 926 137 22 obehindradt
620 926 72 21 kunna
707 925 122 23 öfversättas

86 960 33 21 till
139 959 25 22 de
180 959 110 22 inhemska
304 959 96 30 språken,
416 960 38 21 och
469 962 31 20 att
514 960 73 28 hvarje
601 959 82 27 hinder,
699 967 44 15 som
758 968 49 13 man
822 960 7 21 i

87 994 57 22 detta
165 993 97 23 afseende
282 994 71 22 kunde
373 993 51 30 vilja
438 995 109 29 uppställa,
564 1002 49 14 vore
628 996 30 20 att
673 995 111 21 betecknas
799 994 30 23 så-

87 1036 44 14 som
146 1029 124 21 hämmande
286 1028 32 22 för
332 1030 91 21 nämnda
437 1029 83 23 kulturs
534 1029 101 28 framsteg
649 1030 39 21 och
703 1029 87 22 sålunda
799 1030 30 22 så-

87 1071 44 13 som
147 1070 27 14 en
188 1063 82 29 verklig
284 1064 74 28 olycka
372 1063 33 22 för
419 1064 76 22 landet.
525 1064 72 22 Jemte
613 1064 34 21 det
662 1064 108 22 Utskottet
785 1064 43 22 der-

86 1097 44 21 före
145 1098 51 21 trott
210 1097 31 29 sig
256 1098 49 21 böra
319 1097 81 27 föreslå,
417 1100 30 20 att
462 1098 127 28 rättigheten
603 1098 34 22 till
647 1097 151 29 öfversättning
808 1097 23 22 af

85 1131 113 22 utländska
212 1132 86 22 arbeten
312 1132 33 21 till
354 1132 111 22 hvartdera
475 1131 23 23 af
506 1132 25 21 de
542 1132 109 21 inhemska
661 1131 89 29 språken
761 1132 67 22 skulle

86 1165 115 29 medgifvas
222 1174 25 13 en
264 1166 58 26 hvar,
338 1166 38 22 har
391 1166 113 26 Utskottet,
521 1174 44 14 som
581 1174 60 14 anser
655 1166 122 28 fullständig
791 1166 38 22 lik-

86 1200 106 28 ställighet
206 1200 8 20 i
228 1200 98 21 afseende
341 1200 12 21 å
368 1200 229 28 öfversättningsrätten
618 1201 50 20 böra
687 1200 96 28 erbjudas
803 1201 26 21 de

86 1232 128 23 främmande
238 1234 150 26 skriftställare,
408 1234 22 22 åt
449 1234 83 22 hvilkas
547 1235 85 21 arbeten
647 1234 68 28 skydd
731 1236 56 20 emot
801 1234 28 21 ef-

85 1268 93 28 tertryck
192 1268 71 21 kunde
278 1268 85 22 komma
378 1270 30 20 att
422 1276 74 21 genom
506 1268 83 28 fördrag
599 1268 115 28 medgifvas
725 1268 26 28 på
760 1268 68 29 grund

86 1301 23 22 af
126 1301 122 28 stadgandet
262 1302 7 21 i
284 1302 41 22 den
344 1302 75 28 nådiga
434 1302 165 30 propositionens
615 1303 27 21 36
658 1303 19 25 8,
693 1302 62 22 hvars
771 1302 57 22 inne-

84 1335 44 21 håll
149 1336 109 21 Utskottet
280 1336 106 27 återgifvit
400 1336 8 20 i
423 1338 27 19 32
466 1338 13 24 &
499 1336 23 22 af
539 1337 36 21 sitt
594 1336 81 27 förslag,
692 1336 8 20 i
715 1336 112 28 anledning

85 1368 61 22 häraf
164 1368 18 28 ej
197 1369 67 21 heller
278 1369 81 21 kunnat
373 1370 70 27 undgå
458 1372 30 19 att
502 1370 83 21 förorda
599 1369 128 21 obehindrad
742 1371 41 20 rätt
797 1371 31 19 att

84 1402 33 22 till
136 1402 35 22 det
189 1410 39 14 ena
243 1402 23 22 af
279 1403 25 21 de
319 1402 110 22 inhemska
444 1403 89 28 språken
549 1403 112 22 öfversätta
675 1403 91 25 arbeten,
783 1410 44 14 som

84 1441 35 17 äro
135 1436 81 29 utgifna
230 1436 12 22 å
257 1436 35 22 det
306 1436 69 27 andra,
392 1436 22 22 så
429 1436 63 23 framt
504 1437 47 22 icke
562 1436 150 29 öfversättning
722 1437 64 21 redan
795 1439 31 21 ut-

151 1476 137 24 Lagutskottets
301 1476 111 19 betänkande
424 1483 30 12 n:o
466 1478 17 17 8.
